{"gold_per_floor":[114,114,114,264,28,28,59,59,82,2,2,45,59,75,75,171,171,184,202,27,27,45,45,78,78,104,19,33,74,93,137,137,235,235,255,530,549,569,569,569,72,72,72,72,72,72,112,136,136,136,136,136,136,136,179,179],"floor_reached":57,"playtime":2808,"items_purged":["Doubt","Strike_B","Regret"],"score":2938,"play_id":"85a7dff4-4eb5-4995-8c84-78200463e372","local_time":"20190313010658","is_ascension_mode":true,"campfire_choices":[{"data":"Consume","floor":6,"key":"SMITH"},{"data":"Zap","floor":8,"key":"SMITH"},{"data":"Hologram","floor":15,"key":"SMITH"},{"data":"Electrodynamics","floor":23,"key":"SMITH"},{"floor":25,"key":"REST"},{"floor":32,"key":"REST"},{"floor":40,"key":"REST"},{"data":"Coolheaded","floor":42,"key":"SMITH"},{"floor":44,"key":"REST"},{"floor":49,"key":"RECALL"},{"data":"Glacier","floor":53,"key":"SMITH"}],"neow_cost":"NONE","seed_source_timestamp":310343437789900,"circlet_count":0,"master_deck":["AscendersBane","Strike_B","Defend_B","Defend_B","Defend_B","Defend_B","Zap+1","Dualcast","Consume+1","Coolheaded+1","Core Surge","FTL+1","Hologram+1","Electrodynamics+1","Glacier","Blizzard+1","Doom and Gloom+1","Auto Shields","Thunder Strike+1","Glacier+1","White Noise","Sunder+1","Thunder Strike+1","Coolheaded+1","Echo Form","Defragment+1"],"relics":["FrozenCore","NeowsBlessing","Golden Idol","Blood Vial","Calipers","Molten Egg 2","Snecko Eye","Oddly Smooth Stone","Happy Flower","Boot","Art of War","Runic Capacitor","Pantograph","Gambling Chip","Ornamental Fan","Bronze Scales"],"potions_floor_usage":[16,16,29,29,30,33,56,56],"damage_taken":[{"damage":0,"enemies":"2 Louse","floor":1,"turns":1},{"damage":0,"enemies":"3 Sentries","floor":7,"turns":1},{"damage":0,"enemies":"Lagavulin","floor":12,"turns":1},{"damage":2,"enemies":"Jaw Worm","floor":13,"turns":3},{"damage":0,"enemies":"Cultist","floor":14,"turns":3},{"damage":0,"enemies":"The Guardian","floor":16,"turns":15},{"damage":26,"enemies":"Shell Parasite","floor":18,"turns":9},{"damage":0,"enemies":"Chosen","floor":19,"turns":5},{"damage":0,"enemies":"Sentry and Sphere","floor":22,"turns":6},{"damage":14,"enemies":"Gremlin Leader","floor":24,"turns":6},{"damage":16,"enemies":"Snake Plant","floor":28,"turns":3},{"damage":3,"enemies":"Book of Stabbing","floor":29,"turns":6},{"damage":0,"enemies":"Chosen and Byrds","floor":30,"turns":5},{"damage":0,"enemies":"Slavers","floor":31,"turns":3},{"damage":25,"enemies":"Collector","floor":33,"turns":11},{"damage":0,"enemies":"3 Shapes","floor":35,"turns":5},{"damage":37,"enemies":"3 Darklings","floor":37,"turns":3},{"damage":20,"enemies":"Jaw Worm Horde","floor":38,"turns":5},{"damage":5,"enemies":"Nemesis","floor":47,"turns":7},{"damage":0,"enemies":"Maw","floor":48,"turns":7},{"damage":8,"enemies":"Donu and Deca","floor":50,"turns":7},{"damage":1,"enemies":"Awakened One","floor":51,"turns":15},{"damage":19,"enemies":"Shield and Spear","floor":55,"turns":8},{"damage":2,"enemies":"The Heart","floor":56,"turns":12}],"seed_played":"-117108890646368490","potions_obtained":[{"floor":1,"key":"SteroidPotion"},{"floor":7,"key":"Energy Potion"},{"floor":18,"key":"SkillPotion"},{"floor":19,"key":"Strength Potion"},{"floor":30,"key":"Fruit Juice"},{"floor":31,"key":"SkillPotion"},{"floor":35,"key":"Strength Potion"},{"floor":37,"key":"PowerPotion"},{"floor":48,"key":"Block Potion"}],"is_trial":false,"path_per_floor":["M","?","?","?","$","R","E","R","T","$","?","E","M","M","R","B",null,"M","M","$","?","M","R","E","R","T","$","M","E","M","E","R","B",null,"M","?","M","M","?","R","$","R","T","R","T","$","E","M","R","B","B",null,"R","$","E","B",null],"character_chosen":"DEFECT","items_purchased":["Blood Vial","Core Surge","Doom and Gloom+1","Glacier","Runic Capacitor","Echo Form"],"campfire_rested":4,"item_purchase_floors":[5,10,20,27,41,41],"current_hp_per_floor":[64,57,33,33,33,33,35,35,35,35,35,37,37,39,39,41,64,40,42,42,42,44,44,32,53,53,53,39,38,45,47,69,46,69,71,71,36,18,18,40,40,40,40,62,62,62,59,61,61,68,75,76,76,76,57,74],"gold":179,"neow_bonus":"THREE_ENEMY_KILL","is_prod":false,"is_daily":false,"chose_seed":false,"campfire_upgraded":6,"win_rate":0,"timestamp":1552406818,"path_taken":["M","?","?","?","$","R","E","R","T","$","?","E","M","?","R","BOSS","M","M","$","?","M","R","E","R","T","$","M","E","?","E","R","BOSS","M","?","?","M","?","R","?","R","T","R","?","$","E","M","R","BOSS","BOSS","R","$","E","BOSS"],"build_version":"2019-01-23","purchased_purges":3,"victory":true,"max_hp_per_floor":[71,71,71,71,71,71,71,71,71,71,71,71,71,71,71,71,71,71,71,71,71,71,71,71,71,71,71,71,71,76,76,76,76,76,76,76,76,76,76,76,76,76,76,76,76,76,76,76,76,76,76,76,76,76,76,76],"card_choices":[{"not_picked":["Scrape","Turbo"],"picked":"Consume","floor":1},{"not_picked":["Conserve Battery","Hologram"],"picked":"Coolheaded","floor":7},{"not_picked":["All For One","Barrage"],"picked":"FTL","floor":12},{"not_picked":["Redo","Hologram","Streamline+1"],"picked":"SKIP","floor":13},{"not_picked":["Redo","Streamline+1"],"picked":"Hologram","floor":13},{"not_picked":["Rebound+1","Compile Driver+1","Sweeping Beam+1"],"picked":"SKIP","floor":14},{"not_picked":["Fission","Biased Cognition"],"picked":"Electrodynamics","floor":16},{"not_picked":["Hologram","Skim"],"picked":"Glacier","floor":18},{"not_picked":["Leap","Aggregate"],"picked":"Blizzard+1","floor":19},{"not_picked":["Chaos","Rebound+1","Force Field"],"picked":"SKIP","floor":22},{"not_picked":["Aggregate","Streamline+1"],"picked":"Thunder Strike+1","floor":24},{"not_picked":["Streamline+1","Ball Lightning+1","Stack"],"picked":"SKIP","floor":28},{"not_picked":["Coolheaded","Redo"],"picked":"White Noise","floor":29},{"not_picked":["Steam+1","Barrage+1","Hologram"],"picked":"SKIP","floor":30},{"not_picked":["Beam Cell+1","Gash+1"],"picked":"Sunder+1","floor":31},{"not_picked":["Fission","Amplify"],"picked":"Thunder Strike+1","floor":33},{"not_picked":["Scrape+1","Reprogram+1"],"picked":"Coolheaded+1","floor":35},{"not_picked":["Hello World","Rip and Tear+1","Hologram"],"picked":"SKIP","floor":37},{"not_picked":["BootSequence","Redo","Leap"],"picked":"SKIP","floor":38},{"not_picked":["Conserve Battery","Auto Shields","Beam Cell+1"],"picked":"SKIP","floor":47},{"not_picked":["Conserve Battery","Auto Shields","Beam Cell+1"],"picked":"SKIP","floor":47},{"not_picked":["Steam+1","Gash+1","Hello World"],"picked":"SKIP","floor":48},{"not_picked":["Leap+1","Double Energy"],"picked":"Defragment+1","floor":55}],"player_experience":2215961,"relics_obtained":[{"floor":7,"key":"Calipers"},{"floor":12,"key":"Molten Egg 2"},{"floor":24,"key":"Oddly Smooth Stone"},{"floor":26,"key":"Happy Flower"},{"floor":29,"key":"Boot"},{"floor":31,"key":"Art of War"},{"floor":43,"key":"Pantograph"},{"floor":45,"key":"Gambling Chip"},{"floor":47,"key":"Ornamental Fan"},{"floor":55,"key":"Bronze Scales"}],"event_choices":[{"cards_removed":["Strike_B"],"damage_healed":0,"gold_gain":0,"player_choice":"Card Removal","damage_taken":7,"max_hp_gain":0,"max_hp_loss":0,"event_name":"Golden Wing","floor":2,"gold_loss":0},{"damage_healed":0,"gold_gain":0,"player_choice":"Take Damage","damage_taken":24,"relics_obtained":["Golden Idol"],"max_hp_gain":0,"max_hp_loss":0,"event_name":"Golden Idol","floor":3,"gold_loss":0},{"damage_healed":0,"gold_gain":150,"player_choice":"AGREE","damage_taken":0,"max_hp_gain":0,"max_hp_loss":0,"event_name":"Liars Game","floor":4,"gold_loss":0,"cards_obtained":["Doubt"]},{"damage_healed":0,"gold_gain":0,"player_choice":"Got Potions","damage_taken":0,"max_hp_gain":0,"max_hp_loss":0,"event_name":"Lab","floor":11,"gold_loss":0},{"damage_healed":0,"gold_gain":0,"cards_transformed":["Strike_B"],"player_choice":"Transformed","damage_taken":0,"max_hp_gain":0,"max_hp_loss":0,"event_name":"Transmorgrifier","floor":21,"gold_loss":0,"cards_obtained":["Auto Shields"]},{"damage_healed":0,"gold_gain":275,"player_choice":"Desecrate","damage_taken":0,"max_hp_gain":0,"max_hp_loss":0,"event_name":"Golden Shrine","floor":36,"gold_loss":0,"cards_obtained":["Regret"]},{"damage_healed":0,"gold_gain":0,"player_choice":"Ignored","damage_taken":0,"max_hp_gain":0,"max_hp_loss":0,"event_name":"Tomb of Lord Red Mask","floor":39,"gold_loss":0}],"is_beta":false,"boss_relics":[{"not_picked":["Fusion Hammer","Pandora\u0027s Box"],"picked":"Snecko Eye"},{"not_picked":["Eternal Feather","Philosopher\u0027s Stone"],"picked":"FrozenCore"}],"items_purged_floors":[5,20,41],"is_endless":false,"potions_floor_spawned":[1,7,14,18,19,22,30,31,35,37,48,55],"ascension_level":20}