{"path_per_floor":["M","M","?","M","?","E","M","?","T","E","$","E","M","$","R"],"character_chosen":"IRONCLAD","items_purchased":["Rupture","Inflame"],"gold_per_floor":[109,121,121,132,132,157,174,124,151,183,65,93,104,39,39,39],"floor_reached":16,"campfire_rested":0,"playtime":769,"current_hp_per_floor":[74,74,67,73,73,60,52,52,52,43,43,14,10,10,10,0],"items_purged":["Strike_R"],"gold":39,"score":126,"play_id":"e59c104b-28c5-4a3b-a856-989b0cb0b709","local_time":"20180418133211","is_prod":false,"is_daily":false,"chose_seed":false,"is_ascension_mode":true,"campfire_upgraded":1,"timestamp":1524029531,"path_taken":["M","M","?","M","?","E","M","?","T","E","$","E","M","?","R","BOSS"],"build_version":"2018-04-16","seed_source_timestamp":315356954932991,"purchased_purges":1,"victory":false,"master_deck":["Strike_R","Strike_R","Strike_R","Strike_R","Defend_R","Defend_R","Defend_R","Shockwave+1","Flex","Spot Weakness","Flex","Inflame","Brutality","Rupture","Thunderclap","Inflame+1"],"max_hp_per_floor":[80,80,80,80,80,80,80,80,80,80,80,80,80,80,80,80],"relics":["Burning Blood","Kunai","Omamori","The Courier","Frozen Egg 2"],"card_choices":[{"not_picked":["Heavy Blade","Evolve"],"picked":"Shockwave","floor":1},{"not_picked":["Havoc","Seeing Red"],"picked":"Flex","floor":2},{"not_picked":["Armaments","Flex"],"picked":"Spot Weakness","floor":4},{"not_picked":["Iron Wave","Pommel Strike"],"picked":"Flex","floor":6},{"not_picked":["Combust","Uppercut"],"picked":"Inflame","floor":7},{"not_picked":["Burning Pact","Clothesline"],"picked":"Brutality","floor":10},{"not_picked":["Twin Strike","Spot Weakness"],"picked":"Thunderclap","floor":12}],"player_experience":279294,"potions_floor_usage":[6,10,16],"damage_taken":[{"damage":12,"enemies":"Small Slimes","floor":1,"turns":3},{"damage":6,"enemies":"Jaw Worm","floor":2,"turns":5},{"damage":0,"enemies":"Cultist","floor":4,"turns":3},{"damage":19,"enemies":"3 Sentries","floor":6,"turns":5},{"damage":14,"enemies":"2 Fungi Beasts","floor":7,"turns":4},{"damage":15,"enemies":"Gremlin Nob","floor":10,"turns":4},{"damage":35,"enemies":"Lagavulin","floor":12,"turns":7},{"damage":10,"enemies":"Red Slaver","floor":13,"turns":5},{"damage":24,"enemies":"The Guardian","floor":16,"turns":2}],"event_choices":[{"event_name":"Golden Wing","player_choice":"Card Removal","floor":3,"damage_taken":0},{"event_name":"Liars Game","player_choice":"disagreed","floor":5,"damage_taken":0},{"event_name":"The Cleric","player_choice":"Card Removal","floor":8,"damage_taken":0}],"boss_relics":[],"potions_floor_spawned":[1,4,13],"seed_played":"3972043473553933550","killed_by":"The Guardian","ascension_level":1,"is_trial":false}