{"gold_per_floor":[109,109,109,109,109,109,149,149,149,172,193,216,22,65,65,161,161,174,224,242,20,20],"floor_reached":22,"playtime":491,"items_purged":["Strike_B"],"score":484,"play_id":"b1e1c7b5-2fe6-4593-b784-9c779df6059c","local_time":"20190328212157","is_ascension_mode":true,"campfire_choices":[{"data":"Loop","floor":6,"key":"SMITH"},{"data":"Lockon","floor":8,"key":"SMITH"},{"data":"Consume","floor":15,"key":"SMITH"}],"neow_cost":"NONE","seed_source_timestamp":8891323514200,"circlet_count":0,"master_deck":["AscendersBane","Strike_B","Strike_B","Strike_B","Defend_B","Defend_B","Defend_B+1","Zap+1","Dualcast","Loop+1","Meteor Strike","Lockon+1","Glacier","Consume+1","Blizzard","Core Surge","FTL+1"],"relics":["Cracked Core","NeowsBlessing","Torii","Golden Idol","Symbiotic Virus","The Courier","Blood Vial","Pen Nib","Cursed Key","Singing Bowl"],"potions_floor_usage":[16],"damage_taken":[{"damage":0,"enemies":"Jaw Worm","floor":1,"turns":1},{"damage":0,"enemies":"Lagavulin","floor":7,"turns":1},{"damage":0,"enemies":"2 Louse","floor":10,"turns":1},{"damage":6,"enemies":"Cultist","floor":11,"turns":3},{"damage":4,"enemies":"Gremlin Gang","floor":12,"turns":4},{"damage":26,"enemies":"Gremlin Nob","floor":14,"turns":5},{"damage":3,"enemies":"Hexaghost","floor":16,"turns":6},{"damage":19,"enemies":"3 Byrds","floor":18,"turns":4},{"damage":25,"enemies":"Shell Parasite","floor":20,"turns":3},{"damage":0,"enemies":"Snecko","floor":22,"turns":2}],"seed_played":"5364858263394836340","potions_obtained":[{"floor":1,"key":"Ancient Potion"},{"floor":11,"key":"Strength Potion"},{"floor":12,"key":"Weak Potion"},{"floor":18,"key":"Energy Potion"}],"is_trial":false,"path_per_floor":["M","?","?","T","?","R","E","R","T","M","M","M","$","E","R","B",null,"M","?","M","$","M"],"character_chosen":"DEFECT","items_purchased":["Blood Vial","Singing Bowl"],"campfire_rested":0,"item_purchase_floors":[13,21],"current_hp_per_floor":[64,64,43,43,43,43,43,43,43,43,37,33,33,9,9,8,50,33,27,4,4,6],"gold":20,"neow_bonus":"THREE_ENEMY_KILL","is_prod":false,"is_daily":false,"chose_seed":false,"campfire_upgraded":3,"win_rate":0,"timestamp":1553775717,"path_taken":["M","?","?","?","?","R","E","R","T","M","M","M","$","E","R","BOSS","M","?","?","$","?"],"build_version":"2019-01-23","purchased_purges":1,"victory":false,"max_hp_per_floor":[71,71,71,71,64,64,64,64,64,64,64,64,64,64,64,64,64,64,64,64,64,64],"card_choices":[{"not_picked":["Ball Lightning","Turbo"],"picked":"Loop","floor":1},{"not_picked":["Heatsinks","Streamline"],"picked":"Lockon","floor":7},{"not_picked":["Barrage","Gash","Compile Driver"],"picked":"SKIP","floor":10},{"not_picked":["Gash","Rebound"],"picked":"Glacier","floor":11},{"not_picked":["Rebound","Self Repair"],"picked":"Consume","floor":12},{"not_picked":["Fission","Rainbow"],"picked":"Blizzard","floor":14},{"not_picked":["Hyperbeam","Reboot"],"picked":"Core Surge","floor":16},{"not_picked":["Redo+1","Go for the Eyes+1","Streamline"],"picked":"SKIP","floor":18},{"not_picked":["Stack","Sweeping Beam"],"picked":"FTL+1","floor":20}],"player_experience":2689633,"relics_obtained":[{"floor":4,"key":"Torii"},{"floor":7,"key":"Symbiotic Virus"},{"floor":9,"key":"The Courier"},{"floor":14,"key":"Pen Nib"}],"event_choices":[{"damage_healed":0,"gold_gain":0,"cards_transformed":["Defend_B"],"player_choice":"Change","damage_taken":0,"max_hp_gain":0,"max_hp_loss":0,"event_name":"Living Wall","floor":2,"gold_loss":0,"cards_obtained":["Meteor Strike"]},{"damage_healed":0,"gold_gain":0,"player_choice":"Entered Light","damage_taken":21,"max_hp_gain":0,"max_hp_loss":0,"event_name":"Shining Light","floor":3,"gold_loss":0,"cards_upgraded":["Zap","Defend_B"]},{"damage_healed":0,"gold_gain":0,"player_choice":"Lose Max HP","damage_taken":0,"relics_obtained":["Golden Idol"],"max_hp_gain":0,"max_hp_loss":7,"event_name":"Golden Idol","floor":5,"gold_loss":0},{"damage_healed":0,"gold_gain":50,"player_choice":"Touch","damage_taken":6,"max_hp_gain":0,"max_hp_loss":0,"event_name":"FaceTrader","floor":19,"gold_loss":0}],"is_beta":false,"boss_relics":[{"not_picked":["Runic Pyramid","Empty Cage"],"picked":"Cursed Key"}],"items_purged_floors":[13],"is_endless":false,"potions_floor_spawned":[1,11,12,18],"killed_by":"Snecko","ascension_level":20}