{"gold_per_floor":[110,129,74,74,94,94,126,139,190,190,213,213,244,263,263,263],"floor_reached":16,"playtime":388,"items_purged":[],"score":220,"play_id":"a7765a04-9454-4ee4-89b9-9f0841667e5a","local_time":"20190314151307","is_ascension_mode":true,"campfire_choices":[{"data":"True Grit","floor":6,"key":"SMITH"},{"data":"Bludgeon","floor":10,"key":"SMITH"},{"data":"Bash","floor":15,"key":"SMITH"}],"neow_cost":"NONE","seed_source_timestamp":18424985937500,"circlet_count":0,"master_deck":["AscendersBane","Strike_R","Strike_R+1","Strike_R+1","Strike_R","Defend_R","Defend_R","Defend_R","Defend_R","Bash+1","True Grit+1","Feel No Pain","Bludgeon+1","Battle Trance"],"relics":["Burning Blood","NeowsBlessing","Self Forming Clay","Odd Mushroom","Whetstone","Vajra"],"potions_floor_usage":[7,13,16,16],"damage_taken":[{"damage":0,"enemies":"Small Slimes","floor":1,"turns":1},{"damage":0,"enemies":"2 Louse","floor":2,"turns":1},{"damage":0,"enemies":"Jaw Worm","floor":5,"turns":1},{"damage":32,"enemies":"Gremlin Nob","floor":7,"turns":4},{"damage":11,"enemies":"Blue Slaver","floor":8,"turns":6},{"damage":32,"enemies":"The Mushroom Lair","floor":11,"turns":5},{"damage":7,"enemies":"3 Sentries","floor":13,"turns":8},{"damage":6,"enemies":"Looter","floor":14,"turns":2},{"damage":15,"enemies":"Slime Boss","floor":16,"turns":7}],"seed_played":"6848885204335049030","potions_obtained":[{"floor":1,"key":"Swift Potion"},{"floor":11,"key":"Explosive Potion"},{"floor":14,"key":"Explosive Potion"}],"is_trial":false,"path_per_floor":["M","M","$","?","M","R","E","M","T","R","?","T","E","M","R","B"],"character_chosen":"IRONCLAD","items_purchased":["AttackPotion"],"campfire_rested":0,"item_purchase_floors":[3],"current_hp_per_floor":[74,75,75,75,75,75,49,44,44,44,18,18,17,17,17,2],"gold":263,"neow_bonus":"THREE_ENEMY_KILL","is_prod":false,"is_daily":false,"chose_seed":false,"campfire_upgraded":3,"win_rate":0,"timestamp":1552543987,"path_taken":["M","M","$","?","M","R","E","M","T","R","?","?","E","M","R","BOSS"],"build_version":"2019-01-23","purchased_purges":0,"victory":false,"max_hp_per_floor":[75,75,75,75,75,75,75,75,75,75,75,75,75,75,75,75],"card_choices":[{"not_picked":["Sever Soul","Heavy Blade","Headbutt"],"picked":"SKIP","floor":1},{"not_picked":["Heavy Blade","Twin Strike","Iron Wave"],"picked":"SKIP","floor":2},{"not_picked":["Clothesline","Warcry"],"picked":"True Grit","floor":5},{"not_picked":["Flex","Armaments"],"picked":"Feel No Pain","floor":7},{"not_picked":["Flex","True Grit"],"picked":"Bludgeon","floor":8},{"not_picked":["Clothesline","Blood for Blood"],"picked":"Battle Trance","floor":13},{"not_picked":["Cleave","Anger","Perfected Strike"],"picked":"SKIP","floor":14}],"player_experience":2268299,"relics_obtained":[{"floor":7,"key":"Self Forming Clay"},{"floor":11,"key":"Odd Mushroom"},{"floor":12,"key":"Whetstone"},{"floor":13,"key":"Vajra"}],"event_choices":[{"cards_removed":["Strike_R"],"damage_healed":0,"gold_gain":0,"player_choice":"Forget","damage_taken":0,"max_hp_gain":0,"max_hp_loss":0,"event_name":"Living Wall","floor":4,"gold_loss":0},{"damage_healed":0,"gold_gain":0,"player_choice":"Fought Mushrooms","damage_taken":0,"max_hp_gain":0,"max_hp_loss":0,"event_name":"Mushrooms","floor":11,"gold_loss":0}],"is_beta":false,"boss_relics":[],"items_purged_floors":[],"is_endless":false,"potions_floor_spawned":[1,5,11,14],"killed_by":"Slime Boss","ascension_level":20}