{"gold_per_floor":[117,117,267,286,211,211,240,240,240,240,268,282,282,310,310,385,385,401,401,49,66,82,111,111,142,142,142,142,142,159,34,34,111,111,129,19,30,30,30,57,57,83,131,131,151,169,169,269,269,269,269,269,269,48,80,80],"floor_reached":57,"playtime":2283,"items_purged":["Doubt","Strike_R","Strike_R"],"score":3274,"play_id":"1f0ec97e-551d-456a-99cc-a4e1e8e6dc49","local_time":"20190319141758","is_ascension_mode":true,"campfire_choices":[{"data":"Immolate","floor":6,"key":"SMITH"},{"data":"Rampage","floor":8,"key":"SMITH"},{"data":"Bash","floor":10,"key":"SMITH"},{"data":"Defend_R","floor":13,"key":"SMITH"},{"data":"Defend_R","floor":15,"key":"SMITH"},{"data":"Feed","floor":24,"key":"SMITH"},{"data":"Barricade","floor":27,"key":"SMITH"},{"data":"Juggernaut","floor":32,"key":"SMITH"},{"data":"Body Slam","floor":41,"key":"SMITH"},{"floor":49,"key":"RECALL"},{"data":"Barricade","floor":53,"key":"SMITH"}],"neow_cost":"NONE","seed_source_timestamp":183341415893400,"circlet_count":0,"master_deck":["AscendersBane","Strike_R+1","Defend_R+1","Defend_R+1","Defend_R+1","Defend_R+1","Bash+1","Immolate+1","Shrug It Off+1","Shockwave+1","Feed+1","True Grit+1","Juggernaut+1","Entrench+1","Flame Barrier+1","Shrug It Off+1","Barricade+1","Ghostly+1","Ghostly+1","Ghostly+1","True Grit+1","Second Wind+1","Body Slam+1","Second Wind+1","Warcry+1","Entrench+1","Warcry+1","Barricade+1","Entrench+1","Body Slam+1"],"relics":["Burning Blood","PreservedInsect","Gremlin Horn","Toxic Egg 2","Red Skull","Velvet Choker","Potion Belt","Strawberry","Mercury Hourglass","Black Star","Pen Nib","Juzu Bracelet","Kunai","War Paint","Blood Vial","Pocketwatch","Art of War","Whetstone","Bag of Preparation"],"potions_floor_usage":[7,18,23,35,42,56,56,56],"damage_taken":[{"damage":0,"enemies":"Cultist","floor":1,"turns":2},{"damage":6,"enemies":"2 Louse","floor":4,"turns":3},{"damage":0,"enemies":"3 Sentries","floor":7,"turns":1},{"damage":10,"enemies":"Gremlin Nob","floor":11,"turns":3},{"damage":0,"enemies":"Small Slimes","floor":12,"turns":2},{"damage":4,"enemies":"Lagavulin","floor":14,"turns":7},{"damage":29,"enemies":"The Guardian","floor":16,"turns":13},{"damage":5,"enemies":"Chosen","floor":18,"turns":5},{"damage":2,"enemies":"3 Byrds","floor":21,"turns":4},{"damage":25,"enemies":"Sentry and Sphere","floor":22,"turns":6},{"damage":13,"enemies":"Book of Stabbing","floor":23,"turns":5},{"damage":0,"enemies":"Gremlin Leader","floor":25,"turns":6},{"damage":18,"enemies":"Snake Plant","floor":30,"turns":6},{"damage":0,"enemies":"Automaton","floor":33,"turns":17},{"damage":2,"enemies":"3 Darklings","floor":35,"turns":9},{"damage":2,"enemies":"Orb Walker","floor":37,"turns":5},{"damage":13,"enemies":"Nemesis","floor":40,"turns":9},{"damage":0,"enemies":"Giant Head","floor":42,"turns":11},{"damage":9,"enemies":"Spire Growth","floor":45,"turns":6},{"damage":20,"enemies":"Transient","floor":46,"turns":6},{"damage":0,"enemies":"Mind Bloom Boss Battle","floor":48,"turns":11},{"damage":0,"enemies":"Time Eater","floor":50,"turns":5},{"damage":0,"enemies":"Awakened One","floor":51,"turns":7},{"damage":3,"enemies":"Shield and Spear","floor":55,"turns":18},{"damage":2,"enemies":"The Heart","floor":56,"turns":10}],"seed_played":"115645635250303732","potions_obtained":[{"floor":1,"key":"SteroidPotion"},{"floor":11,"key":"FearPotion"},{"floor":16,"key":"Regen Potion"},{"floor":21,"key":"Regen Potion"},{"floor":22,"key":"Strength Potion"},{"floor":33,"key":"BloodPotion"},{"floor":35,"key":"AttackPotion"},{"floor":40,"key":"Weak Potion"},{"floor":42,"key":"Block Potion"},{"floor":55,"key":"SkillPotion"}],"is_trial":false,"path_per_floor":["M","T","?","M","$","R","E","R","T","R","E","M","R","E","R","B",null,"M","?","$","M","M","E","R","E","T","R","?","?","M","$","R","B",null,"M","?","M","$","?","E","R","E","T","?","M","M","?","?","R","B","B",null,"R","$","E","B",null],"character_chosen":"IRONCLAD","items_purchased":["Entrench+1","Potion Belt","Art of War","Swift Potion"],"campfire_rested":0,"item_purchase_floors":[20,20,54,54],"current_hp_per_floor":[74,74,74,74,74,74,75,75,75,75,71,75,75,75,75,52,69,78,78,78,81,65,77,77,87,87,87,47,47,39,39,39,49,54,55,55,59,59,59,56,56,66,66,66,64,52,52,60,60,67,71,71,71,71,75,75],"gold":80,"neow_bonus":"ONE_RANDOM_RARE_CARD","is_prod":false,"is_daily":false,"chose_seed":false,"campfire_upgraded":10,"win_rate":0,"timestamp":1552972678,"path_taken":["M","?","?","M","$","R","E","R","T","R","E","M","R","E","R","BOSS","M","?","$","?","?","E","R","E","T","R","?","?","M","$","R","BOSS","M","?","?","$","?","E","R","E","T","?","M","M","?","?","R","BOSS","BOSS","R","$","E","BOSS"],"build_version":"2019-01-23","purchased_purges":3,"victory":true,"max_hp_per_floor":[75,75,75,75,75,75,75,75,75,75,75,75,75,75,75,75,75,78,78,78,81,84,91,91,95,95,95,47,47,51,51,51,55,55,55,55,59,59,59,63,63,67,67,67,67,67,67,67,67,67,71,71,71,71,75,75],"card_choices":[{"not_picked":["Blood for Blood","Perfected Strike","Anger"],"picked":"SKIP","floor":1},{"not_picked":["Anger","Intimidate"],"picked":"Rampage","floor":4},{"not_picked":["Reckless Charge","Warcry","Hemokinesis"],"picked":"SKIP","floor":7},{"not_picked":["Body Slam","Armaments+1"],"picked":"Shrug It Off+1","floor":11},{"not_picked":["Clothesline","Fire Breathing"],"picked":"Shockwave+1","floor":12},{"not_picked":["Twin Strike","Carnage","Wild Strike"],"picked":"SKIP","floor":14},{"not_picked":["Exhume+1","Reaper"],"picked":"Feed","floor":16},{"not_picked":["Sword Boomerang","Disarm+1"],"picked":"True Grit+1","floor":18},{"not_picked":["Twin Strike","Thunderclap","Corruption"],"picked":"SKIP","floor":21},{"not_picked":["Body Slam","Pummel+1"],"picked":"Flame Barrier+1","floor":22},{"not_picked":["Pommel Strike","Sever Soul"],"picked":"Shrug It Off+1","floor":23},{"not_picked":["Warcry+1","True Grit+1"],"picked":"Barricade","floor":25},{"not_picked":["Perfected Strike","Wild Strike"],"picked":"True Grit+1","floor":30},{"not_picked":["Headbutt","Sever Soul"],"picked":"Second Wind+1","floor":35},{"not_picked":["True Grit+1","Battle Trance+1"],"picked":"Body Slam","floor":37},{"not_picked":["Heavy Blade","Cleave+1"],"picked":"Second Wind+1","floor":40},{"not_picked":["Rampage","Armaments+1"],"picked":"Warcry+1","floor":42},{"not_picked":["Ghostly Armor+1","Reckless Charge+1"],"picked":"Warcry+1","floor":45},{"not_picked":["Dropkick+1","Seeing Red+1"],"picked":"Barricade","floor":46},{"not_picked":["Shockwave+1","Seeing Red+1"],"picked":"Entrench+1","floor":48},{"not_picked":["Infernal Blade+1","Rupture"],"picked":"Body Slam+1","floor":55}],"player_experience":2374067,"relics_obtained":[{"floor":2,"key":"PreservedInsect"},{"floor":7,"key":"Gremlin Horn"},{"floor":9,"key":"Toxic Egg 2"},{"floor":14,"key":"Red Skull"},{"floor":23,"key":"Strawberry"},{"floor":25,"key":"Mercury Hourglass"},{"floor":40,"key":"Pen Nib"},{"floor":40,"key":"Juzu Bracelet"},{"floor":42,"key":"Kunai"},{"floor":42,"key":"War Paint"},{"floor":43,"key":"Blood Vial"},{"floor":48,"key":"Pocketwatch"},{"floor":55,"key":"Whetstone"},{"floor":55,"key":"Bag of Preparation"}],"event_choices":[{"damage_healed":0,"gold_gain":150,"player_choice":"AGREE","damage_taken":0,"max_hp_gain":0,"max_hp_loss":0,"event_name":"Liars Game","floor":3,"gold_loss":0,"cards_obtained":["Doubt"]},{"damage_healed":0,"gold_gain":0,"player_choice":"1 cards matched","damage_taken":0,"max_hp_gain":0,"max_hp_loss":0,"event_name":"Match and Keep!","floor":19,"gold_loss":0,"cards_obtained":["Juggernaut"]},{"damage_healed":0,"gold_gain":0,"player_choice":"Became a Ghost","damage_taken":0,"max_hp_gain":0,"max_hp_loss":48,"event_name":"Ghosts","floor":28,"gold_loss":0,"cards_obtained":["Ghostly","Ghostly","Ghostly"]},{"cards_removed":["Strike_R"],"damage_healed":0,"gold_gain":0,"player_choice":"Elegance","damage_taken":0,"max_hp_gain":0,"max_hp_loss":0,"event_name":"Back to Basics","floor":29,"gold_loss":0},{"cards_removed":["Strike_R"],"damage_healed":0,"gold_gain":0,"player_choice":"Upgrade and Remove","damage_taken":0,"max_hp_gain":0,"max_hp_loss":0,"event_name":"Designer","floor":36,"gold_loss":110,"cards_upgraded":["Defend_R"]},{"cards_removed":["Rampage"],"damage_healed":0,"gold_gain":0,"player_choice":"Removed Attack","damage_taken":0,"max_hp_gain":0,"max_hp_loss":0,"event_name":"Falling","floor":39,"gold_loss":0},{"damage_healed":0,"gold_gain":0,"player_choice":"Copied","damage_taken":0,"max_hp_gain":0,"max_hp_loss":0,"event_name":"Duplicator","floor":44,"gold_loss":0,"cards_obtained":["Entrench"]},{"damage_healed":0,"gold_gain":0,"player_choice":"0 cards matched","damage_taken":0,"max_hp_gain":0,"max_hp_loss":0,"event_name":"Match and Keep!","floor":47,"gold_loss":0,"cards_obtained":[]},{"damage_healed":0,"gold_gain":0,"player_choice":"Fight","damage_taken":0,"max_hp_gain":0,"max_hp_loss":0,"event_name":"MindBloom","floor":48,"gold_loss":0}],"is_beta":false,"boss_relics":[{"not_picked":["Ectoplasm","White Beast Statue"],"picked":"Velvet Choker"},{"not_picked":["Calling Bell","Mark of Pain"],"picked":"Black Star"}],"items_purged_floors":[5,20,31],"is_endless":false,"potions_floor_spawned":[1,11,16,21,22,33,35,40,42,45,55],"ascension_level":20}