{"gold_per_floor":[116,134,144,144,163,194,194,223,300,320,320,9,9,9,9,114,114,131,131,131,141,141,166,166,197,227,227,101,132,132,6,6,106,106,124,124,224,116,116,116,150,162,162,181,195,195,195,295,295,295],"floor_reached":51,"playtime":2176,"items_purged":["Strike_R"],"score":887,"play_id":"59667e9b-0447-4e07-8dd4-1c20f5eaa1fb","local_time":"20190426232559","is_ascension_mode":false,"campfire_choices":[{"data":"Spot Weakness","floor":7,"key":"SMITH"},{"floor":11,"key":"DIG"},{"floor":15,"key":"DIG"},{"floor":24,"key":"DIG"},{"floor":30,"key":"DIG"},{"data":"Clothesline","floor":32,"key":"SMITH"},{"data":"Limit Break","floor":40,"key":"SMITH"},{"floor":46,"key":"DIG"},{"data":"Shockwave","floor":49,"key":"SMITH"}],"neow_cost":"NONE","seed_source_timestamp":1253746040191000,"circlet_count":0,"master_deck":["Strike_R","Strike_R","Strike_R+1","Strike_R","Defend_R","Defend_R","Defend_R","Defend_R","Bash+1","Metallicize","Clothesline+1","Iron Wave","Spot Weakness+1","True Grit","Anger","Spot Weakness","Dark Shackles","Feed","Carnage","Inflame","Spot Weakness","Havoc+1","Heavy Blade+1","Pommel Strike","Clothesline+1","Shrug It Off+1","Limit Break+1","Power Through","Discovery","Discovery+1","Shockwave+1","Madness","Madness","Immolate","Spot Weakness+1","Corruption"],"relics":["Burning Blood","Mercury Hourglass","Shovel","Bottled Flame","Juzu Bracelet","PreservedInsect","Matryoshka","Coffee Dripper","Gambling Chip","Lantern","Torii","Tiny Chest","Calipers","Pantograph","Sundial","Mango","Snecko Eye","Ice Cream","Toxic Egg 2","Bottled Lightning","Ornamental Fan","Boot","War Paint"],"potions_floor_usage":[6,8,18,29,41,50,50],"damage_taken":[{"damage":3,"enemies":"Jaw Worm","floor":1,"turns":4},{"damage":0,"enemies":"Small Slimes","floor":2,"turns":5},{"damage":6,"enemies":"2 Louse","floor":3,"turns":4},{"damage":12,"enemies":"Large Slime","floor":5,"turns":7},{"damage":10,"enemies":"Lagavulin","floor":6,"turns":5},{"damage":1,"enemies":"3 Sentries","floor":8,"turns":6},{"damage":6,"enemies":"Exordium Wildlife","floor":10,"turns":3},{"damage":14,"enemies":"The Guardian","floor":16,"turns":9},{"damage":12,"enemies":"3 Byrds","floor":18,"turns":6},{"damage":7,"enemies":"Chosen","floor":21,"turns":5},{"damage":20,"enemies":"Slavers","floor":23,"turns":4},{"damage":13,"enemies":"Gremlin Leader","floor":25,"turns":5},{"damage":0,"enemies":"Book of Stabbing","floor":29,"turns":3},{"damage":75,"enemies":"Champ","floor":33,"turns":12},{"damage":1,"enemies":"3 Shapes","floor":35,"turns":4},{"damage":0,"enemies":"Mind Bloom Boss Battle","floor":37,"turns":5},{"damage":10,"enemies":"Reptomancer","floor":41,"turns":4},{"damage":1,"enemies":"Orb Walker","floor":42,"turns":3},{"damage":22,"enemies":"Maw","floor":44,"turns":8},{"damage":0,"enemies":"Sphere and 2 Shapes","floor":45,"turns":5},{"damage":36,"enemies":"Awakened One","floor":50,"turns":9}],"seed_played":"-8165838100405745450","potions_obtained":[{"floor":1,"key":"Strength Potion"},{"floor":3,"key":"Block Potion"},{"floor":10,"key":"GamblersBrew"},{"floor":33,"key":"Dexterity Potion"},{"floor":42,"key":"Fire Potion"}],"is_trial":false,"path_per_floor":["M","M","M","?","M","E","R","E","T","M","R","$","?","?","R","B",null,"M","?","?","M","?","E","R","E","T","?","$","E","R","$","R","B",null,"M","?","?","$","?","R","E","M","T","M","M","R","T","?","R","B",null],"character_chosen":"IRONCLAD","items_purchased":["Spot Weakness","PreservedInsect","Dark Shackles","FearPotion","EssenceOfSteel","Clothesline","Shrug It Off","SpeedPotion","Shockwave"],"campfire_rested":0,"item_purchase_floors":[12,12,12,28,28,31,31,31,38],"current_hp_per_floor":[80,80,80,64,58,54,54,59,59,59,59,59,59,59,59,51,80,74,74,74,73,73,62,62,55,55,55,55,61,75,75,75,31,100,103,93,103,103,90,90,89,94,94,81,90,90,90,90,90,82],"gold":295,"neow_bonus":"UPGRADE_CARD","is_prod":false,"is_daily":false,"chose_seed":false,"campfire_upgraded":4,"win_rate":1,"timestamp":1556346359,"path_taken":["M","M","M","?","M","E","R","E","T","M","R","$","?","?","R","BOSS","M","?","?","M","?","E","R","E","T","?","$","E","R","?","R","BOSS","M","?","?","$","?","R","E","M","T","M","M","R","?","?","R","BOSS"],"build_version":"2019-01-23","purchased_purges":1,"victory":true,"max_hp_per_floor":[80,80,80,80,80,80,80,80,80,80,80,80,80,80,80,80,80,80,80,80,80,80,83,83,83,83,83,83,83,97,97,97,100,100,103,103,103,103,103,103,106,106,106,109,112,112,112,112,112,112],"card_choices":[{"not_picked":["Corruption","Evolve"],"picked":"Metallicize","floor":1},{"not_picked":["Cleave","Flex"],"picked":"Clothesline","floor":2},{"not_picked":["Body Slam","Sword Boomerang"],"picked":"Iron Wave","floor":3},{"not_picked":["Sword Boomerang","Offering"],"picked":"Iron Wave","floor":5},{"not_picked":["Wild Strike","Body Slam"],"picked":"Spot Weakness","floor":6},{"not_picked":["Warcry","Wild Strike"],"picked":"True Grit","floor":8},{"not_picked":["True Grit","Shrug It Off"],"picked":"Anger","floor":10},{"not_picked":["Barricade","Double Tap"],"picked":"Feed","floor":16},{"not_picked":["Pommel Strike","Wild Strike+1"],"picked":"Carnage","floor":18},{"not_picked":["Iron Wave","Sentinel"],"picked":"Spot Weakness","floor":21},{"not_picked":["Rampage","Second Wind+1"],"picked":"Havoc+1","floor":23},{"not_picked":["Twin Strike+1","Cleave+1"],"picked":"Heavy Blade+1","floor":25},{"not_picked":["Burning Pact","Spot Weakness"],"picked":"Pommel Strike","floor":29},{"not_picked":["Feed","Juggernaut"],"picked":"Limit Break","floor":33},{"not_picked":["Perfected Strike","Thunderclap+1"],"picked":"Power Through","floor":35},{"not_picked":["Sadistic Nature","Panache"],"picked":"Discovery","floor":36},{"not_picked":["Metamorphosis","Sadistic Nature"],"picked":"Discovery","floor":36},{"not_picked":["Evolve+1","Pummel"],"picked":"Immolate","floor":41},{"not_picked":["Rupture","Rage+1","Perfected Strike"],"picked":"SKIP","floor":42},{"not_picked":["Rampage","Warcry+1"],"picked":"Spot Weakness+1","floor":44},{"not_picked":["Warcry+1","Sentinel+1"],"picked":"Corruption","floor":45}],"player_experience":617974,"relics_obtained":[{"floor":6,"key":"Mercury Hourglass"},{"floor":8,"key":"Shovel"},{"floor":9,"key":"Bottled Flame"},{"floor":11,"key":"Juzu Bracelet"},{"floor":15,"key":"Matryoshka"},{"floor":23,"key":"Gambling Chip"},{"floor":24,"key":"Lantern"},{"floor":25,"key":"Torii"},{"floor":26,"key":"Tiny Chest"},{"floor":26,"key":"Calipers"},{"floor":29,"key":"Sundial"},{"floor":30,"key":"Mango"},{"floor":37,"key":"Ice Cream"},{"floor":41,"key":"Toxic Egg 2"},{"floor":43,"key":"Bottled Lightning"},{"floor":43,"key":"Ornamental Fan"},{"floor":46,"key":"Boot"},{"floor":47,"key":"War Paint"}],"event_choices":[{"damage_healed":0,"gold_gain":0,"player_choice":"Entered Light","damage_taken":16,"max_hp_gain":0,"max_hp_loss":0,"event_name":"Shining Light","floor":4,"gold_loss":0,"cards_upgraded":["Clothesline","Strike_R"]},{"damage_healed":0,"gold_gain":0,"player_choice":"Ignored","damage_taken":0,"max_hp_gain":0,"max_hp_loss":0,"event_name":"Liars Game","floor":13,"gold_loss":0},{"damage_healed":0,"gold_gain":0,"player_choice":"Leave","damage_taken":0,"max_hp_gain":0,"max_hp_loss":0,"event_name":"The Cleric","floor":14,"gold_loss":0},{"damage_healed":0,"gold_gain":0,"player_choice":"Ignored","damage_taken":0,"max_hp_gain":0,"max_hp_loss":0,"event_name":"Beggar","floor":19,"gold_loss":0},{"damage_healed":0,"gold_gain":0,"player_choice":"Read","damage_taken":0,"max_hp_gain":0,"max_hp_loss":0,"event_name":"The Library","floor":20,"gold_loss":0,"cards_obtained":["Inflame"]},{"damage_healed":0,"gold_gain":0,"player_choice":"Ignored","damage_taken":0,"max_hp_gain":0,"max_hp_loss":0,"event_name":"Ghosts","floor":22,"gold_loss":0},{"cards_removed":["Iron Wave"],"damage_healed":0,"gold_gain":0,"player_choice":"Gave Card","damage_taken":0,"relics_obtained":["Pantograph"],"max_hp_gain":0,"max_hp_loss":0,"event_name":"WeMeetAgain","floor":27,"gold_loss":0},{"damage_healed":0,"gold_gain":0,"player_choice":"Memory 3","damage_taken":10,"max_hp_gain":0,"max_hp_loss":0,"event_name":"SensoryStone","floor":36,"gold_loss":0},{"damage_healed":0,"gold_gain":0,"player_choice":"Fight","damage_taken":0,"max_hp_gain":0,"max_hp_loss":0,"event_name":"MindBloom","floor":37,"gold_loss":0},{"damage_healed":0,"gold_gain":0,"player_choice":"Embrace Madness","damage_taken":13,"max_hp_gain":0,"max_hp_loss":0,"event_name":"Winding Halls","floor":39,"gold_loss":0,"cards_obtained":["Madness","Madness"]},{"damage_healed":0,"gold_gain":100,"player_choice":"Pray","damage_taken":0,"max_hp_gain":0,"max_hp_loss":0,"event_name":"Golden Shrine","floor":48,"gold_loss":0}],"is_beta":false,"boss_relics":[{"not_picked":["Calling Bell","Orrery"],"picked":"Coffee Dripper"},{"not_picked":["Lizard Tail","Runic Cube"],"picked":"Snecko Eye"}],"items_purged_floors":[38],"is_endless":false,"potions_floor_spawned":[1,3,10,33,42,45],"ascension_level":0}