{"gold_per_floor":[114,129,147,147,167,167,196,120,144,175,188,188,206,206],"floor_reached":14,"playtime":361,"items_purged":[],"score":204,"play_id":"321d398b-19f3-4473-93a0-32879d1160f6","local_time":"20190405191917","is_ascension_mode":true,"campfire_choices":[{"data":"Defragment","floor":6.0,"key":"SMITH"}],"neow_cost":"NONE","seed_source_timestamp":634448252753600,"circlet_count":0,"master_deck":["AscendersBane","Strike_B","Strike_B","Strike_B","Strike_B","Defend_B","Defend_B","Defend_B","Defend_B","Zap","Dualcast","Storm","Defragment+1","Hello World","Rainbow","Ball Lightning","Capacitor","Defragment"],"special_seed":0,"relics":["Cracked Core","NeowsBlessing","Regal Pillow","Oddly Smooth Stone","Ancient Tea Set","Blood Vial"],"potions_floor_usage":[7,11],"damage_taken":[{"damage":0.0,"enemies":"Cultist","floor":1.0,"turns":1.0},{"damage":0.0,"enemies":"Small Slimes","floor":2.0,"turns":1.0},{"damage":1.0,"enemies":"2 Louse","floor":3.0,"turns":2.0},{"damage":19.0,"enemies":"Red Slaver","floor":5.0,"turns":4.0},{"damage":7,"enemies":"Gremlin Nob","floor":7,"turns":3},{"damage":16,"enemies":"Lagavulin","floor":10,"turns":5},{"damage":22,"enemies":"Lots of Slimes","floor":11,"turns":4},{"damage":5,"enemies":"Large Slime","floor":13,"turns":4},{"damage":0,"enemies":"Gremlin Nob","floor":14,"turns":1}],"seed_played":"7331774695916477375","potions_obtained":[{"floor":3.0,"key":"AttackPotion"},{"floor":5.0,"key":"Dexterity Potion"},{"floor":7,"key":"Poison Potion"},{"floor":11,"key":"FearPotion"}],"is_trial":false,"path_per_floor":["M","M","M","?","M","R","E","$","T","E","M","?","M","E"],"character_chosen":"DEFECT","items_purchased":["Capacitor"],"campfire_rested":0,"item_purchase_floors":[8],"current_hp_per_floor":[64,64,63,68,49,49,42,42,42,26,4,4,1,3],"gold":206,"neow_bonus":"THREE_ENEMY_KILL","is_prod":false,"is_daily":false,"chose_seed":false,"campfire_upgraded":1,"win_rate":0,"timestamp":1554459557,"path_taken":["M","?","M","?","M","R","E","$","T","E","M","?","?","E"],"build_version":"2019-01-23","purchased_purges":0,"victory":false,"max_hp_per_floor":[71,71,71,76,76,76,76,76,76,76,76,76,76,76],"card_choices":[{"not_picked":["Redo","Leap"],"picked":"Storm","floor":1.0},{"not_picked":["Rip and Tear","Sweeping Beam"],"picked":"Defragment","floor":2.0},{"not_picked":["Chaos","Barrage"],"picked":"Hello World","floor":3.0},{"not_picked":["Steam","Sunder"],"picked":"Rainbow","floor":5.0},{"not_picked":["Skim","Go for the Eyes"],"picked":"Ball Lightning","floor":7},{"not_picked":["Go for the Eyes","Rebound"],"picked":"Defragment","floor":10},{"not_picked":["Sweeping Beam","Gash","Barrage"],"picked":"SKIP","floor":11},{"not_picked":["Auto Shields","Turbo","Gash"],"picked":"SKIP","floor":13}],"player_experience":2893569,"relics_obtained":[{"floor":7,"key":"Regal Pillow"},{"floor":9,"key":"Oddly Smooth Stone"},{"floor":10,"key":"Ancient Tea Set"}],"event_choices":[{"damage_healed":0.0,"max_hp_gain":5.0,"max_hp_loss":0.0,"gold_gain":0.0,"event_name":"Big Fish","player_choice":"Donut","floor":4.0,"gold_loss":0.0,"damage_taken":0.0},{"damage_healed":0,"gold_gain":0,"player_choice":"Gave Potion","damage_taken":0,"relics_obtained":["Blood Vial"],"max_hp_gain":0,"max_hp_loss":0,"event_name":"WeMeetAgain","floor":12,"gold_loss":0}],"is_beta":false,"boss_relics":[],"items_purged_floors":[],"is_endless":false,"potions_floor_spawned":[3,5,7,11],"killed_by":"Gremlin Nob","ascension_level":20}