{"path_per_floor":["M","?","M","$","M","R","E","R","T","M","M","M","?","E","R","B",null,"M","M","M","M","M","R"],"character_chosen":"THE_SILENT","items_purchased":["Infinite Blades"],"gold_per_floor":[110,110,129,15,26,26,56,56,56,69,80,98,98,125,125,220,220,235,250,262,273,291,291],"floor_reached":24,"campfire_rested":0,"playtime":2712,"current_hp_per_floor":[70,70,67,67,67,67,50,50,50,46,46,41,34,41,41,27,80,62,54,50,42,30,30],"items_purged":["Defend_G"],"gold":291,"play_id":"81826e41-7058-487c-8131-959a0751f727","is_prod":false,"is_daily":false,"is_ascension_mode":false,"campfire_upgraded":4,"path_taken":["M","?","M","?","M","R","E","R","T","M","M","M","?","E","R","BOSS","M","M","M","M","M","R","M"],"build_version":"2018-02-01-PROD3","purchased_purges":1,"victory":false,"master_deck":["Defend_G","Defend_G","Defend_G","Defend_G","Strike_G","Strike_G","Strike_G","Strike_G","Survivor","Neutralize+1","Outmaneuver","Calculated Gamble","Noxious Fumes","Infinite Blades+1","Prepared","Predator","Acrobatics","Footwork+1","A Thousand Cuts+1","Quick Slash+1","Backflip+1","Envenom"],"max_hp_per_floor":[70,70,70,70,70,70,70,70,70,70,70,70,70,80,80,80,80,80,80,80,80,80,80],"relics":["Ring of the Snake","Happy Flower","Gambling Chip","Pen Nib","Pear","Sozu"],"card_choices":[{"not_picked":["Bane","Flying Knee"],"picked":"Outmaneuver"},{"not_picked":["Dagger Throw","Finisher"],"picked":"Noxious Fumes"},{"not_picked":["Dagger Throw","Cloak And Dagger"],"picked":"Prepared"},{"not_picked":["Calculated Gamble","Outmaneuver"],"picked":"Predator"},{"not_picked":["Underhanded Strike","Flying Knee"],"picked":"Acrobatics"},{"not_picked":["Underhanded Strike","Slice"],"picked":"Footwork"},{"not_picked":["Venomology","Tactician"],"picked":"A Thousand Cuts"},{"not_picked":["PiercingWail","All Out Attack"],"picked":"Quick Slash"},{"not_picked":["Bane","Caltrops"],"picked":"Backflip"},{"not_picked":["Acrobatics","Reflex"],"picked":"Envenom"}],"player_experience":149445,"potions_floor_usage":[7,16],"damage_taken":[{"damage":0,"enemies":"Jaw Worm","floor":1,"turns":5},{"damage":3,"enemies":"Blue Slaver","floor":3,"turns":5},{"damage":0,"enemies":"Small Slimes","floor":5,"turns":3},{"damage":17,"enemies":"Gremlin Nob","floor":7,"turns":5},{"damage":4,"enemies":"Red Slaver","floor":10,"turns":5},{"damage":0,"enemies":"3 Louse","floor":11,"turns":4},{"damage":5,"enemies":"Looter","floor":12,"turns":3},{"damage":3,"enemies":"3 Sentries","floor":14,"turns":7},{"damage":14,"enemies":"Hexaghost","floor":16,"turns":11},{"damage":18,"enemies":"Spheric Guardian","floor":18,"turns":6},{"damage":8,"enemies":"Shell Parasite","floor":19,"turns":5},{"damage":4,"enemies":"Centurion and Healer","floor":20,"turns":6},{"damage":8,"enemies":"Snake Plant","floor":21,"turns":4},{"damage":12,"enemies":"Sentry and Sphere","floor":22,"turns":6},{"damage":35,"enemies":"Slaver and Parasite","floor":24,"turns":3}],"event_choices":[{"event_name":"Transmorgrifier","player_choice":"Transform","floor":2,"damage_taken":0},{"event_name":"Scrap Ooze","player_choice":"success","floor":13,"damage_taken":7}],"boss_relics":[{"not_picked":["Philosopher\u0027s Stone","White Beast Statue"],"picked":"Sozu"}],"potions_floor_spawned":[5,12,14,19,21],"seed_played":"-8272244236766816170","killed_by":"Slaver and Parasite","ascension_level":0,"is_trial":false}