{"gold_per_floor":[111,186,186,24,45,88,88,238,238,238,73,73,73,104,104,104],"floor_reached":16,"playtime":350,"items_purged":["Doubt"],"score":258,"play_id":"f6bfbe83-03fd-4ed4-8f2d-f700366f812c","local_time":"20190312113412","is_ascension_mode":true,"campfire_choices":[{"data":"Armaments","floor":7.0,"key":"SMITH"},{"floor":10.0,"key":"DIG"},{"floor":13.0,"key":"DIG"},{"floor":15.0,"key":"DIG"}],"neow_cost":"NONE","seed_source_timestamp":263927503155400,"circlet_count":0,"master_deck":["AscendersBane","Strike_R","Strike_R","Strike_R","Strike_R","Strike_R","Defend_R","Defend_R","Defend_R","Defend_R+1","Bash","Rampage","Armaments+1","Discovery+1"],"special_seed":0,"relics":["Burning Blood","NeowsBlessing","Golden Idol","Bag of Preparation","Matryoshka","Potion Belt","Shovel","Mummified Hand","Art of War","PreservedInsect","War Paint","Omamori"],"potions_floor_usage":[16],"damage_taken":[{"damage":0.0,"enemies":"2 Louse","floor":1.0,"turns":1.0},{"damage":0.0,"enemies":"Small Slimes","floor":5.0,"turns":1.0},{"damage":0.0,"enemies":"3 Sentries","floor":6.0,"turns":1.0},{"damage":20.0,"enemies":"Lagavulin","floor":14.0,"turns":5.0},{"damage":17,"enemies":"Hexaghost","floor":16,"turns":9}],"seed_played":"610471914822867090","potions_obtained":[{"floor":1.0,"key":"SneckoOil"},{"floor":14.0,"key":"Energy Potion"}],"is_trial":false,"path_per_floor":["M","?","?","$","M","E","R","?","T","R","$","?","R","E","R","B"],"character_chosen":"IRONCLAD","items_purchased":["Bag of Preparation","Discovery"],"campfire_rested":0,"item_purchase_floors":[4,11],"current_hp_per_floor":[74,63,37,37,43,49,49,49,49,49,49,49,49,35,35,18],"gold":104,"neow_bonus":"THREE_ENEMY_KILL","is_prod":false,"is_daily":false,"chose_seed":false,"campfire_upgraded":1,"win_rate":0,"timestamp":1552358052,"path_taken":["M","?","?","$","M","E","R","?","T","R","$","?","R","E","R","BOSS"],"build_version":"2019-01-23","purchased_purges":1,"victory":false,"max_hp_per_floor":[75,75,75,75,75,75,75,75,75,75,75,75,75,75,75,75],"card_choices":[{"not_picked":["Power Through","Perfected Strike"],"picked":"Rampage","floor":1.0},{"not_picked":["Sword Boomerang","Iron Wave"],"picked":"Armaments","floor":5.0},{"not_picked":["Clothesline","Heavy Blade","Burning Pact"],"picked":"SKIP","floor":6.0},{"not_picked":["Pommel Strike","Thunderclap","Combust"],"picked":"SKIP","floor":14.0}],"player_experience":2199174,"relics_obtained":[{"floor":6.0,"key":"Matryoshka"},{"floor":9.0,"key":"Potion Belt"},{"floor":9.0,"key":"Shovel"},{"floor":10.0,"key":"Mummified Hand"},{"floor":13.0,"key":"PreservedInsect"},{"floor":14.0,"key":"War Paint"},{"floor":15.0,"key":"Omamori"}],"event_choices":[{"damage_healed":0.0,"max_hp_gain":0.0,"max_hp_loss":0.0,"gold_gain":75.0,"event_name":"World of Goop","player_choice":"Gather Gold","floor":2.0,"gold_loss":0.0,"damage_taken":11.0},{"damage_healed":0.0,"max_hp_gain":0.0,"max_hp_loss":0.0,"gold_gain":0.0,"event_name":"Golden Idol","player_choice":"Take Damage","floor":3.0,"gold_loss":0.0,"damage_taken":26.0,"relics_obtained":["Golden Idol"]},{"damage_healed":0.0,"max_hp_gain":0.0,"max_hp_loss":0.0,"gold_gain":150.0,"event_name":"Liars Game","player_choice":"AGREE","floor":8.0,"gold_loss":0.0,"damage_taken":0.0,"cards_obtained":["Doubt"]},{"damage_healed":0.0,"max_hp_gain":0.0,"max_hp_loss":0.0,"gold_gain":0.0,"event_name":"WeMeetAgain","player_choice":"Gave Potion","floor":12.0,"gold_loss":0.0,"damage_taken":0.0,"relics_obtained":["Art of War"]}],"is_beta":false,"boss_relics":[],"items_purged_floors":[11],"is_endless":false,"potions_floor_spawned":[1,14],"killed_by":"Hexaghost","ascension_level":20}