{"gold_per_floor":[109,79,79,97,108,108,135,135,160,194,204,204,239,258,258,331,331,351,380,399,28,78,78,78,110,110,110,110,137,147,176,176,250,250,260,260,46,60,105,136,136,166,189,411,411,445,455,485,485,485,485,485,485,63,93,93],"floor_reached":57,"playtime":2292,"items_purged":["Pain","Ball Lightning"],"score":3184,"play_id":"309c9dd9-36ee-4b43-a679-dedf28329d61","local_time":"20190329154834","is_ascension_mode":true,"campfire_choices":[{"data":"Self Repair","floor":6,"key":"SMITH"},{"data":"Creative AI","floor":8,"key":"SMITH"},{"data":"Consume","floor":15,"key":"SMITH"},{"floor":24,"key":"REST"},{"floor":27,"key":"REST"},{"floor":32,"key":"REST"},{"floor":45,"key":"RECALL"},{"floor":49,"key":"REST"},{"floor":53,"key":"REST"}],"neow_cost":"NONE","seed_source_timestamp":15085838360200,"circlet_count":0,"master_deck":["AscendersBane","Zap","Dualcast","Self Repair+1","Ball Lightning","Creative AI+1","Consume+1","Conserve Battery","Electrodynamics","Self Repair","Defragment","Cold Snap","Hologram","Undo","Hologram","All For One","Self Repair+1","Genetic Algorithm","Darkness","Lockon","Buffer+1","Coolheaded","Force Field","Heatsinks+1","Cold Snap","Cold Snap"],"relics":["Cracked Core","NeowsBlessing","Blood Vial","PreservedInsect","Ginger","WarpedTongs","FossilizedHelix","Fusion Hammer","Red Mask","Runic Capacitor","Gremlin Horn","Frozen Egg 2","Mummified Hand","Shuriken","Juzu Bracelet","Pandora\u0027s Box","Mango","Potion Belt","StoneCalendar","Centennial Puzzle","Bronze Scales","Ice Cream","Boot","Pear","Bag of Preparation"],"potions_floor_usage":[2,10,16,16,20,25,31,56,56],"damage_taken":[{"damage":0,"enemies":"Small Slimes","floor":1,"turns":1},{"damage":0,"enemies":"Cultist","floor":4,"turns":1},{"damage":0,"enemies":"Jaw Worm","floor":5,"turns":1},{"damage":30,"enemies":"Lagavulin","floor":7,"turns":7},{"damage":25,"enemies":"3 Sentries","floor":10,"turns":5},{"damage":7,"enemies":"Looter","floor":11,"turns":3},{"damage":28,"enemies":"Lagavulin","floor":13,"turns":6},{"damage":0,"enemies":"Blue Slaver","floor":14,"turns":3},{"damage":0,"enemies":"Slime Boss","floor":16,"turns":6},{"damage":15,"enemies":"Shell Parasite","floor":18,"turns":6},{"damage":28,"enemies":"Masked Bandits","floor":19,"turns":3},{"damage":27,"enemies":"3 Byrds","floor":20,"turns":3},{"damage":37,"enemies":"Slavers","floor":25,"turns":4},{"damage":39,"enemies":"Book of Stabbing","floor":29,"turns":5},{"damage":28,"enemies":"Snake Plant","floor":30,"turns":3},{"damage":34,"enemies":"Slavers","floor":31,"turns":4},{"damage":18,"enemies":"Champ","floor":33,"turns":10},{"damage":26,"enemies":"3 Darklings","floor":35,"turns":3},{"damage":9,"enemies":"3 Shapes","floor":38,"turns":3},{"damage":50,"enemies":"2 Orb Walkers","floor":39,"turns":5},{"damage":24,"enemies":"Giant Head","floor":40,"turns":7},{"damage":0,"enemies":"Nemesis","floor":42,"turns":7},{"damage":9,"enemies":"Giant Head","floor":46,"turns":6},{"damage":0,"enemies":"Jaw Worm Horde","floor":47,"turns":2},{"damage":21,"enemies":"Nemesis","floor":48,"turns":5},{"damage":0,"enemies":"Donu and Deca","floor":50,"turns":7},{"damage":46,"enemies":"Awakened One","floor":51,"turns":12},{"damage":66,"enemies":"Shield and Spear","floor":55,"turns":6},{"damage":59,"enemies":"The Heart","floor":56,"turns":11}],"seed_played":"8623054319712861799","potions_obtained":[{"floor":1,"key":"Explosive Potion"},{"floor":2,"key":"Fruit Juice"},{"floor":2,"key":"Explosive Potion"},{"floor":7,"key":"Fire Potion"},{"floor":10,"key":"AttackPotion"},{"floor":16,"key":"LiquidBronze"},{"floor":20,"key":"Block Potion"},{"floor":30,"key":"Regen Potion"},{"floor":31,"key":"Weak Potion"},{"floor":35,"key":"Poison Potion"},{"floor":47,"key":"LiquidBronze"}],"is_trial":false,"path_per_floor":["M","?","$","M","M","R","E","R","T","E","M","?","E","M","R","B",null,"M","?","M","$","?","T","R","E","T","R","?","E","M","E","R","B",null,"M","?","$","M","?","E","?","E","T","?","R","E","M","E","R","B","B",null,"R","$","E","B",null],"character_chosen":"DEFECT","items_purchased":["Runic Capacitor","Defragment","Potion Belt","Coolheaded","Cold Snap","Pear"],"campfire_rested":5,"item_purchase_floors":[21,21,37,37,54,54],"current_hp_per_floor":[64,69,69,76,76,76,56,56,56,43,48,48,32,34,34,46,69,66,57,52,52,52,52,74,49,49,71,71,51,42,39,61,62,73,66,80,80,90,60,68,68,90,90,90,90,90,90,90,90,90,74,86,90,100,61,34],"gold":93,"neow_bonus":"THREE_ENEMY_KILL","is_prod":false,"is_daily":false,"chose_seed":false,"campfire_upgraded":3,"win_rate":0,"timestamp":1553842114,"path_taken":["M","?","$","?","M","R","E","R","T","E","M","?","E","?","R","BOSS","M","?","M","$","?","?","R","E","T","R","?","E","M","E","R","BOSS","M","?","$","M","?","E","?","E","T","?","R","E","M","E","R","BOSS","BOSS","R","$","E","BOSS"],"build_version":"2019-01-23","purchased_purges":2,"victory":true,"max_hp_per_floor":[71,76,76,76,76,76,76,76,76,76,76,76,76,76,76,76,76,76,76,76,76,76,76,76,76,76,76,76,76,76,76,76,76,76,76,90,90,90,90,90,90,90,90,90,90,90,90,90,90,90,90,90,90,100,100,100],"card_choices":[{"not_picked":["Genetic Algorithm","Redo"],"picked":"Self Repair","floor":1},{"not_picked":["Conserve Battery","Auto Shields"],"picked":"Ball Lightning","floor":4},{"not_picked":["Leap","Gash"],"picked":"Ball Lightning","floor":5},{"not_picked":["Chill","Steam"],"picked":"Creative AI","floor":7},{"not_picked":["Ball Lightning","Gash","Storm"],"picked":"SKIP","floor":10},{"not_picked":["Steam","Rebound","Undo"],"picked":"SKIP","floor":11},{"not_picked":["White Noise","Glacier"],"picked":"Consume","floor":13},{"not_picked":["Genetic Algorithm","Consume"],"picked":"Conserve Battery","floor":14},{"not_picked":["Buffer","Rainbow"],"picked":"Electrodynamics","floor":16},{"not_picked":["Sweeping Beam","Compile Driver+1"],"picked":"Self Repair","floor":18},{"not_picked":["Lockon","Skim","Barrage+1"],"picked":"SKIP","floor":20},{"not_picked":["Self Repair","Machine Learning"],"picked":"Cold Snap","floor":25},{"not_picked":["Storm+1","Steam Power","Streamline"],"picked":"SKIP","floor":29},{"not_picked":["Rip and Tear","Leap+1"],"picked":"Hologram","floor":30},{"not_picked":["Gash","Lockon"],"picked":"Undo","floor":31},{"not_picked":["Stack","Barrage","Gash"],"picked":"SKIP","floor":35},{"not_picked":["Stack","Hologram"],"picked":"Force Field","floor":38},{"not_picked":["Redo+1","Melter+1"],"picked":"Heatsinks+1","floor":40},{"not_picked":["Stack","Sunder","Hello World+1"],"picked":"SKIP","floor":42},{"not_picked":["Rebound","Force Field","Sweeping Beam"],"picked":"SKIP","floor":46},{"not_picked":["Leap","Redo","Scrape"],"picked":"SKIP","floor":47},{"not_picked":["Reboot","Heatsinks+1"],"picked":"Cold Snap","floor":48},{"not_picked":["Leap","Sweeping Beam","Fusion"],"picked":"SKIP","floor":55}],"player_experience":2708827,"relics_obtained":[{"floor":7,"key":"Blood Vial"},{"floor":9,"key":"PreservedInsect"},{"floor":10,"key":"Ginger"},{"floor":13,"key":"FossilizedHelix"},{"floor":19,"key":"Red Mask"},{"floor":23,"key":"Gremlin Horn"},{"floor":25,"key":"Frozen Egg 2"},{"floor":26,"key":"Mummified Hand"},{"floor":29,"key":"Shuriken"},{"floor":31,"key":"Juzu Bracelet"},{"floor":36,"key":"Mango"},{"floor":39,"key":"StoneCalendar"},{"floor":40,"key":"Centennial Puzzle"},{"floor":42,"key":"Bronze Scales"},{"floor":46,"key":"Ice Cream"},{"floor":48,"key":"Boot"},{"floor":55,"key":"Bag of Preparation"}],"event_choices":[{"damage_healed":0,"gold_gain":0,"player_choice":"Bought 2 Potions","damage_taken":0,"max_hp_gain":0,"max_hp_loss":0,"event_name":"The Woman in Blue","floor":2,"gold_loss":0},{"damage_healed":0,"gold_gain":0,"player_choice":"Rummage","damage_taken":0,"relics_obtained":["WarpedTongs"],"max_hp_gain":0,"max_hp_loss":0,"event_name":"Accursed Blacksmith","floor":12,"gold_loss":0,"cards_obtained":["Pain"]},{"damage_healed":0,"gold_gain":0,"player_choice":"Fought Bandits","damage_taken":0,"max_hp_gain":0,"max_hp_loss":0,"event_name":"Masked Bandits","floor":19,"gold_loss":0},{"damage_healed":0,"gold_gain":50,"player_choice":"Stole From Cult","damage_taken":0,"max_hp_gain":0,"max_hp_loss":0,"event_name":"Nest","floor":22,"gold_loss":0},{"damage_healed":0,"gold_gain":0,"player_choice":"Ignored","damage_taken":0,"max_hp_gain":0,"max_hp_loss":0,"event_name":"Vampires","floor":28,"gold_loss":0},{"damage_healed":0,"gold_gain":0,"player_choice":"Relic","damage_taken":0,"max_hp_gain":0,"max_hp_loss":0,"event_name":"Wheel of Change","floor":36,"gold_loss":0},{"damage_healed":0,"gold_gain":0,"player_choice":"Fight","damage_taken":0,"max_hp_gain":0,"max_hp_loss":0,"event_name":"Mysterious Sphere","floor":39,"gold_loss":0},{"cards_removed":["Sunder"],"damage_healed":0,"gold_gain":0,"player_choice":"Removed Attack","damage_taken":0,"max_hp_gain":0,"max_hp_loss":0,"event_name":"Falling","floor":41,"gold_loss":0},{"damage_healed":0,"gold_gain":222,"player_choice":"Wore Mask","damage_taken":0,"max_hp_gain":0,"max_hp_loss":0,"event_name":"Tomb of Lord Red Mask","floor":44,"gold_loss":0}],"is_beta":false,"boss_relics":[{"not_picked":["Busted Crown","White Beast Statue"],"picked":"Fusion Hammer"},{"not_picked":["Snecko Eye","Black Star"],"picked":"Pandora\u0027s Box"}],"items_purged_floors":[21,54],"is_endless":false,"potions_floor_spawned":[1,5,7,10,16,20,30,31,35,47],"ascension_level":20}