{"gold_per_floor":[116,135,285,52,52,87,87,120,202,87,87,99,113,170,170,245,245,218,5,280,297,41,41,69,85,110,125,125,13,29,56,56,133,133,149,168,168,168,109,109,128,128,128,228,258,258,275,275,275,275,275,275,275,11,11],"floor_reached":55,"playtime":2898,"items_purged":["Doubt","Pain","Strike_R"],"score":1907,"play_id":"7def3357-0279-4fe6-b168-53099b7c41d2","local_time":"20190329210624","is_ascension_mode":true,"campfire_choices":[{"data":"True Grit","floor":7.0,"key":"SMITH"},{"data":"True Grit","floor":11.0,"key":"SMITH"},{"data":"Rampage","floor":15.0,"key":"SMITH"},{"data":"Fiend Fire","floor":23.0,"key":"SMITH"},{"data":"Carnage","floor":28.0,"key":"SMITH"},{"data":"Armaments","floor":32.0,"key":"SMITH"},{"data":"Discovery","floor":40.0,"key":"SMITH"},{"data":"Feel No Pain","floor":42.0,"key":"SMITH"},{"floor":49.0,"key":"RECALL"},{"data":"Sentinel","floor":53.0,"key":"SMITH"}],"neow_cost":"NONE","seed_source_timestamp":33152267285100,"circlet_count":0,"master_deck":["AscendersBane","Strike_R","Strike_R","Strike_R+1","Defend_R","Defend_R","Defend_R","Defend_R","Bash","Shrug It Off","True Grit+1","Feel No Pain+1","Entrench","Rampage+1","True Grit+1","Fiend Fire+1","Sentinel+1","Carnage+1","Discovery+1","Blood for Blood+1","Armaments+1","Reaper","Barricade","Evolve","Body Slam","Shrug It Off+1","Juggernaut","Entrench+1"],"special_seed":0,"relics":["Burning Blood","NeowsBlessing","Tiny Chest","WarpedTongs","Strawberry","Orichalcum","Paper Frog","Kunai","Snecko Eye","Bag of Preparation","Turnip","Vajra","Juzu Bracelet","Empty Cage","Omamori","Ice Cream","Whetstone"],"potions_floor_usage":[55],"damage_taken":[{"damage":0.0,"enemies":"Cultist","floor":1.0,"turns":1.0},{"damage":0.0,"enemies":"Jaw Worm","floor":2.0,"turns":1.0},{"damage":1.0,"enemies":"3 Sentries","floor":6.0,"turns":2.0},{"damage":55.0,"enemies":"Lagavulin","floor":8.0,"turns":12.0},{"damage":0.0,"enemies":"2 Louse","floor":12.0,"turns":5.0},{"damage":1.0,"enemies":"Gremlin Gang","floor":13.0,"turns":4.0},{"damage":16.0,"enemies":"3 Sentries","floor":14.0,"turns":16.0},{"damage":16.0,"enemies":"The Guardian","floor":16.0,"turns":15.0},{"damage":10.0,"enemies":"2 Thieves","floor":18.0,"turns":4.0},{"damage":5.0,"enemies":"Chosen","floor":21.0,"turns":5.0},{"damage":32.0,"enemies":"Gremlin Leader","floor":24.0,"turns":2.0},{"damage":6.0,"enemies":"3 Cultists","floor":25.0,"turns":4.0},{"damage":0.0,"enemies":"Snecko","floor":27.0,"turns":3.0},{"damage":9.0,"enemies":"Chosen and Byrds","floor":30.0,"turns":4.0},{"damage":12.0,"enemies":"Slavers","floor":31.0,"turns":5.0},{"damage":53.0,"enemies":"Collector","floor":33.0,"turns":14.0},{"damage":4.0,"enemies":"3 Darklings","floor":35.0,"turns":8.0},{"damage":8.0,"enemies":"Orb Walker","floor":36.0,"turns":3.0},{"damage":3.0,"enemies":"Jaw Worm Horde","floor":41.0,"turns":4.0},{"damage":33.0,"enemies":"Mind Bloom Boss Battle","floor":44.0,"turns":6.0},{"damage":35.0,"enemies":"Nemesis","floor":45.0,"turns":7.0},{"damage":1.0,"enemies":"Writhing Mass","floor":47.0,"turns":4.0},{"damage":24.0,"enemies":"Donu and Deca","floor":50.0,"turns":12.0},{"damage":37.0,"enemies":"Awakened One","floor":51.0,"turns":13.0},{"damage":88,"enemies":"Shield and Spear","floor":55,"turns":5}],"seed_played":"6513825983463979303","potions_obtained":[{"floor":8.0,"key":"Fire Potion"},{"floor":14.0,"key":"SkillPotion"},{"floor":16.0,"key":"AttackPotion"},{"floor":18.0,"key":"GamblersBrew"},{"floor":24.0,"key":"Block Potion"},{"floor":35.0,"key":"EssenceOfSteel"},{"floor":36.0,"key":"Dexterity Potion"},{"floor":47.0,"key":"SkillPotion"}],"is_trial":false,"path_per_floor":["M","M","?","$","?","E","R","E","T","$","R","M","M","?","R","B",null,"M","$","?","M","$","R","E","M","T","M","R","$","M","E","R","B",null,"M","M","?","T","$","R","M","R","T","?","E","?","M","$","R","B","B",null,"R","$","E"],"character_chosen":"IRONCLAD","items_purchased":["Tiny Chest","True Grit","Rampage","True Grit","Bag of Preparation","Carnage","Discovery","AttackPotion","Armaments","AttackPotion","Body Slam","AttackPotion","Ancient Potion"],"campfire_rested":0,"item_purchase_floors":[4,4,10,10,19,19,22,22,29,29,39,54,54],"current_hp_per_floor":[74,75,75,75,75,82,82,33,33,33,33,39,44,34,34,24,68,64,64,64,65,65,65,39,39,39,45,45,45,42,36,36,11,64,76,74,74,74,74,74,77,77,77,50,21,21,36,36,36,54,33,70,70,70,0],"gold":11,"neow_bonus":"THREE_ENEMY_KILL","is_prod":false,"is_daily":false,"chose_seed":false,"campfire_upgraded":9,"win_rate":0,"timestamp":1553861184,"path_taken":["M","?","?","?","?","E","R","E","T","$","R","M","?","?","R","BOSS","M","$","?","M","?","R","E","M","T","M","R","$","?","E","R","BOSS","M","M","?","?","$","R","M","R","T","?","E","?","M","?","R","BOSS","BOSS","R","$","E"],"build_version":"2019-01-23","purchased_purges":3,"victory":false,"max_hp_per_floor":[75,75,75,75,75,82,82,82,82,82,82,82,82,82,82,82,82,82,82,82,82,82,82,82,82,82,82,82,82,82,82,82,82,82,82,82,82,82,82,82,82,82,82,82,82,82,82,82,82,82,82,82,82,82,82],"card_choices":[{"not_picked":["Clash","Reckless Charge","Pommel Strike"],"picked":"SKIP","floor":1.0},{"not_picked":["Heavy Blade","Flame Barrier"],"picked":"Shrug It Off","floor":2.0},{"not_picked":["Twin Strike","Heavy Blade"],"picked":"Feel No Pain","floor":6.0},{"not_picked":["Ghostly Armor","Cleave"],"picked":"Entrench","floor":8.0},{"not_picked":["Body Slam","Clothesline","Twin Strike"],"picked":"SKIP","floor":12.0},{"not_picked":["Headbutt","Fire Breathing","Dual Wield"],"picked":"SKIP","floor":13.0},{"not_picked":["Juggernaut","Berserk"],"picked":"Fiend Fire","floor":16.0},{"not_picked":["Clash","Seeing Red"],"picked":"Sentinel","floor":18.0},{"not_picked":["Havoc","Heavy Blade+1","Spot Weakness"],"picked":"SKIP","floor":21.0},{"not_picked":["Wild Strike","Searing Blow"],"picked":"Blood for Blood","floor":24.0},{"not_picked":["Headbutt","Burning Pact","Dropkick"],"picked":"SKIP","floor":25.0},{"not_picked":["Headbutt","Burning Pact","Dropkick"],"picked":"SKIP","floor":25.0},{"not_picked":["Havoc","Perfected Strike","Rupture"],"picked":"SKIP","floor":27.0},{"not_picked":["Headbutt","Wild Strike","Metallicize"],"picked":"SKIP","floor":30.0},{"not_picked":["Intimidate","Rage"],"picked":"Reaper","floor":31.0},{"not_picked":["Immolate","Double Tap"],"picked":"Barricade","floor":33.0},{"not_picked":["Battle Trance","Spot Weakness"],"picked":"Evolve","floor":35.0},{"not_picked":["Warcry","Pommel Strike","Sword Boomerang"],"picked":"SKIP","floor":36.0},{"not_picked":["Wild Strike+1","Clash+1"],"picked":"Shrug It Off+1","floor":41.0},{"not_picked":["Reaper","Havoc+1"],"picked":"Juggernaut","floor":45.0},{"not_picked":["Twin Strike+1","Clothesline"],"picked":"Entrench+1","floor":47.0}],"player_experience":2719545,"relics_obtained":[{"floor":6.0,"key":"Strawberry"},{"floor":8.0,"key":"Orichalcum"},{"floor":9.0,"key":"Paper Frog"},{"floor":14.0,"key":"Kunai"},{"floor":24.0,"key":"Turnip"},{"floor":26.0,"key":"Vajra"},{"floor":31.0,"key":"Juzu Bracelet"},{"floor":43.0,"key":"Omamori"},{"floor":44.0,"key":"Ice Cream"},{"floor":45.0,"key":"Whetstone"}],"event_choices":[{"damage_healed":0.0,"max_hp_gain":0.0,"max_hp_loss":0.0,"gold_gain":150.0,"event_name":"Liars Game","player_choice":"AGREE","floor":3.0,"gold_loss":0.0,"damage_taken":0.0,"cards_obtained":["Doubt"]},{"damage_healed":0.0,"max_hp_gain":0.0,"max_hp_loss":0.0,"gold_gain":0.0,"event_name":"Accursed Blacksmith","player_choice":"Rummage","floor":5.0,"gold_loss":0.0,"damage_taken":0.0,"relics_obtained":["WarpedTongs"],"cards_obtained":["Pain"]},{"damage_healed":0.0,"max_hp_gain":0.0,"max_hp_loss":0.0,"gold_gain":0.0,"event_name":"Dead Adventurer","player_choice":"Searched \u00271\u0027 times","floor":14.0,"gold_loss":0.0,"damage_taken":0.0},{"damage_healed":0.0,"max_hp_gain":0.0,"max_hp_loss":0.0,"gold_gain":275.0,"event_name":"Golden Shrine","player_choice":"Desecrate","floor":20.0,"gold_loss":0.0,"damage_taken":0.0,"cards_obtained":["Regret"]},{"damage_healed":0.0,"max_hp_gain":0.0,"max_hp_loss":0.0,"gold_gain":0.0,"event_name":"Mysterious Sphere","player_choice":"Ignored","floor":37.0,"gold_loss":0.0,"damage_taken":0.0},{"damage_healed":0.0,"max_hp_gain":0.0,"max_hp_loss":0.0,"gold_gain":0.0,"event_name":"MindBloom","player_choice":"Fight","floor":44.0,"gold_loss":0.0,"damage_taken":0.0},{"damage_healed":0.0,"max_hp_gain":0.0,"max_hp_loss":0.0,"gold_gain":0.0,"event_name":"Wheel of Change","player_choice":"Cursed","floor":46.0,"gold_loss":0.0,"damage_taken":0.0,"cards_obtained":["Decay"]}],"is_beta":false,"boss_relics":[{"not_picked":["Eternal Feather","Mark of Pain"],"picked":"Snecko Eye"},{"not_picked":["White Beast Statue","Calling Bell"],"picked":"Empty Cage"}],"items_purged_floors":[4,22,54],"is_endless":false,"potions_floor_spawned":[8,14,16,18,24,31,35,36,45,47],"killed_by":"Shield and Spear","ascension_level":20}