{"gold_per_floor":[212,230,110,127,23,56,73,73,73,73,89,106,122,28,28,106,106,121,121,151,163,163],"floor_reached":22,"playtime":1216,"items_purged":[],"score":320,"play_id":"64707c9c-a611-4434-9253-e5043ca6b43d","local_time":"20181006174632","is_ascension_mode":true,"campfire_choices":[{"floor":10,"key":"REST"},{"floor":15,"key":"REST"}],"neow_cost":"NONE","seed_source_timestamp":1897634202266208,"circlet_count":0,"master_deck":["Strike_B","Strike_B","Strike_B","Strike_B","Defend_B","Defend_B","Defend_B","Defend_B","Zap","Dualcast","AscendersBane","BootSequence","Barrage","Loop","Cold Snap","Capacitor","Bandage Up","Sweeping Beam","Rebound","Glacier","Cold Snap","Fission","Finesse","Seek","Storm","Cold Snap+1","Beam Cell"],"relics":["Cracked Core","Pen Nib","Shuriken","Nuclear Battery","MutagenicStrength","Red Mask"],"potions_floor_usage":[6,11,13,13,18,21],"damage_taken":[{"damage":1,"enemies":"Cultist","floor":1,"turns":3},{"damage":2,"enemies":"Jaw Worm","floor":2,"turns":3},{"damage":0,"enemies":"Small Slimes","floor":4,"turns":3},{"damage":32,"enemies":"Gremlin Nob","floor":6,"turns":5},{"damage":11,"enemies":"Blue Slaver","floor":7,"turns":3},{"damage":0,"enemies":"Exordium Wildlife","floor":11,"turns":3},{"damage":16,"enemies":"Exordium Thugs","floor":12,"turns":5},{"damage":8,"enemies":"Gremlin Gang","floor":13,"turns":4},{"damage":22,"enemies":"Slime Boss","floor":16,"turns":9},{"damage":19,"enemies":"Chosen","floor":18,"turns":4},{"damage":28,"enemies":"Masked Bandits","floor":20,"turns":4},{"damage":12,"enemies":"Shell Parasite","floor":21,"turns":6},{"damage":16,"enemies":"Snake Plant","floor":22,"turns":2}],"seed_played":"1823092982252860545","potions_obtained":[{"floor":2,"key":"FearPotion"},{"floor":7,"key":"PowerPotion"},{"floor":11,"key":"FocusPotion"},{"floor":12,"key":"Poison Potion"},{"floor":13,"key":"LiquidBronze"},{"floor":20,"key":"PowerPotion"}],"is_trial":false,"path_per_floor":["M","M","$","M","$","E","M","?","T","R","M","M","M","$","R","B",null,"M","?","?","M"],"character_chosen":"DEFECT","items_purchased":["Loop","Cold Snap","Bandage Up","Finesse"],"campfire_rested":2,"item_purchase_floors":[3,3,5,14],"current_hp_per_floor":[63,61,61,61,61,33,26,26,26,47,51,39,35,35,56,38,63,44,44,20,12,0],"gold":163,"neow_bonus":"HUNDRED_GOLD","is_prod":false,"is_daily":false,"chose_seed":false,"campfire_upgraded":0,"win_rate":0,"timestamp":1538837192,"path_taken":["M","M","$","M","$","E","?","?","T","R","M","M","M","$","R","BOSS","M","?","?","M","M"],"build_version":"2018-10-04v2","purchased_purges":0,"victory":false,"max_hp_per_floor":[71,71,71,71,71,71,71,71,71,71,71,71,71,71,71,71,71,71,71,71,71,71],"card_choices":[{"not_picked":["Conserve Battery","Beam Cell"],"picked":"BootSequence","floor":1},{"not_picked":["Streamline","Genetic Algorithm"],"picked":"Barrage","floor":2},{"not_picked":["Reprogram","Undo"],"picked":"Capacitor","floor":4},{"not_picked":["Go for the Eyes","Scrape"],"picked":"Sweeping Beam","floor":6},{"not_picked":["Aggregate","Go for the Eyes"],"picked":"Rebound","floor":7},{"not_picked":["BootSequence","Compile Driver"],"picked":"Glacier","floor":11},{"not_picked":["Stack","Melter"],"picked":"Cold Snap","floor":12},{"not_picked":["Leap","Cold Snap"],"picked":"Fission","floor":13},{"not_picked":["Biased Cognition","Meteor Strike"],"picked":"Seek","floor":16},{"not_picked":["Stack","Beam Cell"],"picked":"Storm","floor":18},{"not_picked":["Force Field","Coolheaded"],"picked":"Cold Snap+1","floor":20},{"not_picked":["Go for the Eyes","Streamline"],"picked":"Beam Cell","floor":21}],"player_experience":738865,"relics_obtained":[{"floor":6,"key":"Pen Nib"},{"floor":9,"key":"Shuriken"},{"floor":20,"key":"Red Mask"}],"event_choices":[{"event_name":"Purifier","player_choice":"Skipped","floor":8,"damage_taken":0},{"event_name":"Drug Dealer","player_choice":"Inject Mutagens","floor":19,"damage_taken":0},{"event_name":"Masked Bandits","player_choice":"Fought Bandits","floor":20,"damage_taken":0}],"is_beta":false,"boss_relics":[{"not_picked":["Calling Bell","Velvet Choker"],"picked":"Nuclear Battery"}],"items_purged_floors":[],"is_endless":false,"potions_floor_spawned":[2,7,11,12,13,20],"killed_by":"Snake Plant","ascension_level":14}