{"gold_per_floor":[365,379,379,62,10,10,36,56,56,70,91,102,102,117,117,195,195,214,214,51,66,66,66,98,110,146,186,32,32,32,42,42,121,121,136,411,1410,1410,586,586,614,614,614,23,53,69,104,104,104,104,104],"floor_reached":51,"playtime":2256,"items_purged":["Strike_R","Normality","Normality"],"score":1634,"play_id":"6c5798cb-bae1-4cd7-9eb9-c5ab4f1ee945","local_time":"20190316131608","is_ascension_mode":true,"campfire_choices":[{"data":"Whirlwind","floor":6,"key":"SMITH"},{"data":"Disarm","floor":13,"key":"SMITH"},{"data":"Armaments","floor":15,"key":"SMITH"},{"data":"Corruption","floor":23,"key":"SMITH"},{"floor":25,"key":"REST"},{"data":"Barricade","floor":29,"key":"SMITH"},{"floor":32,"key":"REST"},{"data":"Offering","floor":40,"key":"SMITH"},{"floor":42,"key":"REST"},{"floor":49,"key":"RECALL"}],"neow_cost":"PERCENT_DAMAGE","seed_source_timestamp":182339766535800,"circlet_count":0,"master_deck":["AscendersBane","Bash","Whirlwind+1","Disarm+1","Battle Trance","Rampage+1","Armaments+1","Flame Barrier","Seeing Red","Second Wind","True Grit+1","Headbutt+1","Exhume","Corruption+1","Warcry+1","Barricade+1","Shrug It Off","Offering+1","Headbutt+1","Demon Form","Inflame","Iron Wave+1","Fire Breathing","Warcry","Rampage+1","Regret","Body Slam+1","Disarm","Corruption","Limit Break","Warcry+1","Madness","Madness"],"relics":["Burning Blood","Oddly Smooth Stone","Prayer Wheel","Strawberry","Molten Egg 2","Odd Mushroom","Sozu","PreservedInsect","Vajra","MawBank","Juzu Bracelet","Red Skull","Pandora\u0027s Box","Lantern","Singing Bowl","Sling","Shuriken","Bottled Tornado","Dead Branch","Regal Pillow","Orichalcum"],"potions_floor_usage":[7,11,16,16,27,51],"damage_taken":[{"damage":14,"enemies":"Jaw Worm","floor":1,"turns":4},{"damage":2,"enemies":"2 Louse","floor":2,"turns":4},{"damage":32,"enemies":"Lagavulin","floor":7,"turns":8},{"damage":0,"enemies":"Cultist","floor":8,"turns":4},{"damage":13,"enemies":"Gremlin Gang","floor":10,"turns":3},{"damage":0,"enemies":"The Mushroom Lair","floor":11,"turns":3},{"damage":0,"enemies":"Blue Slaver","floor":12,"turns":5},{"damage":2,"enemies":"Looter","floor":14,"turns":4},{"damage":8,"enemies":"Hexaghost","floor":16,"turns":11},{"damage":27,"enemies":"Shell Parasite","floor":18,"turns":5},{"damage":5,"enemies":"Spheric Guardian","floor":21,"turns":5},{"damage":29,"enemies":"Slavers","floor":24,"turns":3},{"damage":29,"enemies":"Gremlin Leader","floor":27,"turns":8},{"damage":17,"enemies":"Snecko","floor":31,"turns":4},{"damage":15,"enemies":"Champ","floor":33,"turns":13},{"damage":8,"enemies":"Orb Walker","floor":35,"turns":3},{"damage":54,"enemies":"Giant Head","floor":41,"turns":6},{"damage":11,"enemies":"Reptomancer","floor":45,"turns":4},{"damage":9,"enemies":"3 Shapes","floor":46,"turns":4},{"damage":0,"enemies":"Nemesis","floor":47,"turns":5},{"damage":17,"enemies":"Awakened One","floor":50,"turns":8},{"damage":12,"enemies":"Donu and Deca","floor":51,"turns":2}],"seed_played":"-6627404949104003692","potions_obtained":[{"floor":2,"key":"Energy Potion"},{"floor":7,"key":"EntropicBrew"},{"floor":10,"key":"Poison Potion"},{"floor":16,"key":"Block Potion"}],"is_trial":false,"path_per_floor":["M","M","?","$","?","R","E","M","T","M","?","M","R","M","R","B",null,"M","?","$","M","?","R","E","R","T","E","$","R","?","M","R","B",null,"M","?","?","?","$","R","E","R","T","$","E","M","E","?","R","B","B"],"character_chosen":"IRONCLAD","items_purchased":["Disarm","Oddly Smooth Stone","Vajra","Red Skull","Lantern","Singing Bowl","Sling","Body Slam+1","Dead Branch","Disarm","Corruption"],"campfire_rested":3,"item_purchase_floors":[4,4,20,28,39,39,39,39,44,44,44],"current_hp_per_floor":[42,46,46,46,46,46,27,33,33,26,32,38,38,42,42,40,72,51,51,51,52,52,52,29,53,53,30,30,30,30,19,43,34,70,68,68,68,68,68,68,22,47,47,47,42,41,49,33,33,22,10],"gold":104,"neow_bonus":"TWO_FIFTY_GOLD","is_prod":false,"is_daily":false,"chose_seed":false,"campfire_upgraded":6,"win_rate":0,"timestamp":1552709768,"path_taken":["M","M","?","$","?","R","E","?","T","?","?","M","R","M","R","BOSS","M","?","$","?","?","R","E","R","T","E","?","R","?","M","R","BOSS","M","?","?","?","$","R","E","R","T","$","E","M","E","?","R","BOSS","BOSS"],"build_version":"2019-01-23","purchased_purges":3,"victory":false,"max_hp_per_floor":[75,75,75,75,75,75,82,82,82,82,82,82,82,82,82,82,82,82,82,82,82,82,82,82,82,82,82,82,82,82,82,82,82,82,82,82,82,82,82,82,84,84,84,84,84,86,88,88,88,88,88],"card_choices":[{"not_picked":["Cleave","Rage","Ghostly Armor"],"picked":"SKIP","floor":1},{"not_picked":["Rage","Anger"],"picked":"Whirlwind","floor":2},{"not_picked":["Dark Embrace","Disarm"],"picked":"Battle Trance","floor":7},{"not_picked":["Bloodletting","Heavy Blade","Clothesline"],"picked":"SKIP","floor":8},{"not_picked":["Sword Boomerang","Fire Breathing","Thunderclap"],"picked":"SKIP","floor":8},{"not_picked":["Sentinel","Wild Strike+1"],"picked":"Rampage+1","floor":10},{"not_picked":["Pommel Strike+1","Iron Wave+1"],"picked":"Armaments","floor":10},{"not_picked":["Hemokinesis+1","Carnage+1"],"picked":"Flame Barrier","floor":11},{"not_picked":["Corruption","Rupture"],"picked":"Seeing Red","floor":12},{"not_picked":["Perfected Strike+1","Heavy Blade+1"],"picked":"Second Wind","floor":12},{"not_picked":["Burning Pact","Havoc"],"picked":"True Grit","floor":14},{"not_picked":["Brutality","Bloodletting"],"picked":"Headbutt+1","floor":14},{"not_picked":["Berserk","Juggernaut"],"picked":"Exhume","floor":16},{"not_picked":["Iron Wave+1","Rampage+1"],"picked":"Corruption","floor":18},{"not_picked":["Havoc","Hemokinesis+1","Pummel+1"],"picked":"SKIP","floor":18},{"not_picked":["Iron Wave+1","Flex"],"picked":"Warcry+1","floor":21},{"not_picked":["Anger+1","Cleave+1","Iron Wave+1"],"picked":"SKIP","floor":21},{"not_picked":["Infernal Blade","Sentinel"],"picked":"Barricade","floor":24},{"not_picked":["Flex","Headbutt+1","Pommel Strike+1"],"picked":"SKIP","floor":27},{"not_picked":["Iron Wave+1","Battle Trance"],"picked":"Shrug It Off","floor":31},{"not_picked":["Warcry","Twin Strike+1","Dual Wield"],"picked":"SKIP","floor":31},{"not_picked":["Dark Embrace","Double Tap"],"picked":"Offering","floor":33},{"not_picked":["Rupture","Iron Wave+1","Bloodletting"],"picked":"SKIP","floor":35},{"not_picked":["Wild Strike+1","Thunderclap+1","Flex"],"picked":"SKIP","floor":35},{"not_picked":["Wild Strike+1","Pummel+1","Pommel Strike+1"],"picked":"Singing Bowl","floor":41},{"not_picked":["Headbutt+1","Thunderclap+1"],"picked":"Limit Break","floor":45},{"not_picked":["Anger+1","Headbutt+1","True Grit"],"picked":"Singing Bowl","floor":46},{"not_picked":["Sever Soul+1","Headbutt+1"],"picked":"Warcry+1","floor":46},{"not_picked":["Clash+1","Hemokinesis+1","Pommel Strike+1"],"picked":"Singing Bowl","floor":47}],"player_experience":2301220,"relics_obtained":[{"floor":7,"key":"Strawberry"},{"floor":9,"key":"Molten Egg 2"},{"floor":11,"key":"Odd Mushroom"},{"floor":19,"key":"PreservedInsect"},{"floor":24,"key":"MawBank"},{"floor":27,"key":"Juzu Bracelet"},{"floor":41,"key":"Shuriken"},{"floor":43,"key":"Bottled Tornado"},{"floor":45,"key":"Regal Pillow"},{"floor":47,"key":"Orichalcum"}],"event_choices":[{"cards_removed":["Strike_R"],"damage_healed":0,"gold_gain":0,"player_choice":"Forget","damage_taken":0,"max_hp_gain":0,"max_hp_loss":0,"event_name":"Living Wall","floor":3,"gold_loss":0},{"damage_healed":0,"gold_gain":0,"player_choice":"Paid Gold","damage_taken":0,"relics_obtained":["Prayer Wheel"],"max_hp_gain":0,"max_hp_loss":0,"event_name":"WeMeetAgain","floor":5,"gold_loss":52},{"damage_healed":0,"gold_gain":0,"player_choice":"Fought Mushrooms","damage_taken":0,"max_hp_gain":0,"max_hp_loss":0,"event_name":"Mushrooms","floor":11,"gold_loss":0},{"damage_healed":0,"gold_gain":0,"player_choice":"Relic","damage_taken":0,"max_hp_gain":0,"max_hp_loss":0,"event_name":"Wheel of Change","floor":19,"gold_loss":0},{"damage_healed":0,"gold_gain":0,"player_choice":"Upgraded","damage_taken":0,"max_hp_gain":0,"max_hp_loss":0,"event_name":"Upgrade Shrine","floor":22,"gold_loss":0,"cards_upgraded":["True Grit"]},{"damage_healed":0,"gold_gain":0,"player_choice":"Ignored","damage_taken":0,"max_hp_gain":0,"max_hp_loss":0,"event_name":"Vampires","floor":30,"gold_loss":0},{"damage_healed":0,"gold_gain":275,"player_choice":"Desecrate","damage_taken":0,"max_hp_gain":0,"max_hp_loss":0,"event_name":"Golden Shrine","floor":36,"gold_loss":0,"cards_obtained":["Regret"]},{"damage_healed":0,"gold_gain":999,"player_choice":"Gold","damage_taken":0,"max_hp_gain":0,"max_hp_loss":0,"event_name":"MindBloom","floor":37,"gold_loss":0,"cards_obtained":["Normality","Normality"]},{"damage_healed":0,"gold_gain":0,"player_choice":"Ignored","damage_taken":0,"max_hp_gain":0,"max_hp_loss":0,"event_name":"Mysterious Sphere","floor":38,"gold_loss":0},{"damage_healed":0,"gold_gain":0,"player_choice":"Embrace Madness","damage_taken":16,"max_hp_gain":0,"max_hp_loss":0,"event_name":"Winding Halls","floor":48,"gold_loss":0,"cards_obtained":["Madness","Madness"]}],"is_beta":false,"boss_relics":[{"not_picked":["Snecko Eye","Orrery"],"picked":"Sozu"},{"not_picked":["Fusion Hammer","Philosopher\u0027s Stone"],"picked":"Pandora\u0027s Box"}],"items_purged_floors":[4,39,44],"is_endless":false,"potions_floor_spawned":[2,7,10,16,21,27,33,35,46,47],"killed_by":"Donu and Deca","ascension_level":20}