{"gold_per_floor":[11,11,27,38,38,72,37,37,116,151,76,76,94,112,112,112],"floor_reached":16,"playtime":852,"items_purged":["Regret"],"score":160,"play_id":"eeb3be22-0b4a-448a-a6e6-1cc334f663bc","local_time":"20180709214138","is_ascension_mode":true,"campfire_choices":[{"floor":8,"key":"REST"},{"floor":12,"key":"REST"},{"floor":15,"key":"REST"}],"neow_cost":"NO_GOLD","seed_source_timestamp":0,"circlet_count":0,"master_deck":["Strike_R","Strike_R","Strike_R","Strike_R","Strike_R","Defend_R","Defend_R","Defend_R","Defend_R","Bash","Iron Wave"],"special_seed":17721,"relics":["Burning Blood","Magic Flower","Ancient Tea Set","Bird Faced Urn","Ornamental Fan","Singing Bowl"],"potions_floor_usage":[6,14],"damage_taken":[{"damage":12,"enemies":"Small Slimes","floor":1,"turns":5},{"damage":15,"enemies":"Jaw Worm","floor":3,"turns":4},{"damage":3,"enemies":"2 Louse","floor":4,"turns":4},{"damage":51,"enemies":"3 Sentries","floor":6,"turns":15},{"damage":48,"enemies":"Gremlin Nob","floor":10,"turns":5},{"damage":6,"enemies":"Large Slime","floor":13,"turns":6},{"damage":18,"enemies":"Exordium Thugs","floor":14,"turns":4},{"damage":96,"enemies":"Hexaghost","floor":16,"turns":9}],"seed_played":"2365577451791200373","potions_obtained":[{"floor":1,"key":"Block Potion"},{"floor":3,"key":"FairyPotion"},{"floor":10,"key":"Fire Potion"},{"floor":13,"key":"Energy Potion"}],"is_trial":false,"path_per_floor":["M","?","M","M","?","E","?","R","T","E","$","R","M","M","R"],"character_chosen":"IRONCLAD","items_purchased":[],"campfire_rested":3,"item_purchase_floors":[],"current_hp_per_floor":[69,69,63,69,69,27,47,71,71,34,34,58,61,54,79,0],"gold":112,"neow_bonus":"ONE_RARE_RELIC","is_prod":false,"is_daily":false,"chose_seed":false,"campfire_upgraded":0,"win_rate":0,"timestamp":1531161698,"path_taken":["M","?","M","M","?","E","?","R","T","E","?","R","?","M","R","BOSS"],"build_version":"2018-07-05","purchased_purges":1,"victory":false,"max_hp_per_floor":[80,80,80,80,80,80,80,80,80,82,82,82,82,84,84,84],"card_choices":[{"not_picked":["Battle Trance","Cleave","Heavy Blade"],"picked":"SKIP","floor":1},{"not_picked":["Sever Soul","Shrug It Off","Heavy Blade"],"picked":"SKIP","floor":3},{"not_picked":["Warcry","Reckless Charge","Body Slam"],"picked":"SKIP","floor":4},{"not_picked":["Evolve","Havoc","Sword Boomerang"],"picked":"SKIP","floor":6},{"not_picked":["Combust","Pommel Strike","Thunderclap"],"picked":"Singing Bowl","floor":10},{"not_picked":["Spot Weakness","Thunderclap"],"picked":"Iron Wave","floor":13},{"not_picked":["Cleave","Shrug It Off","Twin Strike"],"picked":"Singing Bowl","floor":14}],"player_experience":551077,"relics_obtained":[{"floor":6,"key":"Bird Faced Urn"},{"floor":9,"key":"Ornamental Fan"},{"floor":10,"key":"Singing Bowl"}],"event_choices":[{"event_name":"Big Fish","player_choice":"Box","floor":2,"damage_taken":0},{"event_name":"Golden Idol","player_choice":"Ignored","floor":5,"damage_taken":0},{"event_name":"The Cleric","player_choice":"Healed","floor":7,"damage_taken":0}],"boss_relics":[],"items_purged_floors":[11],"is_endless":false,"potions_floor_spawned":[1,3,10,13],"killed_by":"Hexaghost","ascension_level":9}