{"gold_per_floor":[119,119,119,139,139,170,170,188,188,188,338,338,353,22,22,22],"floor_reached":16,"playtime":257,"items_purged":["Doubt"],"score":246,"play_id":"8b7aeec9-4f75-4caf-b145-44a104e0831b","local_time":"20190408143824","is_ascension_mode":true,"campfire_choices":[{"data":"Zap","floor":7,"key":"SMITH"},{"data":"Recycle","floor":10,"key":"SMITH"},{"data":"Coolheaded","floor":15,"key":"SMITH"}],"neow_cost":"NONE","seed_source_timestamp":132177679195000,"circlet_count":0,"master_deck":["AscendersBane","Strike_B","Strike_B","Strike_B","Defend_B","Defend_B","Defend_B","Defend_B","Zap+1","Dualcast","Recycle+1","Leap","Barrage","Coolheaded+1"],"relics":["Cracked Core","NeowsBlessing","Gambling Chip","PreservedInsect","WingedGreaves","Boot"],"potions_floor_usage":[16],"damage_taken":[{"damage":0,"enemies":"2 Louse","floor":1,"turns":1},{"damage":0,"enemies":"Small Slimes","floor":4,"turns":1},{"damage":0,"enemies":"3 Sentries","floor":6,"turns":1},{"damage":11,"enemies":"Cultist","floor":8,"turns":4},{"damage":13,"enemies":"3 Louse","floor":13,"turns":4},{"damage":50,"enemies":"Hexaghost","floor":16,"turns":9}],"seed_played":"-3010522233769065265","potions_obtained":[{"floor":1,"key":"LiquidBronze"},{"floor":12,"key":"Energy Potion"}],"is_trial":false,"path_per_floor":["M","?","?","M","?","E","R","M","T","R","?","?","M","$","R","B"],"character_chosen":"DEFECT","items_purchased":["Boot","Barrage","Coolheaded"],"campfire_rested":0,"item_purchase_floors":[14,14,14],"current_hp_per_floor":[64,38,38,38,71,71,71,60,60,60,60,60,47,47,47,0],"gold":22,"neow_bonus":"THREE_ENEMY_KILL","is_prod":false,"is_daily":false,"chose_seed":false,"campfire_upgraded":3,"win_rate":0,"timestamp":1554701904,"path_taken":["M","?","?","M","?","E","R","?","T","R","?","?","?","$","R","BOSS"],"build_version":"2019-01-23","purchased_purges":1,"victory":false,"max_hp_per_floor":[71,71,71,71,71,71,71,71,71,71,71,71,71,71,71,71],"card_choices":[{"not_picked":["Heatsinks","Gash"],"picked":"Recycle","floor":1},{"not_picked":["Coolheaded","Auto Shields"],"picked":"FTL","floor":4},{"not_picked":["BootSequence","Compile Driver","Lockon"],"picked":"SKIP","floor":6},{"not_picked":["Stack","Steam","Conserve Battery"],"picked":"SKIP","floor":8},{"not_picked":["Conserve Battery","Turbo","Compile Driver"],"picked":"SKIP","floor":13}],"player_experience":2978510,"relics_obtained":[{"floor":6,"key":"PreservedInsect"},{"floor":9,"key":"WingedGreaves"}],"event_choices":[{"damage_healed":0,"gold_gain":0,"player_choice":"Success","damage_taken":26,"relics_obtained":["Gambling Chip"],"max_hp_gain":0,"max_hp_loss":0,"event_name":"Scrap Ooze","floor":2,"gold_loss":0},{"damage_healed":0,"gold_gain":0,"cards_transformed":["Strike_B"],"player_choice":"Change","damage_taken":0,"max_hp_gain":0,"max_hp_loss":0,"event_name":"Living Wall","floor":3,"gold_loss":0,"cards_obtained":["Leap"]},{"cards_removed":["FTL"],"damage_healed":33,"gold_gain":0,"player_choice":"Offered Uncommon","damage_taken":0,"max_hp_gain":0,"max_hp_loss":0,"event_name":"Bonfire Elementals","floor":5,"gold_loss":0},{"damage_healed":0,"gold_gain":150,"player_choice":"AGREE","damage_taken":0,"max_hp_gain":0,"max_hp_loss":0,"event_name":"Liars Game","floor":11,"gold_loss":0,"cards_obtained":["Doubt"]},{"damage_healed":0,"gold_gain":0,"player_choice":"Got Potions","damage_taken":0,"max_hp_gain":0,"max_hp_loss":0,"event_name":"Lab","floor":12,"gold_loss":0}],"is_beta":false,"boss_relics":[],"items_purged_floors":[14],"is_endless":false,"potions_floor_spawned":[1],"killed_by":"Hexaghost","ascension_level":20}