{"gold_per_floor":[116,127,142,161,16,16,31,57,57,57,57,57,57,57,57,134,134,150,170,180,190,206,206,206],"floor_reached":24,"playtime":1531,"items_purged":[],"score":340,"play_id":"61be6a3c-a937-4418-b603-3943190a913a","local_time":"20181203004706","is_ascension_mode":true,"campfire_choices":[{"data":"A Thousand Cuts","floor":6.0,"key":"SMITH"},{"data":"Neutralize","floor":10.0,"key":"SMITH"},{"data":"1","floor":12.0,"key":"LIFT"},{"data":"2","floor":15.0,"key":"LIFT"},{"data":"Footwork","floor":23.0,"key":"SMITH"}],"neow_cost":"NONE","seed_source_timestamp":641465060002346,"circlet_count":0,"master_deck":["AscendersBane","Defend_G","Defend_G","Defend_G","Defend_G","Defend_G","Strike_G","Strike_G","Strike_G","Strike_G","Strike_G","Survivor","Neutralize+1","Leg Sweep","Heel Hook","A Thousand Cuts+1","Masterful Stab","Skewer","Venomology","Slice+1","Deflect","Flying Knee","Blade Dance","Footwork+1"],"special_seed":0,"relics":["Ring of the Serpent","Oddly Smooth Stone","Girya","Ninja Scroll","Matryoshka"],"potions_floor_usage":[24,24,24],"damage_taken":[{"damage":0.0,"enemies":"Cultist","floor":1.0,"turns":5.0},{"damage":1.0,"enemies":"Small Slimes","floor":2.0,"turns":6.0},{"damage":0.0,"enemies":"Jaw Worm","floor":3.0,"turns":6.0},{"damage":0.0,"enemies":"Blue Slaver","floor":4.0,"turns":5.0},{"damage":4.0,"enemies":"Exordium Wildlife","floor":7.0,"turns":4.0},{"damage":2.0,"enemies":"Gremlin Nob","floor":8.0,"turns":5.0},{"damage":38.0,"enemies":"The Guardian","floor":16.0,"turns":14.0},{"damage":0.0,"enemies":"Chosen","floor":18.0,"turns":4.0},{"damage":2.0,"enemies":"2 Thieves","floor":19.0,"turns":3.0},{"damage":4.0,"enemies":"Snecko","floor":20.0,"turns":4.0},{"damage":10.0,"enemies":"3 Cultists","floor":21.0,"turns":6.0},{"damage":21.0,"enemies":"Sentry and Sphere","floor":22.0,"turns":4.0},{"damage":18,"enemies":"Book of Stabbing","floor":24,"turns":7}],"seed_played":"-2667964088567110881","potions_obtained":[{"floor":1.0,"key":"Swift Potion"},{"floor":2.0,"key":"GhostInAJar"},{"floor":16.0,"key":"Energy Potion"},{"floor":21.0,"key":"SpeedPotion"},{"floor":22.0,"key":"SkillPotion"}],"is_trial":false,"path_per_floor":["M","M","M","M","$","R","M","E","T","R","$","R","$","?","R","B",null,"M","M","M","M","M","R","E"],"character_chosen":"THE_SILENT","items_purchased":["A Thousand Cuts"],"campfire_rested":0,"item_purchase_floors":[5],"current_hp_per_floor":[59,58,58,58,58,58,54,52,52,52,52,52,52,45,45,7,51,51,49,45,35,14,14,0],"gold":206,"neow_bonus":"RANDOM_COMMON_RELIC","is_prod":false,"is_daily":false,"chose_seed":false,"campfire_upgraded":3,"win_rate":0,"timestamp":1543769226,"path_taken":["M","M","M","M","$","R","M","E","T","R","?","R","$","?","R","BOSS","M","M","M","M","M","R","E"],"build_version":"2018-11-15","purchased_purges":0,"victory":false,"max_hp_per_floor":[66,66,66,66,66,66,66,66,66,66,66,66,66,66,66,66,66,66,66,66,66,66,66,66],"card_choices":[{"not_picked":["Quick Slash","Slice"],"picked":"Leg Sweep","floor":1.0},{"not_picked":["Crippling Poison","Tactician"],"picked":"Heel Hook","floor":2.0},{"not_picked":["Escape Plan","Outmaneuver","Deflect"],"picked":"SKIP","floor":3.0},{"not_picked":["Setup","Outmaneuver","Reflex"],"picked":"SKIP","floor":4.0},{"not_picked":["Deflect","Catalyst"],"picked":"Masterful Stab","floor":7.0},{"not_picked":["Crippling Poison","PiercingWail"],"picked":"Skewer","floor":8.0},{"not_picked":["Grand Finale","Phantasmal Killer"],"picked":"Venomology","floor":16.0},{"not_picked":["Flechettes","Sucker Punch"],"picked":"Slice+1","floor":18.0},{"not_picked":["Sucker Punch","Dash"],"picked":"Deflect","floor":19.0},{"not_picked":["Leg Sweep","Poisoned Stab"],"picked":"Flying Knee","floor":20.0},{"not_picked":["Calculated Gamble","Quick Slash"],"picked":"Blade Dance","floor":21.0},{"not_picked":["Burst","Dagger Spray"],"picked":"Footwork","floor":22.0}],"player_experience":577620,"relics_obtained":[{"floor":8.0,"key":"Girya"},{"floor":9.0,"key":"Ninja Scroll"}],"event_choices":[{"damage_healed":0.0,"max_hp_gain":0.0,"max_hp_loss":0.0,"gold_gain":0.0,"event_name":"Scrap Ooze","player_choice":"Success","floor":14.0,"gold_loss":0.0,"damage_taken":7.0,"relics_obtained":["Matryoshka"]}],"is_beta":true,"boss_relics":[{"not_picked":["Runic Pyramid","Tiny House"],"picked":"Ring of the Serpent"}],"items_purged_floors":[],"is_endless":false,"potions_floor_spawned":[1,2,3,16,19,21,22],"killed_by":"Book of Stabbing","ascension_level":14}