{"gold_per_floor":[110,124,141,141,64,64,93,93,93,110,110,110,139,206,206,206],"floor_reached":16,"playtime":290,"items_purged":[],"score":220,"play_id":"d4c041fb-47f2-4f33-8f43-40e1b9e711e1","local_time":"20190425121021","is_ascension_mode":true,"campfire_choices":[{"data":"Bash","floor":6,"key":"SMITH"},{"floor":8,"key":"REST"},{"floor":11,"key":"REST"},{"floor":15,"key":"REST"}],"neow_cost":"NONE","seed_source_timestamp":260641775521000,"circlet_count":0,"master_deck":["AscendersBane","Strike_R","Strike_R","Strike_R+1","Strike_R","Strike_R","Defend_R","Defend_R","Defend_R","Defend_R","Bash+1","Wild Strike","Perfected Strike+1","Second Wind","Shockwave","Feed","Entrench"],"relics":["Sozu","Mummified Hand","Potion Belt","SsserpentHead","Happy Flower"],"potions_floor_usage":[],"damage_taken":[{"damage":5,"enemies":"2 Louse","floor":1,"turns":3},{"damage":7,"enemies":"Jaw Worm","floor":2,"turns":2},{"damage":0,"enemies":"Cultist","floor":3,"turns":3},{"damage":25,"enemies":"3 Sentries","floor":7,"turns":8},{"damage":16,"enemies":"Exordium Wildlife","floor":10,"turns":4},{"damage":32,"enemies":"Gremlin Nob","floor":13,"turns":4},{"damage":0,"enemies":"2 Fungi Beasts","floor":14,"turns":2},{"damage":0,"enemies":"The Guardian","floor":16,"turns":1}],"seed_played":"8407193553514187517","potions_obtained":[],"is_trial":false,"path_per_floor":["M","M","M","?","$","R","E","R","T","M","R","?","E","M","R","B"],"character_chosen":"IRONCLAD","items_purchased":["Shockwave"],"campfire_rested":3,"item_purchase_floors":[5],"current_hp_per_floor":[63,56,56,33,33,33,8,30,30,14,36,36,4,7,30,30],"gold":206,"neow_bonus":"BOSS_RELIC","is_prod":false,"is_daily":false,"chose_seed":false,"campfire_upgraded":1,"win_rate":0,"timestamp":1556161821,"path_taken":["M","M","M","?","$","R","E","R","T","M","R","?","E","?","R","BOSS"],"build_version":"2019-01-23","purchased_purges":0,"victory":false,"max_hp_per_floor":[75,75,75,75,75,75,75,75,75,75,75,75,75,78,78,78],"card_choices":[{"not_picked":["Fire Breathing","Anger"],"picked":"Wild Strike","floor":1},{"not_picked":["Blood for Blood","Rampage"],"picked":"Perfected Strike","floor":2},{"not_picked":["Armaments","Heavy Blade"],"picked":"Second Wind","floor":3},{"not_picked":["Power Through","Shrug It Off"],"picked":"Feed","floor":7},{"not_picked":["Armaments","Heavy Blade","Carnage"],"picked":"SKIP","floor":10},{"not_picked":["Body Slam","Intimidate","Infernal Blade"],"picked":"SKIP","floor":13},{"not_picked":["Clothesline","Combust"],"picked":"Entrench","floor":14}],"player_experience":3359080,"relics_obtained":[{"floor":7,"key":"Mummified Hand"},{"floor":9,"key":"Potion Belt"},{"floor":13,"key":"Happy Flower"}],"event_choices":[{"damage_healed":0,"gold_gain":0,"player_choice":"Entered Light","damage_taken":23,"max_hp_gain":0,"max_hp_loss":0,"event_name":"Shining Light","floor":4,"gold_loss":0,"cards_upgraded":["Perfected Strike","Strike_R"]},{"damage_healed":0,"gold_gain":0,"player_choice":"Trade","damage_taken":0,"relics_obtained":["SsserpentHead"],"max_hp_gain":0,"max_hp_loss":0,"event_name":"FaceTrader","floor":12,"gold_loss":0}],"is_beta":false,"boss_relics":[],"items_purged_floors":[],"is_endless":false,"potions_floor_spawned":[3,7,13],"killed_by":"The Guardian","ascension_level":20}