{"gold_per_floor":[359,371,371,388,402,402,431,431,431,481,6,6],"floor_reached":12,"playtime":474,"items_purged":["Defend_B"],"score":156,"play_id":"bc5277c8-0408-47c2-9186-ecb8fcd9569d","local_time":"20190215115231","is_ascension_mode":true,"campfire_choices":[{"data":"Melter","floor":6,"key":"SMITH"},{"data":"Zap","floor":8,"key":"SMITH"}],"neow_cost":"TEN_PERCENT_HP_LOSS","seed_source_timestamp":93551134637000,"circlet_count":0,"master_deck":["AscendersBane","Strike_B","Strike_B","Strike_B","Strike_B","Defend_B","Defend_B","Defend_B","Zap+1","Dualcast","Chill","Melter+1","Reboot","Coolheaded","Beam Cell","Chrysalis"],"relics":["Cracked Core","CultistMask","Mango","Calipers"],"potions_floor_usage":[7,12,12],"damage_taken":[{"damage":7,"enemies":"Small Slimes","floor":1,"turns":3},{"damage":6,"enemies":"Cultist","floor":2,"turns":4},{"damage":7,"enemies":"Jaw Worm","floor":4,"turns":3},{"damage":3,"enemies":"2 Fungi Beasts","floor":5,"turns":4},{"damage":26,"enemies":"Lagavulin","floor":7,"turns":7},{"damage":24,"enemies":"Gremlin Nob","floor":12,"turns":4}],"seed_played":"7317978668055659967","potions_obtained":[{"floor":1,"key":"SteroidPotion"}],"is_trial":false,"path_per_floor":["M","M","?","M","M","R","E","R","T","?","$","E"],"character_chosen":"DEFECT","items_purchased":["Coolheaded","Block Potion","Beam Cell","Chrysalis","Swift Potion"],"campfire_rested":0,"item_purchase_floors":[11,11,11,11,11],"current_hp_per_floor":[57,51,51,44,41,41,29,29,29,29,29,5],"gold":6,"neow_bonus":"TWO_FIFTY_GOLD","is_prod":false,"is_daily":false,"chose_seed":false,"campfire_upgraded":2,"win_rate":0,"timestamp":1550199151,"path_taken":["M","M","?","?","M","R","E","R","T","?","$","E"],"build_version":"2019-01-23","purchased_purges":1,"victory":false,"max_hp_per_floor":[64,64,64,64,64,64,78,78,78,78,78,78],"card_choices":[{"not_picked":["Skim","Compile Driver","Redo"],"picked":"SKIP","floor":1},{"not_picked":["Barrage","Redo","Doom and Gloom"],"picked":"SKIP","floor":2},{"not_picked":["Skim","Conserve Battery"],"picked":"Chill","floor":4},{"not_picked":["Hologram","Redo"],"picked":"Melter","floor":5},{"not_picked":["Amplify","Compile Driver"],"picked":"Reboot","floor":7}],"player_experience":1583699,"relics_obtained":[{"floor":7,"key":"Mango"},{"floor":9,"key":"Calipers"}],"event_choices":[{"damage_healed":0,"gold_gain":0,"player_choice":"Trade","damage_taken":0,"relics_obtained":["CultistMask"],"max_hp_gain":0,"max_hp_loss":0,"event_name":"FaceTrader","floor":3,"gold_loss":0},{"damage_healed":0,"gold_gain":50,"player_choice":"Gained Gold","damage_taken":0,"max_hp_gain":0,"max_hp_loss":0,"event_name":"Golden Wing","floor":10,"gold_loss":0}],"is_beta":false,"boss_relics":[],"items_purged_floors":[11],"is_endless":false,"potions_floor_spawned":[1],"killed_by":"Gremlin Nob","ascension_level":20}