{"gold_per_floor":[118,129,54,54,54,54,84,84,107,132,207,227,245,270,270,270],"floor_reached":16,"playtime":530,"items_purged":["Defend_B"],"score":236,"play_id":"f7c10218-ccfd-470a-b8f8-5fa24e16e8bd","local_time":"20190313195625","is_ascension_mode":true,"campfire_choices":[{"data":"Blizzard","floor":6,"key":"SMITH"},{"data":"Consume","floor":8,"key":"SMITH"},{"data":"Biased Cognition","floor":15,"key":"SMITH"}],"neow_cost":"NONE","seed_source_timestamp":380407083140200,"circlet_count":0,"master_deck":["AscendersBane","Strike_B","Strike_B","Strike_B","Strike_B","Defend_B","Defend_B+1","Defend_B","Zap","Dualcast","Glacier+1","Blizzard+1","Consume+1","Biased Cognition+1","Cold Snap","Electrodynamics"],"relics":["White Beast Statue","War Paint","Orichalcum","Omamori","Mercury Hourglass","Matryoshka"],"potions_floor_usage":[10,13,16,16],"damage_taken":[{"damage":2,"enemies":"Cultist","floor":1,"turns":4},{"damage":1,"enemies":"Jaw Worm","floor":2,"turns":4},{"damage":13,"enemies":"Lagavulin","floor":7,"turns":10},{"damage":13,"enemies":"Gremlin Nob","floor":10,"turns":8},{"damage":1,"enemies":"2 Louse","floor":12,"turns":2},{"damage":7,"enemies":"Exordium Thugs","floor":13,"turns":4},{"damage":2,"enemies":"3 Sentries","floor":14,"turns":5},{"damage":7,"enemies":"Hexaghost","floor":16,"turns":9}],"seed_played":"6906455015343664732","potions_obtained":[{"floor":1,"key":"EssenceOfSteel"},{"floor":2,"key":"Block Potion"},{"floor":7,"key":"Swift Potion"},{"floor":10,"key":"Strength Potion"},{"floor":12,"key":"Explosive Potion"},{"floor":13,"key":"LiquidBronze"}],"is_trial":false,"path_per_floor":["M","M","$","?","$","R","E","R","T","E","?","M","M","E","R","B"],"character_chosen":"DEFECT","items_purchased":[],"campfire_rested":0,"item_purchase_floors":[],"current_hp_per_floor":[62,61,61,61,61,61,48,48,48,35,24,23,16,14,14,7],"gold":270,"neow_bonus":"BOSS_RELIC","is_prod":false,"is_daily":false,"chose_seed":false,"campfire_upgraded":3,"win_rate":0,"timestamp":1552474585,"path_taken":["M","?","$","?","?","R","E","R","T","E","?","?","M","E","R","BOSS"],"build_version":"2019-01-23","purchased_purges":1,"victory":false,"max_hp_per_floor":[71,71,71,71,71,71,71,71,71,71,71,71,71,71,71,71],"card_choices":[{"not_picked":["Go for the Eyes","Heatsinks"],"picked":"Glacier","floor":1},{"not_picked":["Go for the Eyes","Scrape"],"picked":"Blizzard","floor":2},{"not_picked":["Aggregate","Capacitor"],"picked":"Consume","floor":7},{"not_picked":["Turbo","Compile Driver"],"picked":"Biased Cognition","floor":10},{"not_picked":["Lockon","Leap","Barrage"],"picked":"SKIP","floor":12},{"not_picked":["Beam Cell","Steam"],"picked":"Cold Snap","floor":13},{"not_picked":["Reprogram","Reinforced Body"],"picked":"Electrodynamics","floor":14}],"player_experience":2243952,"relics_obtained":[{"floor":4,"key":"War Paint"},{"floor":7,"key":"Orichalcum"},{"floor":9,"key":"Omamori"},{"floor":10,"key":"Mercury Hourglass"},{"floor":14,"key":"Matryoshka"}],"event_choices":[{"damage_healed":0,"gold_gain":0,"player_choice":"Relic","damage_taken":0,"max_hp_gain":0,"max_hp_loss":0,"event_name":"Wheel of Change","floor":4,"gold_loss":0},{"damage_healed":0,"gold_gain":75,"player_choice":"Gather Gold","damage_taken":11,"max_hp_gain":0,"max_hp_loss":0,"event_name":"World of Goop","floor":11,"gold_loss":0}],"is_beta":false,"boss_relics":[],"items_purged_floors":[3],"is_endless":false,"potions_floor_spawned":[1,2,7,10,12,13,14],"killed_by":"Hexaghost","ascension_level":20}