{"gold_per_floor":[109,109,74,97,97,133,133,44,95,109,109,109,56,92,92,182,182,206,225,225,250,269,269,297,297,297,307,338,338,0,10,10,10],"floor_reached":33,"playtime":803,"items_purged":[],"score":632,"play_id":"15de7c3f-0811-440e-b612-6b9fa9c37957","local_time":"20190409214208","is_ascension_mode":true,"campfire_choices":[{"data":"Bash","floor":7,"key":"SMITH"},{"data":"Whirlwind","floor":11,"key":"SMITH"},{"floor":15,"key":"REST"},{"data":"Limit Break","floor":23,"key":"SMITH"},{"data":"Armaments","floor":29,"key":"SMITH"},{"data":"Feel No Pain","floor":32,"key":"SMITH"}],"neow_cost":"NONE","seed_source_timestamp":243454787698500,"circlet_count":0,"master_deck":["AscendersBane","Strike_R","Strike_R","Strike_R","Strike_R","Strike_R+1","Defend_R+1","Defend_R","Defend_R","Defend_R+1","Bash+1","Infernal Blade","Whirlwind+1","Limit Break+1","Feel No Pain+1","Flame Barrier+1","Reaper","Shrug It Off","Armaments+1","Shrug It Off"],"relics":["Burning Blood","NeowsBlessing","Bloody Idol","Matryoshka","Singing Bowl","Pantograph","Blood Vial","Red Skull","Snecko Eye","Smiling Mask","Orichalcum","War Paint","Pen Nib","Happy Flower","Bird Faced Urn"],"potions_floor_usage":[14,14,16,24,24,27],"damage_taken":[{"damage":0,"enemies":"Jaw Worm","floor":1,"turns":1},{"damage":0,"enemies":"Small Slimes","floor":4,"turns":1},{"damage":0,"enemies":"Gremlin Nob","floor":6,"turns":1},{"damage":9,"enemies":"2 Louse","floor":10,"turns":3},{"damage":40,"enemies":"Lagavulin","floor":14,"turns":5},{"damage":59,"enemies":"Slime Boss","floor":16,"turns":9},{"damage":38,"enemies":"3 Byrds","floor":18,"turns":4},{"damage":0,"enemies":"Spheric Guardian","floor":19,"turns":3},{"damage":24,"enemies":"Snecko","floor":22,"turns":4},{"damage":36,"enemies":"Gremlin Leader","floor":24,"turns":7},{"damage":0,"enemies":"Sentry and Sphere","floor":27,"turns":3},{"damage":21,"enemies":"Slavers","floor":28,"turns":3},{"damage":43,"enemies":"Snake Plant","floor":31,"turns":6},{"damage":94,"enemies":"Collector","floor":33,"turns":8}],"seed_played":"-1100746071598057103","potions_obtained":[{"floor":6,"key":"Strength Potion"},{"floor":10,"key":"Dexterity Potion"},{"floor":14,"key":"FearPotion"},{"floor":18,"key":"SneckoOil"},{"floor":19,"key":"SkillPotion"},{"floor":24,"key":"Regen Potion"},{"floor":31,"key":"Energy Potion"}],"is_trial":false,"path_per_floor":["M","?","?","M","?","E","R","$","T","M","R","?","$","E","R","B",null,"M","M","?","T","M","R","E","?","T","M","E","R","$","M","R","B"],"character_chosen":"IRONCLAD","items_purchased":["Whirlwind","Energy Potion","Bird Faced Urn","Shrug It Off"],"campfire_rested":1,"item_purchase_floors":[8,13,30,30],"current_hp_per_floor":[74,48,66,72,54,62,62,62,62,63,63,39,39,9,33,7,63,33,43,43,48,37,37,14,14,14,52,44,44,44,36,36,0],"gold":10,"neow_bonus":"THREE_ENEMY_KILL","is_prod":false,"is_daily":false,"chose_seed":false,"campfire_upgraded":5,"win_rate":0,"timestamp":1554813728,"path_taken":["M","?","?","M","?","E","R","?","T","M","R","?","$","E","R","BOSS","M","M","?","?","M","R","E","?","T","M","E","R","$","M","R","BOSS"],"build_version":"2019-01-23","purchased_purges":0,"victory":false,"max_hp_per_floor":[75,75,75,75,75,77,77,77,77,79,79,79,79,81,81,81,81,81,83,83,83,83,83,83,83,83,83,83,83,83,85,85,85],"card_choices":[{"not_picked":["Flex","Cleave","Uppercut"],"picked":"SKIP","floor":1},{"not_picked":["Warcry","Headbutt"],"picked":"Infernal Blade","floor":4},{"not_picked":["Cleave","Rupture","Sword Boomerang"],"picked":"Singing Bowl","floor":6},{"not_picked":["Thunderclap","Metallicize","Sword Boomerang"],"picked":"Singing Bowl","floor":10},{"not_picked":["Cleave","True Grit","Intimidate"],"picked":"Singing Bowl","floor":14},{"not_picked":["Bludgeon","Barricade"],"picked":"Limit Break","floor":16},{"not_picked":["Sword Boomerang","Clash"],"picked":"Feel No Pain","floor":18},{"not_picked":["Warcry","Thunderclap+1","Body Slam"],"picked":"Singing Bowl","floor":19},{"not_picked":["Dual Wield","Iron Wave"],"picked":"Flame Barrier","floor":22},{"not_picked":["True Grit","Clash+1"],"picked":"Reaper","floor":24},{"not_picked":["Evolve","Warcry"],"picked":"Shrug It Off","floor":27},{"not_picked":["Disarm","Wild Strike"],"picked":"Armaments","floor":28},{"not_picked":["Rupture","Pommel Strike","Armaments"],"picked":"Singing Bowl","floor":31}],"player_experience":3020304,"relics_obtained":[{"floor":6,"key":"Singing Bowl"},{"floor":9,"key":"Pantograph"},{"floor":9,"key":"Blood Vial"},{"floor":14,"key":"Red Skull"},{"floor":21,"key":"Smiling Mask"},{"floor":21,"key":"Orichalcum"},{"floor":24,"key":"War Paint"},{"floor":26,"key":"Pen Nib"},{"floor":28,"key":"Happy Flower"}],"event_choices":[{"damage_healed":0,"gold_gain":0,"player_choice":"Take Damage","damage_taken":26,"relics_obtained":["Golden Idol"],"max_hp_gain":0,"max_hp_loss":0,"event_name":"Golden Idol","floor":2,"gold_loss":0},{"damage_healed":18,"gold_gain":0,"player_choice":"Healed","damage_taken":0,"max_hp_gain":0,"max_hp_loss":0,"event_name":"The Cleric","floor":3,"gold_loss":35},{"damage_healed":0,"gold_gain":0,"player_choice":"Success","damage_taken":18,"relics_obtained":["Matryoshka"],"max_hp_gain":0,"max_hp_loss":0,"event_name":"Scrap Ooze","floor":5,"gold_loss":0},{"damage_healed":0,"gold_gain":0,"player_choice":"Entered Light","damage_taken":24,"max_hp_gain":0,"max_hp_loss":0,"event_name":"Shining Light","floor":12,"gold_loss":0,"cards_upgraded":["Defend_R","Strike_R"]},{"damage_healed":0,"gold_gain":0,"player_choice":"Gave Idol","damage_taken":0,"relics_obtained":["Bloody Idol"],"max_hp_gain":0,"max_hp_loss":0,"event_name":"Forgotten Altar","floor":20,"relics_lost":["Golden Idol"],"gold_loss":0},{"damage_healed":0,"gold_gain":0,"player_choice":"Ignored","damage_taken":0,"max_hp_gain":0,"max_hp_loss":0,"event_name":"The Mausoleum","floor":25,"gold_loss":0}],"is_beta":false,"boss_relics":[{"not_picked":["Black Star","White Beast Statue"],"picked":"Snecko Eye"}],"items_purged_floors":[],"is_endless":false,"potions_floor_spawned":[6,10,14,18,19,24,31],"killed_by":"Collector","ascension_level":20}