{"gold_per_floor":[117,128,128,142,102,102,116,116,141,141,153,173,191,207,207,283,283,300,27,40,54,54,54,68,68,68,0,19,19,19,19,19],"floor_reached":32,"playtime":1341,"items_purged":[],"score":448,"play_id":"74f81a0c-4cb6-4a48-a7b0-38cddca84807","local_time":"20190321204157","is_ascension_mode":true,"campfire_choices":[{"data":"Static Discharge","floor":6,"key":"SMITH"},{"floor":10,"key":"REST"},{"floor":15,"key":"REST"},{"floor":23,"key":"REST"},{"floor":25,"key":"REST"},{"floor":29,"key":"REST"},{"floor":32,"key":"REST"}],"neow_cost":"NONE","seed_source_timestamp":627697054285137,"circlet_count":0,"master_deck":["AscendersBane","Strike_B","Strike_B","Strike_B","Strike_B","Defend_B","Defend_B","Defend_B","Zap+1","Dualcast","Chill","Conserve Battery","Conserve Battery","Static Discharge+1","Loop","Meteor Strike","Ball Lightning","Redo","Redo","Buffer","Darkness","Ball Lightning","Static Discharge","Sunder","Fission","Seek","Conserve Battery","Redo"],"relics":["Cracked Core","Oddly Smooth Stone","Pen Nib","Orrery","Mercury Hourglass"],"potions_floor_usage":[13,13,16,18,21,21],"damage_taken":[{"damage":2,"enemies":"2 Louse","floor":1,"turns":3},{"damage":2,"enemies":"Small Slimes","floor":2,"turns":4},{"damage":0,"enemies":"Cultist","floor":4,"turns":3},{"damage":12,"enemies":"Looter","floor":7,"turns":3},{"damage":4,"enemies":"Exordium Wildlife","floor":11,"turns":3},{"damage":7,"enemies":"Blue Slaver","floor":12,"turns":4},{"damage":8,"enemies":"Looter","floor":13,"turns":5},{"damage":8,"enemies":"3 Louse","floor":14,"turns":3},{"damage":62,"enemies":"The Guardian","floor":16,"turns":10},{"damage":6,"enemies":"3 Byrds","floor":18,"turns":3},{"damage":24,"enemies":"Chosen","floor":20,"turns":4},{"damage":15,"enemies":"Centurion and Healer","floor":21,"turns":3},{"damage":18,"enemies":"Snake Plant","floor":24,"turns":2},{"damage":31,"enemies":"Sentry and Sphere","floor":28,"turns":5}],"seed_played":"-3846591509543703244","potions_obtained":[{"floor":4,"key":"EssenceOfSteel"},{"floor":12,"key":"Regen Potion"},{"floor":13,"key":"PowerPotion"},{"floor":14,"key":"Poison Potion"},{"floor":18,"key":"Weak Potion"}],"is_trial":false,"path_per_floor":["M","M","?","M","$","R","M","?","T","R","M","M","M","M","R","B",null,"M","$","M","M","?","R","M","R","T","?","M","R","?","$","R"],"character_chosen":"DEFECT","items_purchased":["Static Discharge","PowerPotion","PowerPotion","Fission"],"campfire_rested":6,"item_purchase_floors":[5,19,19,19],"current_hp_per_floor":[62,60,60,60,60,60,48,48,48,69,65,58,64,56,71,9,56,50,50,26,11,11,32,14,35,35,35,4,25,25,25,46],"gold":19,"neow_bonus":"RANDOM_COMMON_RELIC","is_prod":false,"is_daily":false,"chose_seed":false,"campfire_upgraded":1,"win_rate":0,"timestamp":1553193717,"path_taken":["M","M","?","M","$","R","M","?","T","R","M","M","M","M","R","BOSS","M","$","M","?","?","R","M","R","T","?","M","R","?","?","R"],"build_version":"2019-01-23","purchased_purges":0,"victory":false,"max_hp_per_floor":[71,71,71,71,71,71,71,71,71,71,71,71,71,71,71,71,71,71,71,71,71,71,71,71,71,71,71,71,71,71,71,71],"card_choices":[{"not_picked":["Sweeping Beam","Recycle"],"picked":"Chill","floor":1},{"not_picked":["Genetic Algorithm","Aggregate"],"picked":"Conserve Battery","floor":2},{"not_picked":["Compile Driver","Hologram"],"picked":"Conserve Battery","floor":4},{"not_picked":["Redo","Cold Snap"],"picked":"Loop","floor":7},{"not_picked":["Gash","Rip and Tear","Recycle"],"picked":"SKIP","floor":11},{"not_picked":["Sweeping Beam","Turbo"],"picked":"Ball Lightning","floor":12},{"not_picked":["Go for the Eyes","Turbo"],"picked":"Redo","floor":13},{"not_picked":["Turbo","Melter"],"picked":"Redo","floor":14},{"not_picked":["Hyperbeam","Biased Cognition"],"picked":"Buffer","floor":16},{"not_picked":["Coolheaded","Hologram"],"picked":"Darkness","floor":17},{"not_picked":["Steam","Stack"],"picked":"Ball Lightning","floor":17},{"not_picked":["Sweeping Beam","Lockon"],"picked":"Static Discharge","floor":17},{"not_picked":["Genetic Algorithm","Skim"],"picked":"Sunder","floor":18},{"not_picked":["Sweeping Beam","Hologram","Turbo"],"picked":"SKIP","floor":20},{"not_picked":["Beam Cell","Compile Driver"],"picked":"Seek","floor":21},{"not_picked":["Steam","Leap"],"picked":"Conserve Battery","floor":24},{"not_picked":["Turbo","Streamline"],"picked":"Redo","floor":28}],"player_experience":1122066,"relics_obtained":[{"floor":9,"key":"Pen Nib"},{"floor":26,"key":"Mercury Hourglass"}],"event_choices":[{"damage_healed":0,"gold_gain":0,"player_choice":"Grow","damage_taken":0,"max_hp_gain":0,"max_hp_loss":0,"event_name":"Living Wall","floor":3,"gold_loss":0,"cards_upgraded":["Zap"]},{"damage_healed":0,"gold_gain":0,"cards_transformed":["Defend_B"],"player_choice":"Transformed","damage_taken":0,"max_hp_gain":0,"max_hp_loss":0,"event_name":"Transmorgrifier","floor":8,"gold_loss":0,"cards_obtained":["Meteor Strike"]},{"damage_healed":0,"gold_gain":0,"player_choice":"Ignored","damage_taken":0,"max_hp_gain":0,"max_hp_loss":0,"event_name":"Cursed Tome","floor":22,"gold_loss":0},{"damage_healed":0,"gold_gain":0,"player_choice":"Paid Fearfully","damage_taken":0,"max_hp_gain":0,"max_hp_loss":0,"event_name":"Masked Bandits","floor":27,"gold_loss":68},{"damage_healed":0,"gold_gain":0,"player_choice":"Ignored","damage_taken":0,"max_hp_gain":0,"max_hp_loss":0,"event_name":"Beggar","floor":30,"gold_loss":0}],"is_beta":false,"boss_relics":[{"not_picked":["Busted Crown","Philosopher\u0027s Stone"],"picked":"Orrery"}],"items_purged_floors":[],"is_endless":false,"potions_floor_spawned":[4,12,13,14,18,20],"ascension_level":18}