{"gold_per_floor":[113,113,113,134,153,153,223,243,267,291,291,305,305,305,305,403,403,422,184,209,222,247,247,247,247,318,318,353,270,293,82,82,176,176,200,216,235,260,260,260,285,76,149,176,203,222,237,257,257,257,257,257,257,29,62,62],"floor_reached":57,"playtime":2684,"items_purged":["Regret","Strike_R","Strike_R","Strike_R"],"score":2627,"play_id":"14305a03-8bbe-4b70-a14f-da8731ec3e79","local_time":"20190405133929","is_ascension_mode":true,"campfire_choices":[{"data":"Armaments","floor":6,"key":"SMITH"},{"floor":15,"key":"REST"},{"data":"Carnage","floor":23,"key":"SMITH"},{"data":"True Grit","floor":25,"key":"SMITH"},{"data":"Bash","floor":27,"key":"SMITH"},{"floor":32,"key":"DIG"},{"data":"Armaments","floor":40,"key":"SMITH"},{"floor":49,"key":"RECALL"},{"floor":53,"key":"DIG"}],"neow_cost":"NONE","seed_source_timestamp":611753868154700,"circlet_count":0,"master_deck":["AscendersBane","Strike_R","Defend_R","Defend_R","Defend_R","Defend_R","Bash+1","Second Wind","Battle Trance","Armaments+1","Flame Barrier","Carnage+1","Evolve","Feed","True Grit+1","Flame Barrier","Searing Blow","Entrench","Body Slam+1","Shrug It Off","Barricade+1","True Grit","Armaments+1","PanicButton","Master of Strategy","Madness","Feel No Pain+1","Burning Pact"],"relics":["Velvet Choker","Centennial Puzzle","Golden Idol","Tiny Chest","Regal Pillow","Strawberry","Meat on the Bone","Runic Pyramid","Bag of Marbles","Frozen Egg 2","Shovel","Bag of Preparation","Mark of Pain","Singing Bowl","Boot","Oddly Smooth Stone","Pear","Vajra"],"potions_floor_usage":[11,16,20,33,47,48,56],"damage_taken":[{"damage":1,"enemies":"Cultist","floor":1,"turns":4},{"damage":15,"enemies":"Jaw Worm","floor":4,"turns":4},{"damage":4,"enemies":"2 Louse","floor":5,"turns":2},{"damage":24,"enemies":"Lagavulin","floor":7,"turns":8},{"damage":10,"enemies":"Looter","floor":8,"turns":3},{"damage":0,"enemies":"Lots of Slimes","floor":11,"turns":1},{"damage":2,"enemies":"Exordium Wildlife","floor":12,"turns":3},{"damage":21,"enemies":"The Guardian","floor":16,"turns":9},{"damage":21,"enemies":"Spheric Guardian","floor":18,"turns":6},{"damage":6,"enemies":"2 Thieves","floor":20,"turns":3},{"damage":5,"enemies":"Cultist and Chosen","floor":21,"turns":8},{"damage":12,"enemies":"Snecko","floor":22,"turns":9},{"damage":33,"enemies":"Book of Stabbing","floor":28,"turns":6},{"damage":0,"enemies":"Centurion and Healer","floor":30,"turns":5},{"damage":27,"enemies":"Collector","floor":33,"turns":14},{"damage":0,"enemies":"Orb Walker","floor":35,"turns":4},{"damage":12,"enemies":"3 Darklings","floor":36,"turns":7},{"damage":17,"enemies":"Spire Growth","floor":37,"turns":8},{"damage":13,"enemies":"Sphere and 2 Shapes","floor":41,"turns":9},{"damage":0,"enemies":"Maw","floor":46,"turns":7},{"damage":0,"enemies":"Transient","floor":47,"turns":6},{"damage":16,"enemies":"3 Darklings","floor":48,"turns":10},{"damage":8,"enemies":"Donu and Deca","floor":50,"turns":11},{"damage":16,"enemies":"Time Eater","floor":51,"turns":18},{"damage":52,"enemies":"Shield and Spear","floor":55,"turns":8},{"damage":69,"enemies":"The Heart","floor":56,"turns":10}],"seed_played":"-3030351395402840781","potions_obtained":[{"floor":7,"key":"Block Potion"},{"floor":8,"key":"SmokeBomb"},{"floor":12,"key":"Fire Potion"},{"floor":18,"key":"GamblersBrew"},{"floor":21,"key":"Poison Potion"},{"floor":36,"key":"GamblersBrew"},{"floor":47,"key":"PowerPotion"}],"is_trial":false,"path_per_floor":["M","?","?","M","M","R","E","M","T","T","M","M","?","T","R","B",null,"M","$","M","M","M","R","?","R","T","R","E","$","M","$","R","B",null,"M","M","M","T","?","R","M","$","T","T","T","M","M","M","R","B","B",null,"R","$","E","B",null],"character_chosen":"IRONCLAD","items_purchased":["Bag of Marbles","Entrench","AttackPotion","Shrug It Off","Feel No Pain+1","Burning Pact"],"campfire_rested":1,"item_purchase_floors":[19,29,31,31,42,54],"current_hp_per_floor":[67,67,67,52,48,48,24,14,14,21,21,19,19,19,56,47,68,51,51,48,47,51,51,51,51,51,51,34,34,50,50,50,35,82,85,77,64,64,54,54,57,57,57,57,57,63,65,67,67,75,75,120,130,130,84,27],"gold":62,"neow_bonus":"BOSS_RELIC","is_prod":false,"is_daily":false,"chose_seed":false,"campfire_upgraded":5,"win_rate":0,"timestamp":1554439169,"path_taken":["M","?","?","?","M","R","E","M","T","?","M","M","?","?","R","BOSS","M","$","?","M","M","R","?","R","T","R","E","$","M","$","R","BOSS","M","M","M","?","?","R","M","?","T","?","?","M","M","?","R","BOSS","BOSS","R","$","E","BOSS"],"build_version":"2019-01-23","purchased_purges":4,"victory":true,"max_hp_per_floor":[75,75,68,68,68,68,68,68,68,75,75,75,75,75,75,75,75,79,79,82,86,90,90,90,90,90,90,94,94,98,98,98,98,98,101,105,109,109,109,109,113,113,113,113,113,119,121,127,127,131,135,135,145,145,151,151],"card_choices":[{"not_picked":["Twin Strike","Thunderclap"],"picked":"Second Wind","floor":1},{"not_picked":["Clash","Thunderclap"],"picked":"Battle Trance","floor":4},{"not_picked":["Sword Boomerang","Flex"],"picked":"Armaments","floor":5},{"not_picked":["Inflame","Anger"],"picked":"Flame Barrier","floor":7},{"not_picked":["Iron Wave","Twin Strike"],"picked":"Carnage","floor":8},{"not_picked":["Pommel Strike","Dual Wield"],"picked":"Evolve","floor":12},{"not_picked":["Immolate","Limit Break"],"picked":"Feed","floor":16},{"not_picked":["Armaments","Heavy Blade"],"picked":"True Grit","floor":18},{"not_picked":["Heavy Blade","Wild Strike","Carnage"],"picked":"SKIP","floor":20},{"not_picked":["Perfected Strike","Rupture"],"picked":"Flame Barrier","floor":21},{"not_picked":["Havoc","Iron Wave","Armaments"],"picked":"SKIP","floor":22},{"not_picked":["Limit Break","Sever Soul"],"picked":"Searing Blow","floor":28},{"not_picked":["Armaments","Clothesline"],"picked":"Body Slam+1","floor":30},{"not_picked":["Demon Form+1","Double Tap"],"picked":"Barricade+1","floor":33},{"not_picked":["Twin Strike","Cleave"],"picked":"True Grit","floor":35},{"not_picked":["Pommel Strike+1","Iron Wave","Rupture+1"],"picked":"SKIP","floor":36},{"not_picked":["Shrug It Off","Blood for Blood"],"picked":"Armaments","floor":37},{"not_picked":["Panacea","Purity"],"picked":"PanicButton","floor":39},{"not_picked":["Sadistic Nature+1","Metamorphosis"],"picked":"Master of Strategy","floor":39},{"not_picked":["Swift Strike","Bandage Up"],"picked":"Madness","floor":39},{"not_picked":["Flex+1","Thunderclap+1","Bloodletting"],"picked":"SKIP","floor":41},{"not_picked":["Headbutt+1","Clothesline","Dropkick"],"picked":"Singing Bowl","floor":46},{"not_picked":["Rupture+1","Pummel","True Grit"],"picked":"Singing Bowl","floor":47},{"not_picked":["Pommel Strike","Blood for Blood+1","Shockwave"],"picked":"Singing Bowl","floor":48},{"not_picked":["Exhume","Cleave","Rupture+1"],"picked":"Singing Bowl","floor":55}],"player_experience":2881289,"relics_obtained":[{"floor":7,"key":"Tiny Chest"},{"floor":9,"key":"Regal Pillow"},{"floor":10,"key":"Strawberry"},{"floor":14,"key":"Meat on the Bone"},{"floor":26,"key":"Frozen Egg 2"},{"floor":28,"key":"Shovel"},{"floor":32,"key":"Bag of Preparation"},{"floor":43,"key":"Singing Bowl"},{"floor":44,"key":"Boot"},{"floor":45,"key":"Oddly Smooth Stone"},{"floor":53,"key":"Pear"},{"floor":55,"key":"Vajra"}],"event_choices":[{"damage_healed":0,"gold_gain":0,"player_choice":"Box","damage_taken":0,"relics_obtained":["Centennial Puzzle"],"max_hp_gain":0,"max_hp_loss":0,"event_name":"Big Fish","floor":2,"gold_loss":0,"cards_obtained":["Regret"]},{"damage_healed":0,"gold_gain":0,"player_choice":"Lose Max HP","damage_taken":0,"relics_obtained":["Golden Idol"],"max_hp_gain":0,"max_hp_loss":7,"event_name":"Golden Idol","floor":3,"gold_loss":0},{"damage_healed":0,"gold_gain":0,"player_choice":"Ignored","damage_taken":0,"max_hp_gain":0,"max_hp_loss":0,"event_name":"Shining Light","floor":13,"gold_loss":0},{"cards_removed":["Strike_R"],"damage_healed":0,"gold_gain":0,"player_choice":"Offered Basic","damage_taken":0,"max_hp_gain":0,"max_hp_loss":0,"event_name":"Bonfire Elementals","floor":24,"gold_loss":0},{"damage_healed":0,"gold_gain":0,"player_choice":"Memory 3","damage_taken":10,"max_hp_gain":0,"max_hp_loss":0,"event_name":"SensoryStone","floor":39,"gold_loss":0}],"is_beta":false,"boss_relics":[{"not_picked":["Philosopher\u0027s Stone","Runic Cube"],"picked":"Runic Pyramid"},{"not_picked":["Eternal Feather","Sozu"],"picked":"Mark of Pain"}],"items_purged_floors":[19,31,42,54],"is_endless":false,"potions_floor_spawned":[7,8,11,12,18,21,22,36,41,47],"ascension_level":20}