{"gold_per_floor":[109,109,34,34,49,49,79,79,79,109,124,180,180,180,180,256,256,274,274,53,63,82,82],"floor_reached":23,"playtime":537,"items_purged":["Defend_B"],"score":444,"play_id":"d08c3f17-d95e-4854-8b54-a69ddb45b4d9","local_time":"20190309231626","is_ascension_mode":true,"campfire_choices":[{"data":"Zap","floor":6,"key":"SMITH"},{"data":"Loop","floor":8,"key":"SMITH"},{"data":"Dualcast","floor":13,"key":"SMITH"},{"data":"Ball Lightning","floor":15,"key":"SMITH"}],"neow_cost":"NONE","seed_source_timestamp":46800185784800,"circlet_count":0,"master_deck":["AscendersBane","Strike_B","Strike_B","Strike_B","Defend_B","Defend_B","Zap+1","Dualcast+1","Ball Lightning+1","Loop+1","Glacier","Echo Form","Defragment","Gash","Coolheaded","Fission"],"relics":["Cracked Core","NeowsBlessing","Singing Bowl","Symbiotic Virus","Gremlin Horn","Smiling Mask","Question Card","Runic Dome"],"potions_floor_usage":[12,16,23,23],"damage_taken":[{"damage":0,"enemies":"Small Slimes","floor":1,"turns":1},{"damage":0,"enemies":"2 Louse","floor":5,"turns":1},{"damage":0,"enemies":"3 Sentries","floor":7,"turns":1},{"damage":25,"enemies":"Lagavulin","floor":10,"turns":5},{"damage":0,"enemies":"Cultist","floor":11,"turns":3},{"damage":19,"enemies":"Lagavulin Event","floor":12,"turns":4},{"damage":20,"enemies":"Slime Boss","floor":16,"turns":4},{"damage":22,"enemies":"3 Byrds","floor":18,"turns":4},{"damage":11,"enemies":"Spheric Guardian","floor":21,"turns":4},{"damage":12,"enemies":"Centurion and Healer","floor":22,"turns":10},{"damage":27,"enemies":"Gremlin Leader","floor":23,"turns":2}],"seed_played":"-3062395168822809161","potions_obtained":[{"floor":5,"key":"Block Potion"},{"floor":12,"key":"FocusPotion"},{"floor":16,"key":"Poison Potion"},{"floor":18,"key":"Energy Potion"}],"is_trial":false,"path_per_floor":["M","?","?","?","M","R","E","R","T","E","M","?","R","T","R","B",null,"M","?","$","M","M","E"],"character_chosen":"DEFECT","items_purchased":["Defragment","Gash","Coolheaded"],"campfire_rested":0,"item_purchase_floors":[20,20,20],"current_hp_per_floor":[64,57,57,62,62,62,62,62,62,39,41,22,22,22,22,2,61,41,41,41,32,20,0],"gold":82,"neow_bonus":"THREE_ENEMY_KILL","is_prod":false,"is_daily":false,"chose_seed":false,"campfire_upgraded":4,"win_rate":0,"timestamp":1552140986,"path_taken":["M","?","?","?","M","R","E","R","T","E","M","?","R","?","R","BOSS","M","?","$","M","M","E"],"build_version":"2019-01-23","purchased_purges":1,"victory":false,"max_hp_per_floor":[71,71,71,76,76,76,76,76,76,78,80,80,80,80,80,80,80,82,82,82,84,84,84],"card_choices":[{"not_picked":["Rebound","Leap","Turbo"],"picked":"SKIP","floor":1},{"not_picked":["Tempest","Force Field"],"picked":"Ball Lightning","floor":5},{"not_picked":["Auto Shields","Machine Learning"],"picked":"Loop","floor":7},{"not_picked":["Rip and Tear","Redo","Skim"],"picked":"Singing Bowl","floor":10},{"not_picked":["Auto Shields","Turbo","Steam"],"picked":"Singing Bowl","floor":11},{"not_picked":["Coolheaded","Hello World"],"picked":"Glacier","floor":12},{"not_picked":["Creative AI","Thunder Strike","Amplify"],"picked":"Echo Form","floor":16},{"not_picked":["Sweeping Beam","Force Field+1","Conserve Battery","Hologram"],"picked":"Singing Bowl","floor":18},{"not_picked":["Genetic Algorithm","Aggregate","Coolheaded","Conserve Battery"],"picked":"Singing Bowl","floor":21},{"not_picked":["Reprogram","Leap","Cold Snap"],"picked":"Fission","floor":22}],"player_experience":2119624,"relics_obtained":[{"floor":7,"key":"Singing Bowl"},{"floor":9,"key":"Symbiotic Virus"},{"floor":10,"key":"Gremlin Horn"},{"floor":12,"key":"Smiling Mask"},{"floor":14,"key":"Question Card"}],"event_choices":[{"cards_removed":["Defend_B"],"damage_healed":0,"gold_gain":0,"player_choice":"Card Removal","damage_taken":7,"max_hp_gain":0,"max_hp_loss":0,"event_name":"Golden Wing","floor":2,"gold_loss":0},{"cards_removed":["Strike_B"],"damage_healed":0,"gold_gain":0,"player_choice":"Card Removal","damage_taken":0,"max_hp_gain":0,"max_hp_loss":0,"event_name":"The Cleric","floor":3,"gold_loss":75},{"damage_healed":0,"gold_gain":0,"player_choice":"Donut","damage_taken":0,"max_hp_gain":5,"max_hp_loss":0,"event_name":"Big Fish","floor":4,"gold_loss":0},{"damage_healed":0,"gold_gain":0,"player_choice":"Searched \u00271\u0027 times","damage_taken":0,"max_hp_gain":0,"max_hp_loss":0,"event_name":"Dead Adventurer","floor":12,"gold_loss":0},{"damage_healed":0,"gold_gain":0,"player_choice":"Ignored","damage_taken":0,"max_hp_gain":0,"max_hp_loss":0,"event_name":"N\u0027loth","floor":19,"gold_loss":0}],"is_beta":false,"boss_relics":[{"not_picked":["Cursed Key","Pandora\u0027s Box"],"picked":"Runic Dome"}],"items_purged_floors":[20],"is_endless":false,"potions_floor_spawned":[5,12,16,18],"killed_by":"Gremlin Leader","ascension_level":20}