{"gold_per_floor":[359,359,143,154,167,194,159,193,193,268,287,318,337,367,367,438,438,456,296,296,314,331,331,351,384,384,402,402,433,433,433,433,505,505,520,81,92,92,110,139,157,157,157,182,57,57,68,100,100,100,100,100,100,46,81,81],"floor_reached":57,"playtime":2938,"items_purged":["Strike_B","Strike_B","Strike_B"],"score":3030,"play_id":"b4bdd622-0fa7-4d9a-9d88-169b863d1752","local_time":"20190411150854","is_ascension_mode":true,"campfire_choices":[{"data":"Loop","floor":15.0,"key":"SMITH"},{"data":"Consume","floor":23.0,"key":"SMITH"},{"floor":28.0,"key":"REST"},{"data":"Recycle","floor":30.0,"key":"SMITH"},{"floor":32.0,"key":"REST"},{"floor":46,"key":"RECALL"},{"data":"Biased Cognition","floor":49,"key":"SMITH"},{"data":"Reboot","floor":53,"key":"SMITH"}],"neow_cost":"TEN_PERCENT_HP_LOSS","seed_source_timestamp":390507289609300,"circlet_count":0,"master_deck":["AscendersBane","Defend_B","Defend_B","Defend_B","Defend_B","Zap","Dualcast","Cold Snap","Conserve Battery","Ball Lightning","Biased Cognition+1","Glacier","Ball Lightning","Loop+1","FTL","Electrodynamics","Turbo","Recycle+1","Consume+1","Cold Snap","Coolheaded","Reboot+1","Impatience","Capacitor","Coolheaded","Core Surge","Parasite","Defragment+1","Glacier","Capacitor","White Noise","Hologram","Recycle"],"special_seed":0,"relics":["Cracked Core","Bag of Preparation","Incense Burner","Question Card","Sundial","Mercury Hourglass","Orichalcum","Inserter","Red Mask","Pocketwatch","Thread and Needle","Happy Flower","Potion Belt","Centennial Puzzle","Oddly Smooth Stone","Bottled Tornado"],"potions_floor_usage":[50,56,56,56],"damage_taken":[{"damage":3.0,"enemies":"2 Louse","floor":1.0,"turns":2.0},{"damage":1.0,"enemies":"Small Slimes","floor":4.0,"turns":3.0},{"damage":0.0,"enemies":"Jaw Worm","floor":5.0,"turns":4.0},{"damage":19.0,"enemies":"Lagavulin","floor":6.0,"turns":7.0},{"damage":9.0,"enemies":"3 Sentries","floor":8.0,"turns":5.0},{"damage":0.0,"enemies":"3 Louse","floor":11.0,"turns":4.0},{"damage":2.0,"enemies":"Lagavulin","floor":12.0,"turns":7.0},{"damage":1.0,"enemies":"Exordium Wildlife","floor":13.0,"turns":2.0},{"damage":21.0,"enemies":"Gremlin Nob","floor":14.0,"turns":4.0},{"damage":0.0,"enemies":"Hexaghost","floor":16.0,"turns":7.0},{"damage":0.0,"enemies":"Shell Parasite","floor":18.0,"turns":6.0},{"damage":0.0,"enemies":"Spheric Guardian","floor":21.0,"turns":3.0},{"damage":10.0,"enemies":"Cultist and Chosen","floor":22.0,"turns":5.0},{"damage":3.0,"enemies":"Centurion and Healer","floor":24.0,"turns":6.0},{"damage":28.0,"enemies":"Masked Bandits","floor":25.0,"turns":3.0},{"damage":0.0,"enemies":"Snake Plant","floor":27.0,"turns":5.0},{"damage":0.0,"enemies":"Gremlin Leader","floor":29.0,"turns":6.0},{"damage":0.0,"enemies":"Automaton","floor":33.0,"turns":11.0},{"damage":0.0,"enemies":"3 Darklings","floor":35.0,"turns":4.0},{"damage":0.0,"enemies":"Orb Walker","floor":37.0,"turns":4.0},{"damage":2.0,"enemies":"Spire Growth","floor":39.0,"turns":6.0},{"damage":14.0,"enemies":"Reptomancer","floor":40.0,"turns":7.0},{"damage":3.0,"enemies":"Writhing Mass","floor":41.0,"turns":8.0},{"damage":0,"enemies":"Giant Head","floor":44,"turns":12},{"damage":1,"enemies":"Transient","floor":47,"turns":6},{"damage":1,"enemies":"Nemesis","floor":48,"turns":9},{"damage":5,"enemies":"Awakened One","floor":50,"turns":14},{"damage":6,"enemies":"Time Eater","floor":51,"turns":14},{"damage":38,"enemies":"Shield and Spear","floor":55,"turns":6},{"damage":22,"enemies":"The Heart","floor":56,"turns":13}],"seed_played":"2540981500550507878","potions_obtained":[{"floor":6.0,"key":"FocusPotion"},{"floor":11.0,"key":"Explosive Potion"},{"floor":14.0,"key":"Block Potion"},{"floor":41.0,"key":"EssenceOfSteel"},{"floor":44,"key":"Ancient Potion"}],"is_trial":false,"path_per_floor":["M","?","$","M","M","E","?","E","T","?","M","E","M","E","R","B",null,"M","$","?","M","M","R","M","?","T","M","R","E","R","?","R","B",null,"M","$","M","?","M","E","M","?","T","E","$","R","M","E","R","B","B",null,"R","$","E","B",null],"character_chosen":"DEFECT","items_purchased":["Bag of Preparation","AttackPotion","FocusPotion","Happy Flower","Impatience","Capacitor","Hologram"],"campfire_rested":2,"item_purchase_floors":[3,3,19,36,36,36,54],"current_hp_per_floor":[61,66,66,65,65,46,63,54,54,43,43,41,40,19,19,19,57,57,57,57,57,47,47,44,16,16,16,36,36,36,17,39,39,65,65,65,65,65,63,49,46,46,46,46,46,46,45,44,44,39,33,64,64,64,26,4],"gold":81,"neow_bonus":"TWO_FIFTY_GOLD","is_prod":false,"is_daily":false,"chose_seed":false,"campfire_upgraded":5,"win_rate":0,"timestamp":1554962934,"path_taken":["M","?","$","M","M","E","?","E","T","?","M","E","?","E","R","BOSS","M","$","?","M","M","R","M","?","T","M","R","E","R","?","R","BOSS","M","$","M","?","M","E","M","?","T","E","$","R","M","E","R","BOSS","BOSS","R","$","E","BOSS"],"build_version":"2019-01-23","purchased_purges":3,"victory":true,"max_hp_per_floor":[64,69,69,69,69,69,69,69,69,69,69,69,69,69,69,69,69,69,69,69,69,69,69,69,69,69,69,69,69,69,74,74,74,74,74,74,74,74,74,74,74,74,74,74,74,74,74,74,74,74,74,74,74,74,74,74],"card_choices":[{"not_picked":["Streamline","Rebound"],"picked":"Cold Snap","floor":1.0},{"not_picked":["Force Field","Stack"],"picked":"Conserve Battery","floor":4.0},{"not_picked":["Leap","Barrage"],"picked":"Ball Lightning","floor":5.0},{"not_picked":["Cold Snap","Gash"],"picked":"Biased Cognition","floor":6.0},{"not_picked":["Blizzard","Beam Cell","Turbo"],"picked":"SKIP","floor":8.0},{"not_picked":["Streamline","Barrage","Go for the Eyes"],"picked":"Glacier","floor":11.0},{"not_picked":["Turbo","Compile Driver","Conserve Battery"],"picked":"Ball Lightning","floor":12.0},{"not_picked":["Beam Cell","Coolheaded","Turbo"],"picked":"Loop","floor":13.0},{"not_picked":["Go for the Eyes","Barrage","Melter"],"picked":"FTL","floor":14.0},{"not_picked":["Machine Learning","Hyperbeam","Reboot"],"picked":"Electrodynamics","floor":16.0},{"not_picked":["Stack","Sweeping Beam","Aggregate"],"picked":"Turbo","floor":18.0},{"not_picked":["Leap","Conserve Battery","Chill"],"picked":"Consume","floor":21.0},{"not_picked":["Beam Cell","Scrape+1","Barrage","Melter"],"picked":"SKIP","floor":22.0},{"not_picked":["Auto Shields+1","Heatsinks+1","Ball Lightning","Hello World"],"picked":"SKIP","floor":24.0},{"not_picked":["Genetic Algorithm","Heatsinks","Go for the Eyes"],"picked":"Cold Snap","floor":25.0},{"not_picked":["Darkness","Hologram","Leap"],"picked":"Coolheaded","floor":27.0},{"not_picked":["FTL+1","Leap","Machine Learning","Steam"],"picked":"SKIP","floor":29.0},{"not_picked":["Biased Cognition","Creative AI","Multi-Cast"],"picked":"Reboot","floor":33.0},{"not_picked":["Leap+1","Heatsinks","Scrape+1","Reprogram"],"picked":"SKIP","floor":35.0},{"not_picked":["Steam","Go for the Eyes","Stack","Leap+1"],"picked":"SKIP","floor":37.0},{"not_picked":["Steam","Go for the Eyes","Stack","Leap+1"],"picked":"SKIP","floor":37.0},{"not_picked":["Go for the Eyes","Turbo","Chaos"],"picked":"Coolheaded","floor":39.0},{"not_picked":["Consume","Machine Learning","Gash"],"picked":"Core Surge","floor":40.0},{"not_picked":["Coolheaded","Leap","Rebound"],"picked":"Defragment+1","floor":41.0},{"not_picked":["Rip and Tear","All For One","Ball Lightning+1"],"picked":"Glacier","floor":44},{"not_picked":["Scrape","Doom and Gloom","Barrage"],"picked":"Capacitor","floor":47},{"not_picked":["Self Repair","Gash+1","Cold Snap"],"picked":"White Noise","floor":48},{"not_picked":["Ball Lightning+1","Gash","Beam Cell"],"picked":"Recycle","floor":55}],"player_experience":3054550,"relics_obtained":[{"floor":6.0,"key":"Incense Burner"},{"floor":8.0,"key":"Question Card"},{"floor":9.0,"key":"Sundial"},{"floor":12.0,"key":"Mercury Hourglass"},{"floor":14.0,"key":"Orichalcum"},{"floor":25.0,"key":"Red Mask"},{"floor":26.0,"key":"Pocketwatch"},{"floor":29.0,"key":"Thread and Needle"},{"floor":40.0,"key":"Potion Belt"},{"floor":44,"key":"Centennial Puzzle"},{"floor":48,"key":"Oddly Smooth Stone"},{"floor":55,"key":"Bottled Tornado"}],"event_choices":[{"damage_healed":0.0,"max_hp_gain":5.0,"max_hp_loss":0.0,"gold_gain":0.0,"event_name":"Big Fish","player_choice":"Donut","floor":2.0,"gold_loss":0.0,"damage_taken":0.0},{"damage_healed":17.0,"max_hp_gain":0.0,"max_hp_loss":0.0,"gold_gain":0.0,"event_name":"The Cleric","player_choice":"Healed","floor":7.0,"gold_loss":35.0,"damage_taken":0.0},{"damage_healed":0.0,"max_hp_gain":0.0,"max_hp_loss":0.0,"gold_gain":75.0,"event_name":"World of Goop","player_choice":"Gather Gold","floor":10.0,"gold_loss":0.0,"damage_taken":11.0},{"damage_healed":0.0,"max_hp_gain":0.0,"max_hp_loss":0.0,"gold_gain":0.0,"event_name":"The Library","player_choice":"Read","floor":20.0,"gold_loss":0.0,"damage_taken":0.0,"cards_obtained":["Recycle"]},{"damage_healed":0.0,"max_hp_gain":0.0,"max_hp_loss":0.0,"gold_gain":0.0,"event_name":"Masked Bandits","player_choice":"Fought Bandits","floor":25.0,"gold_loss":0.0,"damage_taken":0.0},{"damage_healed":0.0,"max_hp_gain":5.0,"max_hp_loss":0.0,"gold_gain":0.0,"event_name":"Forgotten Altar","player_choice":"Shed Blood","floor":31.0,"gold_loss":0.0,"damage_taken":24.0},{"cards_removed":["Strike_B"],"damage_healed":0.0,"max_hp_gain":0.0,"max_hp_loss":0.0,"gold_gain":0.0,"event_name":"Falling","player_choice":"Removed Attack","floor":38.0,"gold_loss":0.0,"damage_taken":0.0},{"damage_healed":0.0,"max_hp_gain":0.0,"max_hp_loss":0.0,"gold_gain":0.0,"event_name":"Mysterious Sphere","player_choice":"Ignored","floor":42.0,"gold_loss":0.0,"damage_taken":0.0}],"is_beta":false,"boss_relics":[{"not_picked":["Pandora\u0027s Box","Orrery"],"picked":"Inserter"},{"not_picked":["Snecko Eye","Calling Bell","Coffee Dripper"]}],"items_purged_floors":[19,36,45],"is_endless":false,"potions_floor_spawned":[6,11,14,21,25,29,35,41,44],"ascension_level":20}