{"gold_per_floor":[119,61,80,52,52,77,77,111,111,127,127,127,137,148,148,225,225,235,235,235,4,24,24,54,54,54,16,33,51,51,70,70,142,142,158,158,169,188,188,188,215,215,215,165,215,215,215,246,246,246,246,246,246,52,87,87],"floor_reached":57,"playtime":2176,"items_purged":["Regret","Regret","Strike_R"],"score":2926,"play_id":"cca49378-1360-4a76-879a-cf7eed449bf6","local_time":"20190324153646","is_ascension_mode":true,"campfire_choices":[{"data":"Whirlwind","floor":7.0,"key":"SMITH"},{"data":"True Grit","floor":11.0,"key":"SMITH"},{"data":"Entrench","floor":15.0,"key":"SMITH"},{"data":"Barricade","floor":23.0,"key":"SMITH"},{"floor":25.0,"key":"REST"},{"data":"True Grit","floor":30.0,"key":"SMITH"},{"data":"Body Slam","floor":32.0,"key":"SMITH"},{"data":"Shockwave","floor":40.0,"key":"SMITH"},{"floor":42.0,"key":"RECALL"},{"data":"Impervious","floor":49.0,"key":"SMITH"},{"data":"Shrug It Off","floor":53.0,"key":"SMITH"}],"neow_cost":"NONE","seed_source_timestamp":73601500883600,"circlet_count":0,"master_deck":["AscendersBane","Strike_R","Strike_R+1","Defend_R","Defend_R","Defend_R","Defend_R+1","Bash+1","Whirlwind+1","True Grit+1","Shrug It Off+1","Battle Trance","Entrench+1","Rampage","Barricade+1","Shockwave+1","Shrug It Off+1","Shrug It Off","True Grit+1","Body Slam+1","Impervious+1","Second Wind+1","Evolve+1","Impervious","Headbutt","Exhume"],"special_seed":0,"relics":["Burning Blood","NeowsBlessing","Matryoshka","Blood Vial","Bronze Scales","Question Card","Cursed Key","Membership Card","War Paint","Orichalcum","Gremlin Horn","Snecko Eye","Singing Bowl","Blue Candle","Paper Frog"],"potions_floor_usage":[55,56,56],"damage_taken":[{"damage":0.0,"enemies":"Cultist","floor":1.0,"turns":1.0},{"damage":0.0,"enemies":"Small Slimes","floor":3.0,"turns":1.0},{"damage":0.0,"enemies":"Lagavulin","floor":6.0,"turns":1.0},{"damage":20.0,"enemies":"3 Sentries","floor":8.0,"turns":5.0},{"damage":0.0,"enemies":"2 Louse","floor":10.0,"turns":2.0},{"damage":0.0,"enemies":"Lots of Slimes","floor":13.0,"turns":1.0},{"damage":22.0,"enemies":"Large Slime","floor":14.0,"turns":5.0},{"damage":34.0,"enemies":"The Guardian","floor":16.0,"turns":12.0},{"damage":20.0,"enemies":"Spheric Guardian","floor":18.0,"turns":4.0},{"damage":0.0,"enemies":"3 Byrds","floor":22.0,"turns":3.0},{"damage":56.0,"enemies":"Book of Stabbing","floor":24.0,"turns":5.0},{"damage":10.0,"enemies":"Sentry and Sphere","floor":28.0,"turns":10.0},{"damage":2.0,"enemies":"Snake Plant","floor":29.0,"turns":3.0},{"damage":0.0,"enemies":"Centurion and Healer","floor":31.0,"turns":6.0},{"damage":0.0,"enemies":"Champ","floor":33.0,"turns":9.0},{"damage":0.0,"enemies":"3 Shapes","floor":35.0,"turns":6.0},{"damage":25.0,"enemies":"Orb Walker","floor":37.0,"turns":6.0},{"damage":0.0,"enemies":"Sphere and 2 Shapes","floor":38.0,"turns":8.0},{"damage":0.0,"enemies":"Giant Head","floor":41.0,"turns":4.0},{"damage":0.0,"enemies":"Transient","floor":46.0,"turns":2.0},{"damage":0.0,"enemies":"Nemesis","floor":48.0,"turns":7.0},{"damage":9.0,"enemies":"Awakened One","floor":50.0,"turns":12.0},{"damage":40.0,"enemies":"Donu and Deca","floor":51.0,"turns":10.0},{"damage":37,"enemies":"Shield and Spear","floor":55,"turns":8},{"damage":28,"enemies":"The Heart","floor":56,"turns":12}],"seed_played":"7400815962379403184","potions_obtained":[{"floor":1.0,"key":"PowerPotion"},{"floor":6.0,"key":"GamblersBrew"},{"floor":12.0,"key":"Strength Potion"},{"floor":18.0,"key":"Explosive Potion"},{"floor":24.0,"key":"Block Potion"},{"floor":29.0,"key":"Ancient Potion"},{"floor":38.0,"key":"SmokeBomb"},{"floor":48.0,"key":"Explosive Potion"},{"floor":55,"key":"SkillPotion"}],"is_trial":false,"path_per_floor":["M","$","M","$","?","E","R","E","T","M","R","?","M","M","R","B",null,"M","?","$","$","M","R","E","R","T","$","M","M","R","M","R","B",null,"M","?","M","M","T","R","E","R","T","$","?","M","?","E","R","B","B",null,"R","$","E","B",null],"character_chosen":"IRONCLAD","items_purchased":["True Grit","Shrug It Off","Membership Card","Shrug It Off","Impervious","Headbutt","Energy Potion"],"campfire_rested":1,"item_purchase_floors":[2,4,21,21,54,54,54],"current_hp_per_floor":[74,74,75,75,52,58,58,44,44,52,52,52,60,46,46,20,61,49,49,49,49,57,57,9,31,31,31,29,35,35,43,43,51,69,75,71,52,60,60,60,70,70,70,70,70,73,73,75,75,72,40,66,66,66,37,17],"gold":87,"neow_bonus":"THREE_ENEMY_KILL","is_prod":false,"is_daily":false,"chose_seed":false,"campfire_upgraded":9,"win_rate":0,"timestamp":1553409406,"path_taken":["M","$","?","?","?","E","R","E","T","M","R","?","M","?","R","BOSS","M","?","?","$","M","R","E","R","T","$","?","M","R","M","R","BOSS","M","?","M","M","?","R","E","R","T","$","?","?","?","E","R","BOSS","BOSS","R","$","E","BOSS"],"build_version":"2019-01-23","purchased_purges":3,"victory":true,"max_hp_per_floor":[75,75,75,75,75,75,75,75,75,75,75,75,75,75,75,75,75,75,75,75,75,75,75,75,75,75,75,75,75,75,75,75,75,75,75,71,71,71,71,71,73,73,73,73,73,73,73,75,75,75,75,75,75,75,75,75],"card_choices":[{"not_picked":["Spot Weakness","Thunderclap"],"picked":"Whirlwind","floor":1.0},{"not_picked":["Heavy Blade","Searing Blow","Perfected Strike"],"picked":"SKIP","floor":3.0},{"not_picked":["Dark Embrace","Armaments"],"picked":"Battle Trance","floor":6.0},{"not_picked":["Pommel Strike","Second Wind"],"picked":"Entrench","floor":8.0},{"not_picked":["Corruption","Reckless Charge","Twin Strike","Flex"],"picked":"SKIP","floor":10.0},{"not_picked":["Bloodletting","Pommel Strike","Dual Wield","Clash"],"picked":"SKIP","floor":13.0},{"not_picked":["Metallicize","Rupture","Shrug It Off"],"picked":"Rampage","floor":14.0},{"not_picked":["Dark Embrace","Feed","Reaper"],"picked":"Barricade","floor":16.0},{"not_picked":["Anger","Clash","Wild Strike+1"],"picked":"Shockwave","floor":18.0},{"not_picked":["Dropkick","Sentinel","Infernal Blade+1"],"picked":"Shrug It Off","floor":22.0},{"not_picked":["Twin Strike","Headbutt","Clash"],"picked":"True Grit","floor":24.0},{"not_picked":["Anger","Iron Wave+1","Spot Weakness"],"picked":"Body Slam","floor":28.0},{"not_picked":["Juggernaut","Perfected Strike","Dual Wield","Havoc"],"picked":"SKIP","floor":29.0},{"not_picked":["Twin Strike","Cleave","Rage","Combust"],"picked":"SKIP","floor":31.0},{"not_picked":["Demon Form","Brutality","Feed"],"picked":"Impervious","floor":33.0},{"not_picked":["Thunderclap+1","Anger+1","Infernal Blade","Sword Boomerang"],"picked":"SKIP","floor":35.0},{"not_picked":["Anger","Headbutt","Pommel Strike"],"picked":"Second Wind+1","floor":37.0},{"not_picked":["Twin Strike","Headbutt","Rupture"],"picked":"Evolve+1","floor":38.0},{"not_picked":["Heavy Blade","Twin Strike","Ghostly Armor","Carnage"],"picked":"Singing Bowl","floor":41.0},{"not_picked":["Seeing Red+1","Whirlwind+1","Anger","Uppercut"],"picked":"Singing Bowl","floor":48.0},{"not_picked":["Rage","Perfected Strike","Shrug It Off"],"picked":"Exhume","floor":55}],"player_experience":2534991,"relics_obtained":[{"floor":6.0,"key":"Matryoshka"},{"floor":8.0,"key":"Blood Vial"},{"floor":9.0,"key":"Bronze Scales"},{"floor":9.0,"key":"Question Card"},{"floor":24.0,"key":"War Paint"},{"floor":26.0,"key":"Orichalcum"},{"floor":26.0,"key":"Gremlin Horn"},{"floor":41.0,"key":"Singing Bowl"},{"floor":48.0,"key":"Blue Candle"},{"floor":55,"key":"Paper Frog"}],"event_choices":[{"damage_healed":0.0,"max_hp_gain":0.0,"max_hp_loss":0.0,"gold_gain":0.0,"event_name":"Shining Light","player_choice":"Entered Light","floor":5.0,"gold_loss":0.0,"damage_taken":23.0,"cards_upgraded":["Bash","Strike_R"]},{"damage_healed":0.0,"max_hp_gain":0.0,"max_hp_loss":0.0,"gold_gain":0.0,"event_name":"Lab","player_choice":"Got Potions","floor":12.0,"gold_loss":0.0,"damage_taken":0.0},{"cards_removed":["Strike_R"],"damage_healed":0.0,"max_hp_gain":0.0,"max_hp_loss":0.0,"gold_gain":0.0,"event_name":"Purifier","player_choice":"Purged","floor":19.0,"gold_loss":0.0,"damage_taken":0.0},{"damage_healed":0.0,"max_hp_gain":0.0,"max_hp_loss":4.0,"gold_gain":0.0,"event_name":"Winding Halls","player_choice":"Max HP","floor":36.0,"gold_loss":0.0,"damage_taken":0.0},{"damage_healed":0.0,"max_hp_gain":0.0,"max_hp_loss":0.0,"gold_gain":50.0,"event_name":"Golden Shrine","player_choice":"Pray","floor":45.0,"gold_loss":0.0,"damage_taken":0.0},{"cards_removed":["Strike_R"],"damage_healed":0.0,"max_hp_gain":0.0,"max_hp_loss":0.0,"gold_gain":0.0,"event_name":"Falling","player_choice":"Removed Attack","floor":47.0,"gold_loss":0.0,"damage_taken":0.0}],"is_beta":false,"boss_relics":[{"not_picked":["Runic Cube","Pandora\u0027s Box"],"picked":"Cursed Key"},{"not_picked":["Lizard Tail","Philosopher\u0027s Stone"],"picked":"Snecko Eye"}],"items_purged_floors":[27,44,54],"is_endless":false,"potions_floor_spawned":[1,6,8,13,18,24,29,38,48,55],"ascension_level":20}