{"gold_per_floor":[363,42,54,4,4,35,35,35,104,116,141,152,187,204,204,278,278,296,371,387,400,499,533,533,553,605,631,731,731,759,108,108,179,179,196,211,211,231,250,250,575,588,615,629,212,243,93,108,108,108],"floor_reached":51,"playtime":1199,"items_purged":["Strike_R","Strike_R","Strike_R","Strike_R+1"],"score":1539,"play_id":"139b9186-a652-40ca-9f6e-b80c94cbb4cf","local_time":"20190203203533","is_ascension_mode":true,"campfire_choices":[{"data":"Whirlwind","floor":7,"key":"SMITH"},{"data":"Whirlwind","floor":15,"key":"SMITH"},{"data":"Entrench","floor":24,"key":"SMITH"},{"data":"Flex","floor":29,"key":"SMITH"},{"data":"Battle Trance","floor":32,"key":"SMITH"},{"data":"Feel No Pain","floor":40,"key":"SMITH"},{"data":"Entrench","floor":49,"key":"SMITH"}],"neow_cost":"TEN_PERCENT_HP_LOSS","seed_source_timestamp":128156814845400,"circlet_count":0,"master_deck":["AscendersBane","Defend_R","Defend_R","Defend_R","Defend_R","Bash+1","Whirlwind+1","Power Through","Battle Trance+1","Shrug It Off","Entrench+1","Flex+1","Whirlwind+1","Exhume","Rage+1","Flex+1","Feel No Pain+1","Shrug It Off+1","Whirlwind+1","Impervious","True Grit+1","Power Through+1","Evolve+1","Entrench+1"],"relics":["Burning Blood","Chemical X","Torii","Mummified Hand","Happy Flower","FossilizedHelix","Runic Dome","Bag of Preparation","Vajra","Bag of Marbles","Thread and Needle","Matryoshka","Dream Catcher","DollysMirror","Nunchaku","Coffee Dripper","Old Coin","Centennial Puzzle","Whetstone","Potion Belt","Oddly Smooth Stone"],"potions_floor_usage":[50,50,50,50,50],"damage_taken":[{"damage":18,"enemies":"Jaw Worm","floor":1,"turns":4},{"damage":0,"enemies":"Small Slimes","floor":3,"turns":2},{"damage":25,"enemies":"Lagavulin","floor":6,"turns":6},{"damage":0,"enemies":"Cultist","floor":10,"turns":2},{"damage":0,"enemies":"3 Sentries","floor":11,"turns":2},{"damage":8,"enemies":"Blue Slaver","floor":12,"turns":3},{"damage":16,"enemies":"Gremlin Nob","floor":13,"turns":3},{"damage":0,"enemies":"3 Louse","floor":14,"turns":1},{"damage":0,"enemies":"Slime Boss","floor":16,"turns":5},{"damage":0,"enemies":"Chosen","floor":18,"turns":3},{"damage":0,"enemies":"Spheric Guardian","floor":20,"turns":2},{"damage":0,"enemies":"3 Cultists","floor":21,"turns":1},{"damage":32,"enemies":"Gremlin Leader","floor":23,"turns":4},{"damage":0,"enemies":"Chosen and Byrds","floor":25,"turns":3},{"damage":15,"enemies":"Book of Stabbing","floor":27,"turns":5},{"damage":1,"enemies":"Colosseum Slavers","floor":28,"turns":3},{"damage":0,"enemies":"Colosseum Nobs","floor":28,"turns":3},{"damage":0,"enemies":"Gremlin Leader","floor":30,"turns":2},{"damage":1,"enemies":"Collector","floor":33,"turns":6},{"damage":0,"enemies":"Orb Walker","floor":35,"turns":1},{"damage":0,"enemies":"3 Shapes","floor":36,"turns":1},{"damage":0,"enemies":"Transient","floor":38,"turns":5},{"damage":0,"enemies":"Spire Growth","floor":39,"turns":4},{"damage":0,"enemies":"Reptomancer","floor":41,"turns":4},{"damage":0,"enemies":"4 Shapes","floor":42,"turns":1},{"damage":0,"enemies":"Transient","floor":44,"turns":5},{"damage":0,"enemies":"Giant Head","floor":46,"turns":8},{"damage":0,"enemies":"Maw","floor":48,"turns":5},{"damage":43,"enemies":"Time Eater","floor":50,"turns":10}],"seed_played":"1375940497193254617","potions_obtained":[{"floor":6,"key":"LiquidBronze"},{"floor":13,"key":"EntropicBrew"},{"floor":35,"key":"PowerPotion"},{"floor":46,"key":"FairyPotion"}],"is_trial":false,"path_per_floor":["M","$","M","?","?","E","R","$","T","M","E","M","E","M","R","B",null,"M","?","M","M","?","E","R","M","T","E","?","R","E","$","R","B",null,"M","M","?","M","M","R","E","M","T","M","$","E","$","M","R","B",null],"character_chosen":"IRONCLAD","items_purchased":["Chemical X","Power Through","DollysMirror","Nunchaku","SteroidPotion","Entrench","Potion Belt","Ancient Potion"],"campfire_rested":0,"item_purchase_floors":[2,2,31,31,31,45,45,45],"current_hp_per_floor":[60,60,66,66,71,52,52,52,52,58,64,62,52,58,58,64,74,77,70,76,77,77,51,51,57,57,48,59,59,65,65,65,70,75,77,77,77,77,77,77,77,77,77,77,77,77,77,77,77,40],"gold":108,"neow_bonus":"TWO_FIFTY_GOLD","is_prod":false,"is_daily":false,"chose_seed":false,"campfire_upgraded":7,"win_rate":0,"timestamp":1549193733,"path_taken":["M","$","M","?","?","E","R","?","T","?","E","M","E","M","R","BOSS","M","?","?","M","?","E","R","M","T","E","?","R","E","$","R","BOSS","M","M","?","M","M","R","E","M","T","M","?","E","$","M","R","BOSS"],"build_version":"2019-01-23","purchased_purges":4,"victory":true,"max_hp_per_floor":[72,72,72,72,77,77,77,77,77,77,77,77,77,77,77,77,77,77,77,77,77,77,77,77,77,77,77,77,77,77,77,77,77,77,77,77,77,77,77,77,77,77,77,77,77,77,77,77,77,77],"card_choices":[{"not_picked":["Armaments","Iron Wave"],"picked":"Whirlwind","floor":1},{"not_picked":["True Grit","Heavy Blade","Carnage"],"picked":"SKIP","floor":3},{"not_picked":["Metallicize","Cleave"],"picked":"Battle Trance","floor":6},{"not_picked":["Iron Wave","Perfected Strike"],"picked":"Shrug It Off","floor":10},{"not_picked":["Power Through","Anger","Cleave"],"picked":"SKIP","floor":11},{"not_picked":["Anger","Cleave"],"picked":"Entrench","floor":12},{"not_picked":["Clothesline","Infernal Blade"],"picked":"Flex","floor":13},{"not_picked":["Battle Trance","Clash"],"picked":"Whirlwind","floor":14},{"not_picked":["Bludgeon","Limit Break"],"picked":"Exhume","floor":16},{"not_picked":["Anger","Pommel Strike+1"],"picked":"Rage+1","floor":18},{"not_picked":["Flame Barrier","Heavy Blade"],"picked":"Flex+1","floor":20},{"not_picked":["Shrug It Off","Inflame"],"picked":"Feel No Pain","floor":21},{"not_picked":["Armaments","Pommel Strike"],"picked":"Shrug It Off+1","floor":23},{"not_picked":["Cleave+1","Flame Barrier","Shrug It Off"],"picked":"SKIP","floor":25},{"not_picked":["Iron Wave","Perfected Strike+1","Wild Strike"],"picked":"SKIP","floor":27},{"not_picked":["Immolate","Feel No Pain","Shrug It Off"],"picked":"SKIP","floor":30},{"not_picked":["Immolate","Feed"],"picked":"Impervious","floor":33},{"not_picked":["Headbutt","Cleave+1"],"picked":"True Grit+1","floor":35},{"not_picked":["Dual Wield","Cleave","Fire Breathing+1"],"picked":"SKIP","floor":36},{"not_picked":["Carnage","Metallicize"],"picked":"Power Through+1","floor":38},{"not_picked":["Sever Soul","Metallicize"],"picked":"Evolve+1","floor":39},{"not_picked":["Rampage","Intimidate","True Grit+1"],"picked":"SKIP","floor":41},{"not_picked":["Clothesline+1","Carnage","Perfected Strike"],"picked":"SKIP","floor":42},{"not_picked":["Pommel Strike","Carnage+1","Clash"],"picked":"SKIP","floor":44},{"not_picked":["Inflame","Dual Wield","Reaper"],"picked":"SKIP","floor":46},{"not_picked":["Sentinel","Flex","Warcry"],"picked":"SKIP","floor":48}],"player_experience":39789,"relics_obtained":[{"floor":6,"key":"Torii"},{"floor":9,"key":"Mummified Hand"},{"floor":11,"key":"Happy Flower"},{"floor":13,"key":"FossilizedHelix"},{"floor":23,"key":"Bag of Preparation"},{"floor":26,"key":"Vajra"},{"floor":27,"key":"Bag of Marbles"},{"floor":28,"key":"Thread and Needle"},{"floor":28,"key":"Matryoshka"},{"floor":30,"key":"Dream Catcher"},{"floor":41,"key":"Old Coin"},{"floor":43,"key":"Centennial Puzzle"},{"floor":43,"key":"Whetstone"},{"floor":46,"key":"Oddly Smooth Stone"}],"event_choices":[{"cards_removed":["Strike_R"],"damage_healed":0,"gold_gain":0,"player_choice":"Card Removal","damage_taken":0,"max_hp_gain":0,"max_hp_loss":0,"event_name":"The Cleric","floor":4,"gold_loss":50},{"damage_healed":0,"gold_gain":0,"player_choice":"Donut","damage_taken":0,"max_hp_gain":5,"max_hp_loss":0,"event_name":"Big Fish","floor":5,"gold_loss":0},{"damage_healed":0,"gold_gain":75,"player_choice":"Touch","damage_taken":7,"max_hp_gain":0,"max_hp_loss":0,"event_name":"FaceTrader","floor":19,"gold_loss":0},{"damage_healed":0,"gold_gain":99,"player_choice":"Stole From Cult","damage_taken":0,"max_hp_gain":0,"max_hp_loss":0,"event_name":"Nest","floor":22,"gold_loss":0},{"damage_healed":0,"gold_gain":0,"player_choice":"Fight","damage_taken":0,"max_hp_gain":0,"max_hp_loss":0,"event_name":"Colosseum","floor":28,"gold_loss":0},{"damage_healed":0,"gold_gain":0,"player_choice":"Fought Nobs","damage_taken":0,"max_hp_gain":0,"max_hp_loss":0,"event_name":"Colosseum","floor":28,"gold_loss":0},{"damage_healed":0,"gold_gain":0,"player_choice":"Bought 0 Potions","damage_taken":0,"max_hp_gain":0,"max_hp_loss":0,"event_name":"The Woman in Blue","floor":37,"gold_loss":0}],"is_beta":false,"boss_relics":[{"not_picked":["Busted Crown","Sozu"],"picked":"Runic Dome"},{"not_picked":["Runic Cube","Black Star"],"picked":"Coffee Dripper"}],"items_purged_floors":[2,31,45,47],"is_endless":false,"potions_floor_spawned":[6,13,14,21,25,28,33,35,38,42,46,48],"ascension_level":13}