{"gold_per_floor":[115,130,146,146,160,160,187,187,187,206,20,20,39,58,58,157,157,170,190,77,88,88,101,101,201,253,253,284,300,300,318,318,419,419,437,83,98,98,21,21,34,34,34,53,80,80,96,0,0,0],"floor_reached":50,"playtime":1792,"items_purged":["Strike_B","Strike_B"],"score":584,"play_id":"f9c8809b-27fb-4dd3-b7f0-bc4f526e793e","local_time":"20190421011900","is_ascension_mode":true,"campfire_choices":[{"floor":6,"key":"REST"},{"data":"Zap","floor":8,"key":"SMITH"},{"data":"Defragment","floor":12,"key":"SMITH"},{"data":"Doom and Gloom","floor":15,"key":"SMITH"},{"data":"Meteor Strike","floor":24,"key":"SMITH"},{"floor":32,"key":"REST"},{"floor":40,"key":"REST"},{"floor":42,"key":"RECALL"},{"data":"Echo Form","floor":49,"key":"SMITH"}],"neow_cost":"NONE","seed_source_timestamp":248258554778112,"circlet_count":0,"master_deck":["Defend_B","Defend_B","Defend_B","Defend_B","Zap+1","Dualcast","Cold Snap","Doom and Gloom+1","Conserve Battery","BootSequence","Multi-Cast","Defragment+1","Self Repair","Sweeping Beam","Defragment","Meteor Strike+1","Loop","Defragment+1","Self Repair","Doom and Gloom","Capacitor","Storm+1","Echo Form+1","Biased Cognition","Defragment+1","Amplify","Bandage Up","Chill"],"relics":["Cracked Core","Bag of Preparation","Oddly Smooth Stone","Anchor","Snecko Eye","Du-Vu Doll","Strawberry","Nloth\u0027s Gift","Kunai","Nuclear Battery","Symbiotic Virus","Bag of Marbles","Red Mask"],"potions_floor_usage":[28,50,50],"damage_taken":[{"damage":0,"enemies":"Small Slimes","floor":1,"turns":3},{"damage":6,"enemies":"2 Louse","floor":2,"turns":3},{"damage":7,"enemies":"Jaw Worm","floor":3,"turns":3},{"damage":6,"enemies":"Lots of Slimes","floor":5,"turns":2},{"damage":7,"enemies":"3 Sentries","floor":7,"turns":6},{"damage":0,"enemies":"3 Louse","floor":10,"turns":2},{"damage":0,"enemies":"2 Fungi Beasts","floor":13,"turns":3},{"damage":0,"enemies":"Lots of Slimes","floor":14,"turns":2},{"damage":39,"enemies":"Slime Boss","floor":16,"turns":9},{"damage":10,"enemies":"Shell Parasite","floor":18,"turns":4},{"damage":0,"enemies":"2 Thieves","floor":19,"turns":2},{"damage":6,"enemies":"Centurion and Healer","floor":21,"turns":5},{"damage":28,"enemies":"Chosen and Byrds","floor":23,"turns":7},{"damage":1,"enemies":"Colosseum Slavers","floor":25,"turns":3},{"damage":35,"enemies":"Colosseum Nobs","floor":25,"turns":4},{"damage":36,"enemies":"Gremlin Leader","floor":28,"turns":5},{"damage":4,"enemies":"Snecko","floor":29,"turns":3},{"damage":0,"enemies":"Cultist and Chosen","floor":31,"turns":4},{"damage":64,"enemies":"Champ","floor":33,"turns":8},{"damage":28,"enemies":"3 Darklings","floor":35,"turns":3},{"damage":28,"enemies":"3 Shapes","floor":37,"turns":2},{"damage":0,"enemies":"Spire Growth","floor":41,"turns":2},{"damage":4,"enemies":"Writhing Mass","floor":44,"turns":3},{"damage":0,"enemies":"4 Shapes","floor":47,"turns":2},{"damage":86,"enemies":"Awakened One","floor":50,"turns":3}],"seed_played":"2127750170512805018","potions_obtained":[{"floor":5,"key":"Explosive Potion"},{"floor":10,"key":"Energy Potion"},{"floor":14,"key":"Regen Potion"},{"floor":35,"key":"Fire Potion"}],"is_trial":false,"path_per_floor":["M","M","M","?","M","R","E","R","T","M","$","R","M","M","R","B",null,"M","M","$","M","?","M","R","?","T","?","E","M","?","M","R","B",null,"M","$","M","?","$","R","M","R","T","M","T","?","M","?","R","B"],"character_chosen":"DEFECT","items_purchased":["Anchor","Self Repair","Self Repair","Symbiotic Virus","EssenceOfSteel"],"campfire_rested":3,"item_purchase_floors":[11,11,20,36,39],"current_hp_per_floor":[75,69,62,55,49,71,64,64,64,64,64,64,71,71,71,39,75,72,72,72,75,75,61,61,46,53,53,31,41,41,55,79,29,82,68,68,40,40,40,64,71,71,71,82,82,82,82,82,82,0],"gold":0,"neow_bonus":"REMOVE_CARD","is_prod":false,"is_daily":false,"chose_seed":false,"campfire_upgraded":5,"win_rate":0,"timestamp":1555827540,"path_taken":["M","M","M","?","M","R","E","R","T","M","$","R","M","M","R","BOSS","M","M","$","M","?","M","R","?","T","?","E","?","?","M","R","BOSS","M","$","M","?","$","R","?","R","T","M","?","?","M","?","R","BOSS"],"build_version":"2019-01-23","purchased_purges":2,"victory":false,"max_hp_per_floor":[75,75,75,75,75,75,75,75,75,75,75,75,75,75,75,75,75,75,75,75,75,75,75,75,75,82,82,82,82,82,82,82,82,82,82,82,82,82,82,82,82,82,82,82,82,82,82,82,82,82],"card_choices":[{"not_picked":["Leap","Steam Power"],"picked":"Cold Snap","floor":1},{"not_picked":["Blizzard","Steam"],"picked":"Doom and Gloom","floor":2},{"not_picked":["Gash","Coolheaded"],"picked":"Conserve Battery","floor":3},{"not_picked":["Go for the Eyes","Rip and Tear"],"picked":"BootSequence","floor":5},{"not_picked":["Barrage","Hello World"],"picked":"Multi-Cast","floor":7},{"not_picked":["Cold Snap","Beam Cell"],"picked":"Defragment","floor":10},{"not_picked":["Beam Cell","Rebound"],"picked":"Sweeping Beam","floor":13},{"not_picked":["Genetic Algorithm","Compile Driver"],"picked":"Defragment","floor":14},{"not_picked":["Hyperbeam","Fission"],"picked":"Meteor Strike","floor":16},{"not_picked":["Turbo","Cold Snap"],"picked":"Loop","floor":18},{"not_picked":["Double Energy","Melter"],"picked":"Defragment+1","floor":19},{"not_picked":["Fusion","Chaos"],"picked":"Doom and Gloom","floor":21},{"not_picked":["Coolheaded","Ball Lightning"],"picked":"Storm+1","floor":23},{"not_picked":["Recycle+1","Chaos"],"picked":"Echo Form","floor":28},{"not_picked":["Aggregate","Redo","Cold Snap"],"picked":"SKIP","floor":29},{"not_picked":["Beam Cell","Rebound","Compile Driver"],"picked":"SKIP","floor":31},{"not_picked":["Buffer","Reboot"],"picked":"Biased Cognition","floor":33},{"not_picked":["Consume+1","Chaos+1"],"picked":"Defragment+1","floor":35},{"not_picked":["Sunder","Beam Cell"],"picked":"Amplify","floor":37},{"not_picked":["Compile Driver+1","Sweeping Beam","Capacitor+1"],"picked":"SKIP","floor":41},{"not_picked":["Cold Snap+1","Compile Driver","Go for the Eyes+1"],"picked":"SKIP","floor":44},{"not_picked":["HandOfGreed","Purity"],"picked":"Bandage Up","floor":46},{"not_picked":["Steam","Steam Power+1"],"picked":"Chill","floor":47}],"player_experience":226791,"relics_obtained":[{"floor":7,"key":"Bag of Preparation"},{"floor":9,"key":"Oddly Smooth Stone"},{"floor":25,"key":"Du-Vu Doll"},{"floor":25,"key":"The Courier"},{"floor":26,"key":"Strawberry"},{"floor":28,"key":"Kunai"},{"floor":45,"key":"Bag of Marbles"}],"event_choices":[{"cards_removed":["Strike_B"],"damage_healed":0,"gold_gain":0,"player_choice":"Card Removal","damage_taken":7,"max_hp_gain":0,"max_hp_loss":0,"event_name":"Golden Wing","floor":4,"gold_loss":0},{"damage_healed":0,"gold_gain":0,"player_choice":"Read","damage_taken":0,"max_hp_gain":0,"max_hp_loss":0,"event_name":"The Library","floor":22,"gold_loss":0,"cards_obtained":["Capacitor"]},{"damage_healed":0,"gold_gain":0,"player_choice":"Fight","damage_taken":0,"max_hp_gain":0,"max_hp_loss":0,"event_name":"Colosseum","floor":25,"gold_loss":0},{"damage_healed":0,"gold_gain":0,"player_choice":"Fought Nobs","damage_taken":0,"max_hp_gain":0,"max_hp_loss":0,"event_name":"Colosseum","floor":25,"gold_loss":0},{"damage_healed":0,"gold_gain":0,"player_choice":"Traded Relic","damage_taken":0,"relics_obtained":["Nloth\u0027s Gift"],"max_hp_gain":0,"max_hp_loss":0,"event_name":"N\u0027loth","floor":27,"relics_lost":["The Courier"],"gold_loss":0},{"damage_healed":0,"gold_gain":0,"player_choice":"Ignored","damage_taken":0,"max_hp_gain":0,"max_hp_loss":0,"event_name":"The Mausoleum","floor":30,"gold_loss":0},{"damage_healed":0,"gold_gain":0,"player_choice":"Bought 0 Potions","damage_taken":0,"max_hp_gain":0,"max_hp_loss":0,"event_name":"The Woman in Blue","floor":38,"gold_loss":0},{"damage_healed":0,"gold_gain":0,"player_choice":"Memory 1","damage_taken":0,"max_hp_gain":0,"max_hp_loss":0,"event_name":"SensoryStone","floor":46,"gold_loss":0},{"damage_healed":0,"gold_gain":0,"player_choice":"Paid","damage_taken":0,"relics_obtained":["Red Mask"],"max_hp_gain":0,"max_hp_loss":0,"event_name":"Tomb of Lord Red Mask","floor":48,"gold_loss":96}],"is_beta":false,"boss_relics":[{"not_picked":["Empty Cage","Tiny House"],"picked":"Snecko Eye"},{"not_picked":["Coffee Dripper","Busted Crown"],"picked":"Nuclear Battery"}],"items_purged_floors":[20,36],"is_endless":false,"potions_floor_spawned":[5,10,14,16,21,23,25,35,37,41],"killed_by":"Awakened One","ascension_level":4}