{"path_per_floor":["M","?","?","$","M","E","R","M","T","E","M","E","R","M","R","B",null,"M","M","$","?","M","R"],"character_chosen":"IRONCLAD","items_purchased":["Vajra","Jack Of All Trades","Panache","Flex","Clash"],"gold_per_floor":[118,88,263,18,32,60,60,74,99,129,139,170,170,182,182,287,317,327,343,58,58,70,70,70],"floor_reached":24,"campfire_rested":1,"playtime":1477,"current_hp_per_floor":[78,78,78,78,80,80,80,80,80,62,68,42,66,72,72,33,73,74,58,58,85,73,73,0],"items_purged":[],"gold":70,"score":325,"play_id":"b4fe3723-a048-449a-b74b-39db4a903e27","local_time":"20180331122227","is_prod":false,"is_daily":false,"is_ascension_mode":true,"campfire_upgraded":3,"timestamp":1522488147,"path_taken":["M","?","?","$","M","E","R","M","T","E","M","E","R","M","R","BOSS","M","M","$","?","M","R","E"],"build_version":"2018-03-29v2","purchased_purges":0,"victory":false,"master_deck":["Strike_R","Strike_R","Strike_R","Strike_R","Strike_R","Defend_R","Defend_R","Defend_R","Defend_R","Bash+1","Rage","Doubt","Jack Of All Trades+1","Flex","Infernal Blade+1","Offering","Anger","Panache","Flex","Clash","Infernal Blade+1"],"max_hp_per_floor":[80,80,80,80,80,80,80,80,80,80,80,80,80,80,80,80,85,85,85,85,85,85,85,85],"relics":["Burning Blood","NeowsBlessing","Vajra","Dodecahedron","Dream Catcher","Ice Cream","Pantograph","Tiny House"],"card_choices":[{"not_picked":["Power Through","Headbutt"],"picked":"Rage","floor":1},{"not_picked":["Body Slam","Twin Strike"],"picked":"Flex","floor":5},{"not_picked":["Exhume","Havoc"],"picked":"Infernal Blade","floor":10},{"not_picked":["Brutality","Bludgeon"],"picked":"Offering","floor":16},{"not_picked":["Iron Wave","Armaments"],"picked":"Anger","floor":18},{"not_picked":["Sever Soul","Limit Break"],"picked":"Infernal Blade","floor":22}],"player_experience":328933,"potions_floor_usage":[10,10,10,16,16,18,19,24],"damage_taken":[{"damage":0,"enemies":"Jaw Worm","floor":1,"turns":1},{"damage":0,"enemies":"Cultist","floor":5,"turns":1},{"damage":0,"enemies":"3 Sentries","floor":6,"turns":2},{"damage":0,"enemies":"2 Louse","floor":8,"turns":4},{"damage":28,"enemies":"Lagavulin","floor":10,"turns":6},{"damage":0,"enemies":"Large Slime","floor":11,"turns":4},{"damage":32,"enemies":"Gremlin Nob","floor":12,"turns":4},{"damage":0,"enemies":"Lots of Slimes","floor":14,"turns":1},{"damage":53,"enemies":"The Guardian","floor":16,"turns":12},{"damage":5,"enemies":"Spheric Guardian","floor":18,"turns":3},{"damage":22,"enemies":"Chosen","floor":19,"turns":4},{"damage":18,"enemies":"Centurion and Healer","floor":22,"turns":4},{"damage":78,"enemies":"Gremlin Leader","floor":24,"turns":4}],"event_choices":[{"event_name":"The Woman in Blue","player_choice":"Bought 2 Potions","floor":2,"damage_taken":0},{"event_name":"Liars Game","player_choice":"agreed","floor":3,"damage_taken":0},{"event_name":"The Library","player_choice":"Heal","floor":21,"damage_taken":0}],"boss_relics":[{"not_picked":["Philosopher\u0027s Stone","Eternal Feather"],"picked":"Tiny House"}],"potions_floor_spawned":[1,12,14,16,22],"seed_played":"8939823713198355312","killed_by":"Gremlin Leader","ascension_level":7,"is_trial":false}