{"path_per_floor":["M","M","M","M","M","R","?","M","T","E","$","?","M","M","R","B",null,"M","M","?","M"],"character_chosen":"THE_SILENT","items_purchased":["Noxious Fumes"],"gold_per_floor":[10,26,36,52,67,67,67,79,79,108,36,36,55,70,70,175,175,195,209,209,223],"floor_reached":22,"campfire_rested":1,"playtime":2620,"current_hp_per_floor":[56,56,56,56,54,54,54,48,48,32,32,18,5,5,26,9,70,55,27,27,16],"items_purged":[],"gold":223,"play_id":"7fefb9bd-d5af-485d-96e2-fc1a2448b1d0","is_prod":false,"is_daily":false,"is_ascension_mode":false,"campfire_upgraded":1,"path_taken":["M","M","?","M","M","R","?","M","T","E","$","?","?","M","R","BOSS","M","M","?","?","M"],"build_version":"2018-01-25-PROD3","purchased_purges":0,"victory":false,"master_deck":["Defend_G","Defend_G","Defend_G","Defend_G","Defend_G+1","Survivor","Neutralize+1","Riddle With Holes","Heel Hook+1","Well Laid Plans","Quick Slash+1","All Out Attack","Slice","Backflip","Regret","Flying Knee","PiercingWail","Noxious Fumes","Heel Hook","Slice","A Thousand Cuts","Crippling Poison+1","Poisoned Stab","Bite_G","Bite_G","Bite_G","Bite_G","Bite_G","Deadly Poison+1"],"max_hp_per_floor":[70,70,70,70,70,70,70,70,70,70,70,70,70,70,70,70,70,70,70,49,49],"relics":["Ring of the Snake","Kunai","Molten Egg","Du-Vu Doll","Question Card"],"card_choices":[{"not_picked":["Phantasmal Killer","Predator"],"picked":"Well Laid Plans"},{"not_picked":["Dash","Prepared"],"picked":"Quick Slash"},{"not_picked":["Bane","Acrobatics"],"picked":"All Out Attack"},{"not_picked":["Predator","Bane"],"picked":"Slice"},{"not_picked":["Deflect","Dagger Spray"],"picked":"Backflip"},{"not_picked":["Choke","Infinite Blades"],"picked":"Flying Knee"},{"not_picked":["Choke","Dodge and Roll"],"picked":"PiercingWail"},{"not_picked":["Quick Slash","Blade Dance"],"picked":"Heel Hook"},{"not_picked":["Choke","Dodge and Roll"],"picked":"Slice"},{"not_picked":["Night Terror","Glass Knife"],"picked":"A Thousand Cuts"},{"not_picked":["Outmaneuver","Heel Hook","Caltrops"],"picked":"Crippling Poison"},{"not_picked":["Predator","Bane","Footwork"],"picked":"Poisoned Stab"},{"not_picked":["Poisoned Stab","Deflect","Dagger Throw"],"picked":"Deadly Poison"}],"player_experience":26213,"potions_floor_usage":[4,5,16,18,21,21,22],"damage_taken":[{"damage":14,"enemies":"Blue Slaver","floor":1,"turns":4},{"damage":0,"enemies":"Cultist","floor":2,"turns":4},{"damage":0,"enemies":"Small Slimes","floor":3,"turns":3},{"damage":0,"enemies":"Exordium Wildlife","floor":4,"turns":3},{"damage":2,"enemies":"Exordium Thugs","floor":5,"turns":4},{"damage":6,"enemies":"Large Slime","floor":8,"turns":6},{"damage":16,"enemies":"3 Sentries","floor":10,"turns":6},{"damage":13,"enemies":"Lots of Slimes","floor":13,"turns":3},{"damage":0,"enemies":"3 Louse","floor":14,"turns":2},{"damage":17,"enemies":"Hexaghost","floor":16,"turns":10},{"damage":15,"enemies":"3 Byrds","floor":18,"turns":5},{"damage":28,"enemies":"Chosen","floor":19,"turns":6},{"damage":17,"enemies":"3 Cultists","floor":21,"turns":5},{"damage":30,"enemies":"Snecko","floor":22,"turns":4}],"event_choices":[{"event_name":"Big Fish","player_choice":"Box","floor":7,"damage_taken":0},{"event_name":"Shining Light","player_choice":"Entered Light","floor":12,"damage_taken":0},{"event_name":"Vampires","player_choice":"Became a vampire","floor":20,"damage_taken":0}],"boss_relics":[{"not_picked":["Philosopher\u0027s Stone","Runic Pyramid"],"picked":"Question Card"}],"potions_floor_spawned":[1,2,3,8,16,18,19],"seed_played":"8278722470607038860","killed_by":"Snecko","ascension_level":0,"is_trial":false}