{"gold_per_floor":[110,120,131,146,71,106,117,117,167,185,46,46,65,25,25,120,120,134,147,47,58,76,76,88,88],"floor_reached":25,"playtime":2017,"items_purged":["Strike_R","Strike_R"],"score":209,"play_id":"31644b36-d108-4bac-90d0-8eb0fd570b61","local_time":"20190327015955","is_ascension_mode":false,"campfire_choices":[{"floor":8.0,"key":"REST"},{"floor":12.0,"key":"REST"},{"floor":15.0,"key":"REST"},{"floor":23,"key":"REST"}],"neow_cost":"NONE","seed_source_timestamp":19965557258100,"circlet_count":0,"master_deck":["Strike_R","Strike_R","Strike_R","Defend_R","Defend_R","Defend_R","Defend_R","Bash","Finesse","Warcry","Rampage","Corruption","Rage","Headbutt","Dual Wield","Feed","Impervious","Double Tap","Dropkick","Thunderclap","Reckless Charge+1","Pommel Strike+1","Armaments"],"special_seed":0,"relics":["Burning Blood","StoneCalendar","Potion Belt","Black Star"],"potions_floor_usage":[25],"damage_taken":[{"damage":6.0,"enemies":"Jaw Worm","floor":1.0,"turns":4.0},{"damage":11.0,"enemies":"Cultist","floor":2.0,"turns":4.0},{"damage":10.0,"enemies":"2 Louse","floor":3.0,"turns":3.0},{"damage":9.0,"enemies":"Blue Slaver","floor":4.0,"turns":4.0},{"damage":63.0,"enemies":"Gremlin Nob","floor":6.0,"turns":5.0},{"damage":0.0,"enemies":"Large Slime","floor":7.0,"turns":6.0},{"damage":17.0,"enemies":"3 Louse","floor":10.0,"turns":4.0},{"damage":13.0,"enemies":"Blue Slaver","floor":13.0,"turns":3.0},{"damage":1.0,"enemies":"Slime Boss","floor":16.0,"turns":7.0},{"damage":20.0,"enemies":"2 Thieves","floor":18.0,"turns":5.0},{"damage":19.0,"enemies":"3 Byrds","floor":19.0,"turns":7.0},{"damage":25.0,"enemies":"Sentry and Sphere","floor":21.0,"turns":6.0},{"damage":29,"enemies":"Snecko","floor":22,"turns":6},{"damage":40,"enemies":"Centurion and Healer","floor":24,"turns":7},{"damage":20,"enemies":"Snake Plant","floor":25,"turns":4}],"seed_played":"-5718307489156491988","potions_obtained":[{"floor":1.0,"key":"EssenceOfSteel"},{"floor":4.0,"key":"Block Potion"},{"floor":10.0,"key":"Strength Potion"},{"floor":14.0,"key":"FairyPotion"},{"floor":14.0,"key":"SkillPotion"},{"floor":14.0,"key":"Weak Potion"},{"floor":16.0,"key":"Dexterity Potion"},{"floor":18.0,"key":"GamblersBrew"}],"is_trial":false,"path_per_floor":["M","M","M","M","$","E","M","R","T","M","$","R","M","?","R","B",null,"M","M","$","M","M","R","M","M"],"character_chosen":"IRONCLAD","items_purchased":["Feed"],"campfire_rested":4,"item_purchase_floors":[11],"current_hp_per_floor":[80,75,71,68,68,11,17,41,41,30,30,54,50,50,74,79,83,72,59,59,40,17,42,8,0],"gold":88,"neow_bonus":"RANDOM_COLORLESS","is_prod":false,"is_daily":false,"chose_seed":false,"campfire_upgraded":0,"win_rate":0,"timestamp":1553619595,"path_taken":["M","M","M","M","$","E","M","R","T","M","$","R","M","?","R","BOSS","M","M","$","M","M","R","M","M"],"build_version":"2019-01-23","purchased_purges":2,"victory":false,"max_hp_per_floor":[80,80,80,80,80,80,80,80,80,80,80,80,83,83,83,83,83,86,86,86,86,86,86,86,86],"card_choices":[{"not_picked":["Perfected Strike","Iron Wave"],"picked":"Warcry","floor":1.0},{"not_picked":["Perfected Strike","Clothesline"],"picked":"Rampage","floor":2.0},{"not_picked":["Clothesline","Shrug It Off"],"picked":"Corruption","floor":3.0},{"not_picked":["True Grit","Bloodletting","Dual Wield"],"picked":"SKIP","floor":4.0},{"not_picked":["Metallicize","True Grit"],"picked":"Rage","floor":6.0},{"not_picked":["Fire Breathing","Clothesline"],"picked":"Headbutt","floor":7.0},{"not_picked":["Flex","Thunderclap"],"picked":"Dual Wield","floor":10.0},{"not_picked":["Flex","Headbutt"],"picked":"Impervious","floor":13.0},{"not_picked":["Feed","Limit Break"],"picked":"Double Tap","floor":16.0},{"not_picked":["Searing Blow","Blood for Blood"],"picked":"Dropkick","floor":18.0},{"not_picked":["Entrench+1","Pommel Strike"],"picked":"Thunderclap","floor":19.0},{"not_picked":["Havoc","Anger"],"picked":"Reckless Charge+1","floor":21.0},{"not_picked":["Clothesline","Reckless Charge+1"],"picked":"Pommel Strike+1","floor":22},{"not_picked":["Corruption","Cleave+1"],"picked":"Armaments","floor":24}],"player_experience":226073,"relics_obtained":[{"floor":6.0,"key":"StoneCalendar"},{"floor":9.0,"key":"Potion Belt"}],"event_choices":[{"damage_healed":0.0,"max_hp_gain":0.0,"max_hp_loss":0.0,"gold_gain":0.0,"event_name":"The Woman in Blue","player_choice":"Bought 3 Potions","floor":14.0,"gold_loss":0.0,"damage_taken":0.0}],"is_beta":false,"boss_relics":[{"not_picked":["Coffee Dripper","Eternal Feather"],"picked":"Black Star"}],"items_purged_floors":[5,20],"is_endless":false,"potions_floor_spawned":[1,4,10,16,18],"killed_by":"Snake Plant","ascension_level":0}