{"gold_per_floor":[113,113,127,127,127,127,153,153,180,180,196,206,156,166,166,166],"floor_reached":16,"playtime":309,"items_purged":["Defend_B"],"score":250,"play_id":"ff4d5dbc-6c94-45bb-9574-143c3573cc47","local_time":"20190223161009","is_ascension_mode":true,"campfire_choices":[{"data":"Zap","floor":6,"key":"SMITH"},{"data":"Dualcast","floor":8,"key":"SMITH"},{"data":"Melter","floor":15,"key":"SMITH"}],"neow_cost":"NONE","seed_source_timestamp":274895722279700,"circlet_count":0,"master_deck":["AscendersBane","Strike_B","Strike_B","Strike_B","Strike_B+1","Defend_B","Defend_B+1","Defend_B","Zap+1","Dualcast+1","Coolheaded","Coolheaded","Melter+1","Reboot"],"relics":["Cracked Core","NeowsBlessing","PreservedInsect","Smiling Mask"],"potions_floor_usage":[16],"damage_taken":[{"damage":0,"enemies":"2 Louse","floor":1,"turns":1},{"damage":0,"enemies":"Jaw Worm","floor":3,"turns":1},{"damage":0,"enemies":"3 Sentries","floor":7,"turns":2},{"damage":6,"enemies":"Small Slimes","floor":11,"turns":4},{"damage":19,"enemies":"Exordium Wildlife","floor":12,"turns":5},{"damage":5,"enemies":"Exordium Thugs","floor":14,"turns":4},{"damage":0,"enemies":"Slime Boss","floor":16,"turns":4}],"seed_played":"-5787745730098368537","potions_obtained":[{"floor":7,"key":"Swift Potion"},{"floor":11,"key":"Weak Potion"}],"is_trial":false,"path_per_floor":["M","?","M","?","?","R","E","R","T","$","M","M","$","M","R","B"],"character_chosen":"DEFECT","items_purchased":[],"campfire_rested":0,"item_purchase_floors":[],"current_hp_per_floor":[64,64,64,57,36,36,36,36,36,36,30,11,11,6,6,6],"gold":166,"neow_bonus":"THREE_ENEMY_KILL","is_prod":false,"is_daily":false,"chose_seed":false,"campfire_upgraded":3,"win_rate":0,"timestamp":1550905809,"path_taken":["M","?","M","?","?","R","E","R","T","$","M","?","$","M","R","BOSS"],"build_version":"2019-01-23","purchased_purges":1,"victory":false,"max_hp_per_floor":[71,71,71,71,71,71,71,71,71,71,71,71,71,71,71,71],"card_choices":[{"not_picked":["Stack","Steam Power"],"picked":"Coolheaded","floor":1},{"not_picked":["Heatsinks","Turbo"],"picked":"Coolheaded","floor":3},{"not_picked":["Chaos","Scrape","Beam Cell"],"picked":"SKIP","floor":7},{"not_picked":["Redo","Ball Lightning"],"picked":"Melter","floor":11},{"not_picked":["Genetic Algorithm","Stack","Conserve Battery"],"picked":"SKIP","floor":12},{"not_picked":["Storm","Reprogram"],"picked":"Reboot","floor":14}],"player_experience":1778721,"relics_obtained":[{"floor":7,"key":"Smiling Mask"}],"event_choices":[{"damage_healed":0,"gold_gain":0,"player_choice":"Box","damage_taken":0,"relics_obtained":["PreservedInsect"],"max_hp_gain":0,"max_hp_loss":0,"event_name":"Big Fish","floor":2,"gold_loss":0,"cards_obtained":["Regret"]},{"cards_removed":["Regret"],"damage_healed":0,"gold_gain":0,"player_choice":"Card Removal","damage_taken":7,"max_hp_gain":0,"max_hp_loss":0,"event_name":"Golden Wing","floor":4,"gold_loss":0},{"damage_healed":0,"gold_gain":0,"player_choice":"Entered Light","damage_taken":21,"max_hp_gain":0,"max_hp_loss":0,"event_name":"Shining Light","floor":5,"gold_loss":0,"cards_upgraded":["Strike_B","Defend_B"]}],"is_beta":false,"boss_relics":[],"items_purged_floors":[13],"is_endless":false,"potions_floor_spawned":[7,11],"killed_by":"Slime Boss","ascension_level":20}