{"gold_per_floor":[409,11,11,29,29,29,4,4,58,123,149,165,165],"floor_reached":13,"playtime":218,"items_purged":["Regret"],"score":142,"play_id":"e5e3fada-0d92-4221-b19c-67ebc47ff460","local_time":"20190331204121","is_ascension_mode":true,"campfire_choices":[{"data":"Self Repair","floor":6.0,"key":"SMITH"},{"data":"Dualcast","floor":8.0,"key":"SMITH"}],"neow_cost":"CURSE","seed_source_timestamp":207495561349800,"circlet_count":0,"master_deck":["AscendersBane","Strike_B","Strike_B","Strike_B","Defend_B","Defend_B","Defend_B","Defend_B+1","Zap+1","Dualcast+1","Self Repair+1","Ball Lightning","Cold Snap"],"special_seed":0,"relics":["Cracked Core","Old Coin","Art of War","Ancient Tea Set","Tiny Chest","Regal Pillow"],"potions_floor_usage":[],"damage_taken":[{"damage":8.0,"enemies":"Jaw Worm","floor":1.0,"turns":5.0},{"damage":0.0,"enemies":"Small Slimes","floor":4.0,"turns":3.0},{"damage":24.0,"enemies":"Lagavulin Event","floor":10.0,"turns":5.0},{"damage":5.0,"enemies":"2 Louse","floor":12.0,"turns":2.0},{"damage":0,"enemies":"Gremlin Nob","floor":13,"turns":1}],"seed_played":"8143600047426125903","potions_obtained":[{"floor":4.0,"key":"SteroidPotion"}],"is_trial":false,"path_per_floor":["M","$","?","M","?","R","$","R","T","?","T","M","E"],"character_chosen":"DEFECT","items_purchased":["Art of War","Ancient Tea Set","Cold Snap"],"campfire_rested":0,"item_purchase_floors":[2,2,7],"current_hp_per_floor":[56,56,35,35,35,35,35,35,35,21,21,26,26],"gold":165,"neow_bonus":"ONE_RARE_RELIC","is_prod":false,"is_daily":false,"chose_seed":false,"campfire_upgraded":2,"win_rate":0,"timestamp":1554032481,"path_taken":["M","$","?","M","?","R","$","R","T","?","?","?","E"],"build_version":"2019-01-23","purchased_purges":1,"victory":false,"max_hp_per_floor":[71,71,71,71,71,71,71,71,71,71,71,71,71],"card_choices":[{"not_picked":["Gash","Melter","Rebound"],"picked":"SKIP","floor":1.0},{"not_picked":["Beam Cell","Streamline"],"picked":"Self Repair","floor":4.0},{"not_picked":["Leap","Steam","Force Field"],"picked":"SKIP","floor":12.0}],"player_experience":2785666,"relics_obtained":[{"floor":9.0,"key":"Tiny Chest"},{"floor":10.0,"key":"Regal Pillow"}],"event_choices":[{"damage_healed":0.0,"max_hp_gain":0.0,"max_hp_loss":0.0,"gold_gain":0.0,"event_name":"Shining Light","player_choice":"Entered Light","floor":3.0,"gold_loss":0.0,"damage_taken":21.0,"cards_upgraded":["Defend_B","Zap"]},{"damage_healed":0.0,"max_hp_gain":0.0,"max_hp_loss":0.0,"gold_gain":0.0,"cards_transformed":["Strike_B"],"event_name":"Living Wall","player_choice":"Change","floor":5.0,"gold_loss":0.0,"damage_taken":0.0,"cards_obtained":["Ball Lightning"]},{"damage_healed":0.0,"max_hp_gain":0.0,"max_hp_loss":0.0,"gold_gain":0.0,"event_name":"Dead Adventurer","player_choice":"Searched \u00271\u0027 times","floor":10.0,"gold_loss":0.0,"damage_taken":0.0}],"is_beta":false,"boss_relics":[],"items_purged_floors":[2],"is_endless":false,"potions_floor_spawned":[4],"killed_by":"Gremlin Nob","ascension_level":20}