{"gold_per_floor":[114,114,114,39,50,78,78,78,78,98,98,98,123,123,123,123],"floor_reached":16,"playtime":485,"items_purged":["Pain"],"score":262,"play_id":"2f858b4a-ab07-4373-ac92-1954a4e089ff","local_time":"20190213135521","is_ascension_mode":true,"campfire_choices":[{"data":"Zap","floor":11,"key":"SMITH"},{"data":"Gash","floor":15,"key":"SMITH"}],"neow_cost":"NONE","seed_source_timestamp":99116833817300,"circlet_count":0,"master_deck":["AscendersBane","Strike_B","Strike_B","Strike_B","Strike_B","Defend_B","Defend_B","Zap+1","Dualcast","Gash+1","Reprogram","Cold Snap","Conserve Battery","Chill+1","FTL"],"relics":["Cracked Core","NeowsBlessing","WarpedTongs","Potion Belt","Toxic Egg 2","Blood Vial","DataDisk","Omamori"],"potions_floor_usage":[13,16],"damage_taken":[{"damage":0,"enemies":"2 Louse","floor":1,"turns":1},{"damage":0,"enemies":"Small Slimes","floor":5,"turns":1},{"damage":0,"enemies":"3 Sentries","floor":6,"turns":1},{"damage":4,"enemies":"Cultist","floor":10,"turns":4},{"damage":28,"enemies":"Gremlin Nob","floor":13,"turns":4},{"damage":18,"enemies":"Hexaghost","floor":16,"turns":9}],"seed_played":"-7005051359100931792","potions_obtained":[{"floor":1,"key":"Fire Potion"},{"floor":5,"key":"PowerPotion"}],"is_trial":false,"path_per_floor":["M","?","?","$","M","E","?","T","T","M","R","?","E","?","R","B"],"character_chosen":"DEFECT","items_purchased":[],"campfire_rested":0,"item_purchase_floors":[],"current_hp_per_floor":[64,64,64,64,64,64,64,64,64,62,62,44,18,11,11,0],"gold":123,"neow_bonus":"THREE_ENEMY_KILL","is_prod":false,"is_daily":false,"chose_seed":false,"campfire_upgraded":2,"win_rate":0,"timestamp":1550033721,"path_taken":["M","?","?","$","?","E","?","?","T","M","R","?","E","?","R","BOSS"],"build_version":"2019-01-23","purchased_purges":1,"victory":false,"max_hp_per_floor":[71,71,71,71,71,71,71,71,71,71,71,71,71,71,71,71],"card_choices":[{"not_picked":["Darkness","Conserve Battery"],"picked":"Gash","floor":1},{"not_picked":["Conserve Battery","Hello World"],"picked":"Cold Snap","floor":5},{"not_picked":["Go for the Eyes","Thunder Strike"],"picked":"Conserve Battery","floor":6},{"not_picked":["Cold Snap","Compile Driver"],"picked":"Chill+1","floor":10},{"not_picked":["Turbo+1","Lockon"],"picked":"FTL","floor":13}],"player_experience":1553464,"relics_obtained":[{"floor":6,"key":"Potion Belt"},{"floor":9,"key":"Blood Vial"},{"floor":13,"key":"Omamori"}],"event_choices":[{"damage_healed":0,"gold_gain":0,"cards_transformed":["Defend_B"],"player_choice":"Change","damage_taken":0,"max_hp_gain":0,"max_hp_loss":0,"event_name":"Living Wall","floor":2,"gold_loss":0,"cards_obtained":["Reprogram"]},{"damage_healed":0,"gold_gain":0,"player_choice":"Rummage","damage_taken":0,"relics_obtained":["WarpedTongs"],"max_hp_gain":0,"max_hp_loss":0,"event_name":"Accursed Blacksmith","floor":3,"gold_loss":0,"cards_obtained":["Pain"]},{"damage_healed":0,"gold_gain":0,"player_choice":"Searched \u00271\u0027 times","damage_taken":0,"relics_obtained":["Toxic Egg 2"],"max_hp_gain":0,"max_hp_loss":0,"event_name":"Dead Adventurer","floor":7,"gold_loss":0},{"damage_healed":0,"gold_gain":0,"player_choice":"Success","damage_taken":18,"relics_obtained":["DataDisk"],"max_hp_gain":0,"max_hp_loss":0,"event_name":"Scrap Ooze","floor":12,"gold_loss":0},{"cards_removed":["Defend_B"],"damage_healed":0,"gold_gain":0,"player_choice":"Card Removal","damage_taken":7,"max_hp_gain":0,"max_hp_loss":0,"event_name":"Golden Wing","floor":14,"gold_loss":0}],"is_beta":false,"boss_relics":[],"items_purged_floors":[4],"is_endless":false,"potions_floor_spawned":[1,5],"killed_by":"Hexaghost","ascension_level":20}