{"gold_per_floor":[113,113,31,31,106,139,139,169,169,198,212,212,212,140,140,235,235,254,50,64,64,64,64,77,77,127,140,157,185,197,209,209,305,305,323,323,423,423,434,434,479,479,479,229,229,229,229,68,68,68],"floor_reached":50,"playtime":1939,"items_purged":[],"score":679,"play_id":"52286975-eb18-4338-ba54-fcb32f55fdf4","local_time":"20190427161347","is_ascension_mode":true,"campfire_choices":[{"data":"Zap","floor":7,"key":"SMITH"},{"data":"Dualcast","floor":12,"key":"SMITH"},{"floor":15,"key":"REST"},{"floor":23,"key":"RECALL"},{"data":"Loop","floor":25,"key":"SMITH"},{"floor":32,"key":"REST"},{"floor":40,"key":"REST"},{"floor":42,"key":"REST"},{"floor":45,"key":"REST"},{"data":"Loop","floor":47,"key":"SMITH"},{"floor":49,"key":"REST"}],"neow_cost":"NONE","seed_source_timestamp":253285772418700,"circlet_count":0,"master_deck":["Defend_B+1","Zap+1","Dualcast+1","Cold Snap","Loop+1","Consume","Electrodynamics+1","Self Repair","Loop+1","Echo Form","Cold Snap+1","Echo Form","Conserve Battery","Loop+1","Amplify","Cold Snap+1","Self Repair+1","Seek","Biased Cognition+1","Self Repair+1","Storm+1","Bandage Up","Dark Shackles","Coolheaded+1","Storm+1"],"relics":["Cracked Core","NeowsBlessing","Anchor","DataDisk","Dream Catcher","WingedGreaves","Symbiotic Virus","Empty Cage","ClockworkSouvenir","Molten Egg 2","Astrolabe","Ginger","Dead Branch","Mercury Hourglass","Ornamental Fan","The Courier","HandDrill"],"potions_floor_usage":[16,27,30,33,33,37,50],"damage_taken":[{"damage":0,"enemies":"Small Slimes","floor":1,"turns":1},{"damage":0,"enemies":"Lagavulin","floor":6,"turns":1},{"damage":0,"enemies":"Gremlin Nob","floor":8,"turns":1},{"damage":5,"enemies":"3 Sentries","floor":10,"turns":6},{"damage":5,"enemies":"2 Louse","floor":11,"turns":2},{"damage":33,"enemies":"Hexaghost","floor":16,"turns":7},{"damage":4,"enemies":"2 Thieves","floor":18,"turns":2},{"damage":0,"enemies":"Chosen","floor":20,"turns":4},{"damage":3,"enemies":"3 Cultists","floor":24,"turns":3},{"damage":10,"enemies":"Snecko","floor":27,"turns":3},{"damage":3,"enemies":"Shelled Parasite and Fungi","floor":28,"turns":6},{"damage":31,"enemies":"Gremlin Leader","floor":29,"turns":5},{"damage":0,"enemies":"Cultist and Chosen","floor":30,"turns":4},{"damage":14,"enemies":"Centurion and Healer","floor":31,"turns":3},{"damage":13,"enemies":"Champ","floor":33,"turns":12},{"damage":0,"enemies":"3 Shapes","floor":35,"turns":3},{"damage":0,"enemies":"Mind Bloom Boss Battle","floor":37,"turns":7},{"damage":22,"enemies":"Orb Walker","floor":39,"turns":3},{"damage":56,"enemies":"2 Orb Walkers","floor":41,"turns":4},{"damage":80,"enemies":"Awakened One","floor":50,"turns":17}],"seed_played":"-4165174969430820319","potions_obtained":[{"floor":1,"key":"EssenceOfSteel"},{"floor":8,"key":"Poison Potion"},{"floor":16,"key":"AttackPotion"},{"floor":20,"key":"Fire Potion"},{"floor":24,"key":"Strength Potion"},{"floor":27,"key":"FearPotion"},{"floor":31,"key":"EssenceOfSteel"},{"floor":33,"key":"PowerPotion"},{"floor":35,"key":"GamblersBrew"}],"is_trial":false,"path_per_floor":["M","?","$","?","?","E","R","E","T","E","M","R","?","$","R","B",null,"M","$","M","?","$","R","M","R","T","M","M","E","M","M","R","B",null,"M","?","?","?","M","R","?","R","T","$","R","T","R","$","R","B"],"character_chosen":"DEFECT","items_purchased":["Loop","Loop","ClockworkSouvenir","Ornamental Fan","HandDrill"],"campfire_rested":6,"item_purchase_floors":[3,14,19,44,48],"current_hp_per_floor":[68,65,65,65,58,58,58,58,58,53,48,48,33,33,55,29,64,60,60,67,67,67,67,64,64,64,54,58,27,34,27,49,53,70,75,75,75,65,43,65,19,41,41,41,63,63,63,63,75,0],"gold":68,"neow_bonus":"THREE_ENEMY_KILL","is_prod":false,"is_daily":false,"chose_seed":false,"campfire_upgraded":4,"win_rate":0,"timestamp":1556396027,"path_taken":["M","?","$","?","?","E","R","E","T","E","?","R","?","$","R","BOSS","M","$","M","?","$","R","M","R","T","M","M","E","?","M","R","BOSS","M","?","?","?","M","R","?","R","T","$","R","?","R","$","R","BOSS"],"build_version":"2019-01-23","purchased_purges":0,"victory":false,"max_hp_per_floor":[75,75,75,75,75,75,75,75,75,75,75,75,75,75,75,75,75,75,75,75,75,75,75,75,75,75,75,75,75,75,75,75,75,75,75,75,75,75,75,75,75,75,75,75,75,75,75,75,75,75],"card_choices":[{"not_picked":["Static Discharge","Go for the Eyes"],"picked":"Cold Snap","floor":1},{"not_picked":["Go for the Eyes","Sweeping Beam","Leap"],"picked":"SKIP","floor":6},{"not_picked":["Rip and Tear","Stack"],"picked":"Consume","floor":8},{"not_picked":["Melter","Turbo"],"picked":"Electrodynamics","floor":10},{"not_picked":["Turbo","Steam"],"picked":"Self Repair","floor":11},{"not_picked":["Core Surge","All For One"],"picked":"Echo Form","floor":16},{"not_picked":["Beam Cell+1","White Noise+1"],"picked":"Cold Snap+1","floor":18},{"not_picked":["Undo","Barrage","Leap+1"],"picked":"SKIP","floor":20},{"not_picked":["Compile Driver","Gash+1"],"picked":"Conserve Battery","floor":24},{"not_picked":["Turbo","Multi-Cast","Compile Driver"],"picked":"SKIP","floor":27},{"not_picked":["Coolheaded+1","Cold Snap"],"picked":"Loop","floor":28},{"not_picked":["Streamline","Rebound+1","Cold Snap"],"picked":"SKIP","floor":29},{"not_picked":["Gash+1","Stack+1"],"picked":"Amplify","floor":30},{"not_picked":["Ball Lightning+1","Aggregate"],"picked":"Cold Snap+1","floor":31},{"not_picked":["Recycle+1","Aggregate"],"picked":"Self Repair+1","floor":32},{"not_picked":["Meteor Strike+1","Rainbow"],"picked":"Seek","floor":33},{"not_picked":["Sweeping Beam+1","Ball Lightning+1","Stack"],"picked":"SKIP","floor":35},{"not_picked":["Sadistic Nature","Good Instincts"],"picked":"Bandage Up","floor":38},{"not_picked":["Magnetism","Good Instincts"],"picked":"Dark Shackles","floor":38},{"not_picked":["Gash+1","Rip and Tear+1","Rebound+1"],"picked":"SKIP","floor":39},{"not_picked":["Steam","Gash+1"],"picked":"Coolheaded+1","floor":40},{"not_picked":["Leap+1","Hologram"],"picked":"Storm+1","floor":42}],"player_experience":201607,"relics_obtained":[{"floor":6,"key":"DataDisk"},{"floor":8,"key":"Dream Catcher"},{"floor":9,"key":"WingedGreaves"},{"floor":10,"key":"Symbiotic Virus"},{"floor":29,"key":"Molten Egg 2"},{"floor":37,"key":"Ginger"},{"floor":41,"key":"Dead Branch"},{"floor":43,"key":"Mercury Hourglass"},{"floor":46,"key":"The Courier"}],"event_choices":[{"damage_healed":0,"gold_gain":0,"player_choice":"Success","damage_taken":3,"relics_obtained":["Anchor"],"max_hp_gain":0,"max_hp_loss":0,"event_name":"Scrap Ooze","floor":2,"gold_loss":0},{"damage_healed":0,"gold_gain":0,"player_choice":"Grow","damage_taken":0,"max_hp_gain":0,"max_hp_loss":0,"event_name":"Living Wall","floor":4,"gold_loss":0,"cards_upgraded":["Loop"]},{"damage_healed":0,"gold_gain":75,"player_choice":"Touch","damage_taken":7,"max_hp_gain":0,"max_hp_loss":0,"event_name":"FaceTrader","floor":5,"gold_loss":0},{"damage_healed":0,"gold_gain":0,"player_choice":"Entered Light","damage_taken":15,"max_hp_gain":0,"max_hp_loss":0,"event_name":"Shining Light","floor":13,"gold_loss":0,"cards_upgraded":["Defend_B","Electrodynamics"]},{"damage_healed":0,"gold_gain":0,"cards_transformed":["Strike_B"],"player_choice":"Transformed","damage_taken":0,"max_hp_gain":0,"max_hp_loss":0,"event_name":"Transmorgrifier","floor":21,"gold_loss":0,"cards_obtained":["Echo Form"]},{"cards_removed":["Strike_B"],"damage_healed":0,"gold_gain":0,"player_choice":"Removed Attack","damage_taken":0,"max_hp_gain":0,"max_hp_loss":0,"event_name":"Falling","floor":36,"gold_loss":0},{"damage_healed":0,"gold_gain":0,"player_choice":"Fight","damage_taken":0,"max_hp_gain":0,"max_hp_loss":0,"event_name":"MindBloom","floor":37,"gold_loss":0},{"damage_healed":0,"gold_gain":0,"player_choice":"Memory 3","damage_taken":10,"max_hp_gain":0,"max_hp_loss":0,"event_name":"SensoryStone","floor":38,"gold_loss":0},{"damage_healed":0,"gold_gain":0,"player_choice":"Fight","damage_taken":0,"max_hp_gain":0,"max_hp_loss":0,"event_name":"Mysterious Sphere","floor":41,"gold_loss":0}],"is_beta":false,"boss_relics":[{"not_picked":["Philosopher\u0027s Stone","Tiny House"],"picked":"Empty Cage"},{"not_picked":["White Beast Statue","FrozenCore"],"picked":"Astrolabe"}],"items_purged_floors":[],"is_endless":false,"potions_floor_spawned":[1,8,16,20,24,27,29,31,33,35],"killed_by":"Awakened One","ascension_level":6}