{"gold_per_floor":[112,262,262,282,298,298,332,351,351,108,108,133,133,143,143,143],"floor_reached":16,"playtime":468,"items_purged":["Doubt"],"score":220,"play_id":"e6d1bb3a-3ae6-4d11-bd0f-816ce3799069","local_time":"20190330165610","is_ascension_mode":true,"campfire_choices":[{"data":"Loop","floor":6,"key":"SMITH"},{"floor":11,"key":"REST"},{"data":"Consume","floor":15,"key":"SMITH"}],"neow_cost":"NONE","seed_source_timestamp":107373165852900,"circlet_count":0,"master_deck":["AscendersBane","Strike_B","Strike_B","Defend_B","Defend_B","Defend_B","Zap","Dualcast","Auto Shields+1","Storm+1","Lockon+1","Loop+1","FTL","Recycle","Creative AI","Static Discharge","White Noise","Consume+1"],"relics":["Astrolabe","Dream Catcher","DataDisk","Frozen Egg 2"],"potions_floor_usage":[14,16,16],"damage_taken":[{"damage":0,"enemies":"Jaw Worm","floor":1,"turns":3},{"damage":0,"enemies":"Cultist","floor":4,"turns":4},{"damage":4,"enemies":"Small Slimes","floor":5,"turns":3},{"damage":45,"enemies":"3 Sentries","floor":7,"turns":10},{"damage":6,"enemies":"Looter","floor":8,"turns":3},{"damage":20,"enemies":"Lagavulin","floor":12,"turns":5},{"damage":2,"enemies":"3 Louse","floor":14,"turns":6},{"damage":8,"enemies":"Hexaghost","floor":16,"turns":4}],"seed_played":"7429926889600200835","potions_obtained":[{"floor":4,"key":"FocusPotion"},{"floor":7,"key":"SkillPotion"},{"floor":14,"key":"PowerPotion"}],"is_trial":false,"path_per_floor":["M","?","?","M","M","R","E","M","T","$","R","E","?","M","R","B"],"character_chosen":"DEFECT","items_purchased":["Creative AI"],"campfire_rested":1,"item_purchase_floors":[10],"current_hp_per_floor":[64,64,64,64,60,60,15,9,9,9,30,10,10,8,8,0],"gold":143,"neow_bonus":"BOSS_RELIC","is_prod":false,"is_daily":false,"chose_seed":false,"campfire_upgraded":2,"win_rate":0,"timestamp":1553932570,"path_taken":["M","?","?","M","?","R","E","M","T","$","R","E","?","M","R","BOSS"],"build_version":"2019-01-23","purchased_purges":1,"victory":false,"max_hp_per_floor":[71,71,71,71,71,71,71,71,71,71,71,71,71,71,71,71],"card_choices":[{"not_picked":["Hologram","Go for the Eyes","Redo"],"picked":"SKIP","floor":1},{"not_picked":["Sweeping Beam","Sunder"],"picked":"Loop","floor":4},{"not_picked":["Force Field","Leap"],"picked":"FTL","floor":5},{"not_picked":["FTL","Hologram"],"picked":"Recycle","floor":7},{"not_picked":["Force Field","Storm","Rebound"],"picked":"SKIP","floor":8},{"not_picked":["Thunder Strike","BootSequence"],"picked":"Static Discharge","floor":11},{"not_picked":["Fusion","Heatsinks"],"picked":"White Noise","floor":12},{"not_picked":["Compile Driver","Leap"],"picked":"Consume","floor":14}],"player_experience":2753336,"relics_obtained":[{"floor":7,"key":"Dream Catcher"},{"floor":9,"key":"DataDisk"},{"floor":12,"key":"Frozen Egg 2"}],"event_choices":[{"damage_healed":0,"gold_gain":150,"player_choice":"AGREE","damage_taken":0,"max_hp_gain":0,"max_hp_loss":0,"event_name":"Liars Game","floor":2,"gold_loss":0,"cards_obtained":["Doubt"]},{"damage_healed":0,"gold_gain":0,"player_choice":"0 cards matched","damage_taken":0,"max_hp_gain":0,"max_hp_loss":0,"event_name":"Match and Keep!","floor":3,"gold_loss":0,"cards_obtained":[]},{"damage_healed":0,"gold_gain":0,"player_choice":"Ignored","damage_taken":0,"max_hp_gain":0,"max_hp_loss":0,"event_name":"Shining Light","floor":13,"gold_loss":0}],"is_beta":false,"boss_relics":[],"items_purged_floors":[10],"is_endless":false,"potions_floor_spawned":[4,7,14],"killed_by":"Hexaghost","ascension_level":20}