{"gold_per_floor":[114,114,125,175,188,263,263,290,340,340,356,424,46,63,63,63],"floor_reached":16,"playtime":359,"items_purged":[],"score":200,"play_id":"8c175ce5-0695-49b4-abda-4781c46fbff2","local_time":"20190318141723","is_ascension_mode":true,"campfire_choices":[{"data":"Zap","floor":7.0,"key":"SMITH"},{"data":"Seek","floor":15,"key":"SMITH"}],"neow_cost":"NONE","seed_source_timestamp":98827111881800,"circlet_count":0,"master_deck":["AscendersBane","Strike_B","Strike_B","Strike_B","Strike_B","Defend_B","Defend_B","Defend_B","Defend_B","Zap+1","Dualcast","White Noise","Conserve Battery","Seek+1"],"special_seed":0,"relics":["Cracked Core","NeowsBlessing","Lantern","Centennial Puzzle","Gremlin Horn","Lee\u0027s Waffle","Omamori"],"potions_floor_usage":[],"damage_taken":[{"damage":0.0,"enemies":"2 Louse","floor":1.0,"turns":1.0},{"damage":0.0,"enemies":"Small Slimes","floor":3.0,"turns":1.0},{"damage":0.0,"enemies":"Cultist","floor":5.0,"turns":1.0},{"damage":38.0,"enemies":"Lagavulin","floor":8.0,"turns":8.0},{"damage":0.0,"enemies":"Looter","floor":11.0,"turns":4.0},{"damage":44.0,"enemies":"Large Slime","floor":14.0,"turns":7.0},{"damage":57,"enemies":"Slime Boss","floor":16,"turns":8}],"seed_played":"8495602196063345989","potions_obtained":[{"floor":5.0,"key":"FocusPotion"},{"floor":11.0,"key":"FairyPotion"}],"is_trial":false,"path_per_floor":["M","?","M","?","M","?","R","E","T","?","M","T","$","M","R","B"],"character_chosen":"DEFECT","items_purchased":["Lee\u0027s Waffle","Omamori"],"campfire_rested":0,"item_purchase_floors":[13,13],"current_hp_per_floor":[64,64,64,57,57,46,46,8,8,1,1,1,78,34,34,0],"gold":63,"neow_bonus":"THREE_ENEMY_KILL","is_prod":false,"is_daily":false,"chose_seed":false,"campfire_upgraded":2,"win_rate":0,"timestamp":1552886243,"path_taken":["M","?","M","?","?","?","R","E","T","?","M","?","?","M","R","BOSS"],"build_version":"2019-01-23","purchased_purges":0,"victory":false,"max_hp_per_floor":[71,71,71,71,71,71,71,71,71,71,71,71,78,78,78,78],"card_choices":[{"not_picked":["Beam Cell","Compile Driver","Ball Lightning"],"picked":"SKIP","floor":1.0},{"not_picked":["Force Field","Beam Cell"],"picked":"White Noise","floor":3.0},{"not_picked":["Reinforced Body","Melter"],"picked":"Conserve Battery","floor":5.0},{"not_picked":["Barrage","Leap"],"picked":"Seek","floor":8.0},{"not_picked":["Static Discharge","Melter","Sweeping Beam"],"picked":"SKIP","floor":11.0},{"not_picked":["Aggregate","Skim","Go for the Eyes"],"picked":"SKIP","floor":14.0}],"player_experience":2347986,"relics_obtained":[{"floor":8.0,"key":"Centennial Puzzle"},{"floor":12.0,"key":"Gremlin Horn"}],"event_choices":[{"damage_healed":0.0,"max_hp_gain":0.0,"max_hp_loss":0.0,"gold_gain":0.0,"event_name":"Big Fish","player_choice":"Box","floor":2.0,"gold_loss":0.0,"damage_taken":0.0,"relics_obtained":["Lantern"],"cards_obtained":["Regret"]},{"damage_healed":0.0,"max_hp_gain":0.0,"max_hp_loss":0.0,"gold_gain":50.0,"event_name":"FaceTrader","player_choice":"Touch","floor":4.0,"gold_loss":0.0,"damage_taken":7.0},{"damage_healed":0.0,"max_hp_gain":0.0,"max_hp_loss":0.0,"gold_gain":75.0,"event_name":"World of Goop","player_choice":"Gather Gold","floor":6.0,"gold_loss":0.0,"damage_taken":11.0},{"cards_removed":["Regret"],"damage_healed":0.0,"max_hp_gain":0.0,"max_hp_loss":0.0,"gold_gain":0.0,"event_name":"Golden Wing","player_choice":"Card Removal","floor":10.0,"gold_loss":0.0,"damage_taken":7.0}],"is_beta":false,"boss_relics":[],"items_purged_floors":[],"is_endless":false,"potions_floor_spawned":[5,11],"killed_by":"Slime Boss","ascension_level":20}