{"gold_per_floor":[215,215,365,365,45,45,60,60,60,95,40,59,59,86,86,161,161,178,178,195,0,50,50,50],"floor_reached":24,"playtime":581,"items_purged":["Doubt"],"score":380,"play_id":"492f67d0-73b9-4cb6-ad8c-1a8878b92b13","local_time":"20190413204858","is_ascension_mode":true,"campfire_choices":[{"data":"Bash","floor":6,"key":"SMITH"},{"floor":8,"key":"REST"},{"data":"Strike_R","floor":13,"key":"SMITH"},{"data":"Carnage","floor":15,"key":"SMITH"},{"floor":23,"key":"REST"}],"neow_cost":"NONE","seed_source_timestamp":119445173316800,"circlet_count":0,"master_deck":["AscendersBane","Strike_R","Strike_R+1","Strike_R","Strike_R+1","Strike_R+1","Defend_R","Defend_R","Defend_R","Defend_R","Bash+1","Carnage+1","Fiend Fire","Evolve","Shrug It Off","Shrug It Off"],"relics":["Burning Blood","Vajra","Lantern","Question Card","Oddly Smooth Stone","Odd Mushroom","Philosopher\u0027s Stone","Bag of Preparation"],"potions_floor_usage":[7,14,16],"damage_taken":[{"damage":4,"enemies":"2 Louse","floor":1,"turns":4},{"damage":10,"enemies":"Small Slimes","floor":7,"turns":5},{"damage":32,"enemies":"Gremlin Nob","floor":10,"turns":4},{"damage":0,"enemies":"Jaw Worm","floor":12,"turns":3},{"damage":19,"enemies":"The Mushroom Lair","floor":14,"turns":4},{"damage":19,"enemies":"Hexaghost","floor":16,"turns":9},{"damage":22,"enemies":"Shell Parasite","floor":18,"turns":2},{"damage":28,"enemies":"Colosseum Slavers","floor":19,"turns":3},{"damage":12,"enemies":"Spheric Guardian","floor":20,"turns":3},{"damage":22,"enemies":"Slavers","floor":24,"turns":2}],"seed_played":"3169270193569032134","potions_obtained":[{"floor":1,"key":"Explosive Potion"}],"is_trial":false,"path_per_floor":["M","?","?","?","$","R","M","R","T","E","$","M","R","?","R","B",null,"M","?","M","$","?","R","E"],"character_chosen":"IRONCLAD","items_purchased":["Lantern","Regen Potion","PowerPotion","Bag of Preparation","Shrug It Off"],"campfire_rested":2,"item_purchase_floors":[5,5,11,21,21],"current_hp_per_floor":[70,47,47,21,21,21,31,53,53,27,27,33,33,20,20,7,58,42,20,14,14,14,36,14],"gold":50,"neow_bonus":"HUNDRED_GOLD","is_prod":false,"is_daily":false,"chose_seed":false,"campfire_upgraded":3,"win_rate":0,"timestamp":1555156138,"path_taken":["M","?","?","?","?","R","M","R","T","E","$","?","R","?","R","BOSS","M","?","M","$","?","R","E"],"build_version":"2019-01-23","purchased_purges":1,"victory":false,"max_hp_per_floor":[75,75,75,75,75,75,75,75,75,75,75,75,75,75,75,75,75,75,75,75,75,75,75,75],"card_choices":[{"not_picked":["Hemokinesis","Heavy Blade","Metallicize"],"picked":"SKIP","floor":1},{"not_picked":["Flex","Fire Breathing","Clash"],"picked":"SKIP","floor":7},{"not_picked":["Warcry","Havoc","Clothesline","Bludgeon"],"picked":"SKIP","floor":10},{"not_picked":["Warcry","Havoc","Clothesline","Bludgeon"],"picked":"SKIP","floor":10},{"not_picked":["Headbutt","Bloodletting","Fire Breathing","Clash"],"picked":"SKIP","floor":12},{"not_picked":["Body Slam","Headbutt","Shockwave"],"picked":"Carnage","floor":14},{"not_picked":["Limit Break","Impervious","Feed"],"picked":"Fiend Fire","floor":16},{"not_picked":["Sword Boomerang","Ghostly Armor","Pummel"],"picked":"Evolve","floor":18},{"not_picked":["Cleave","Iron Wave","Second Wind"],"picked":"Shrug It Off","floor":20}],"player_experience":3110275,"relics_obtained":[{"floor":9,"key":"Question Card"},{"floor":10,"key":"Oddly Smooth Stone"},{"floor":14,"key":"Odd Mushroom"}],"event_choices":[{"damage_healed":0,"gold_gain":0,"player_choice":"Entered Light","damage_taken":23,"max_hp_gain":0,"max_hp_loss":0,"event_name":"Shining Light","floor":2,"gold_loss":0,"cards_upgraded":["Strike_R","Strike_R"]},{"damage_healed":0,"gold_gain":150,"player_choice":"AGREE","damage_taken":0,"max_hp_gain":0,"max_hp_loss":0,"event_name":"Liars Game","floor":3,"gold_loss":0,"cards_obtained":["Doubt"]},{"damage_healed":0,"gold_gain":0,"player_choice":"Success","damage_taken":26,"relics_obtained":["Vajra"],"max_hp_gain":0,"max_hp_loss":0,"event_name":"Scrap Ooze","floor":4,"gold_loss":0},{"damage_healed":0,"gold_gain":0,"player_choice":"Fought Mushrooms","damage_taken":0,"max_hp_gain":0,"max_hp_loss":0,"event_name":"Mushrooms","floor":14,"gold_loss":0},{"damage_healed":0,"gold_gain":0,"player_choice":"Fight","damage_taken":0,"max_hp_gain":0,"max_hp_loss":0,"event_name":"Colosseum","floor":19,"gold_loss":0},{"damage_healed":0,"gold_gain":0,"player_choice":"Fled From Nobs","damage_taken":0,"max_hp_gain":0,"max_hp_loss":0,"event_name":"Colosseum","floor":19,"gold_loss":0},{"damage_healed":0,"gold_gain":50,"player_choice":"Stole From Cult","damage_taken":0,"max_hp_gain":0,"max_hp_loss":0,"event_name":"Nest","floor":22,"gold_loss":0}],"is_beta":false,"boss_relics":[{"not_picked":["Fusion Hammer","Calling Bell"],"picked":"Philosopher\u0027s Stone"}],"items_purged_floors":[5],"is_endless":false,"potions_floor_spawned":[1,12,19],"killed_by":"Slavers","ascension_level":20}