{"gold_per_floor":[12,12,29,47,111,111,131,164,164,164,88,156,185,310,310,388,388,407,457,470,7,57,57,107,141,141,152,167,227,227],"floor_reached":30,"playtime":706,"items_purged":["Strike_B"],"score":624,"play_id":"10f25afd-ac2c-428b-95e3-c7161437966d","local_time":"20190310161510","is_ascension_mode":true,"campfire_choices":[{"data":"Hyperbeam","floor":6.0,"key":"SMITH"},{"floor":10.0,"key":"REST"},{"data":"Sunder","floor":15.0,"key":"SMITH"},{"floor":23.0,"key":"REST"}],"neow_cost":"NO_GOLD","seed_source_timestamp":107691652056100,"circlet_count":0,"master_deck":["AscendersBane","Strike_B","Strike_B","Strike_B","Defend_B","Defend_B","Defend_B","Defend_B","Zap","Dualcast","Gash","Ball Lightning","Loop","Hyperbeam+1","Cold Snap","BootSequence","Cold Snap","Sunder+1","Meteor Strike","Capacitor","Necronomicurse","Double Energy+1","Panacea","Self Repair","Pain","Buffer","Consume+1"],"special_seed":0,"relics":["Cracked Core","Du-Vu Doll","SsserpentHead","Shuriken","Mercury Hourglass","Regal Pillow","Nuclear Battery","Necronomicon","Mummified Hand","WarpedTongs","Torii","Matryoshka"],"potions_floor_usage":[27],"damage_taken":[{"damage":0.0,"enemies":"Small Slimes","floor":1.0,"turns":3.0},{"damage":6.0,"enemies":"Cultist","floor":3.0,"turns":3.0},{"damage":0.0,"enemies":"Jaw Worm","floor":4.0,"turns":3.0},{"damage":8.0,"enemies":"Red Slaver","floor":5.0,"turns":4.0},{"damage":17.0,"enemies":"Gremlin Gang","floor":7.0,"turns":3.0},{"damage":20.0,"enemies":"Lagavulin","floor":8.0,"turns":6.0},{"damage":3.0,"enemies":"Large Slime","floor":12.0,"turns":3.0},{"damage":6.0,"enemies":"Gremlin Nob","floor":13.0,"turns":3.0},{"damage":0.0,"enemies":"Slime Boss","floor":16.0,"turns":6.0},{"damage":7.0,"enemies":"3 Byrds","floor":18.0,"turns":4.0},{"damage":0.0,"enemies":"Chosen","floor":20.0,"turns":2.0},{"damage":26.0,"enemies":"Gremlin Leader","floor":25.0,"turns":4.0},{"damage":27,"enemies":"3 Cultists","floor":27,"turns":5},{"damage":0,"enemies":"Centurion and Healer","floor":28,"turns":1},{"damage":1,"enemies":"Snecko","floor":29,"turns":3},{"damage":15,"enemies":"Book of Stabbing","floor":30,"turns":3}],"seed_played":"625919207203121730","potions_obtained":[{"floor":3.0,"key":"Weak Potion"},{"floor":7.0,"key":"Ancient Potion"},{"floor":16.0,"key":"Strength Potion"},{"floor":25.0,"key":"FocusPotion"},{"floor":29,"key":"Energy Potion"}],"is_trial":false,"path_per_floor":["M","?","M","M","M","R","M","E","T","R","$","M","E","?","R","B",null,"M","?","M","$","?","R","?","E","T","M","M","M","E"],"character_chosen":"DEFECT","items_purchased":["Cold Snap","Panacea","Mummified Hand","Self Repair"],"campfire_rested":2,"item_purchase_floors":[11,21,21,21],"current_hp_per_floor":[64,64,58,58,50,50,33,13,13,34,34,31,25,14,14,14,57,50,29,29,29,29,65,65,39,39,19,26,32,17],"gold":227,"neow_bonus":"ONE_RARE_RELIC","is_prod":false,"is_daily":false,"chose_seed":false,"campfire_upgraded":2,"win_rate":0,"timestamp":1552202110,"path_taken":["M","?","M","M","?","R","M","E","T","R","?","?","E","?","R","BOSS","M","?","M","$","?","R","?","E","T","M","M","?","E"],"build_version":"2019-01-23","purchased_purges":1,"victory":false,"max_hp_per_floor":[71,71,71,71,71,71,71,71,71,71,71,71,71,71,71,71,71,71,71,71,71,71,71,71,71,71,71,71,71,71],"card_choices":[{"not_picked":["Undo","Steam"],"picked":"Gash","floor":1.0},{"not_picked":["Barrage","Sweeping Beam"],"picked":"Ball Lightning","floor":3.0},{"not_picked":["Redo","Turbo"],"picked":"Loop","floor":4.0},{"not_picked":["FTL","Steam","Hyperbeam"],"picked":"SKIP","floor":5.0},{"not_picked":["FTL","Steam"],"picked":"Hyperbeam","floor":5.0},{"not_picked":["Tempest","Gash"],"picked":"Cold Snap","floor":7.0},{"not_picked":["Double Energy","Go for the Eyes"],"picked":"BootSequence","floor":8.0},{"not_picked":["Turbo","Beam Cell","Streamline"],"picked":"SKIP","floor":12.0},{"not_picked":["Static Discharge","Conserve Battery"],"picked":"Sunder","floor":13.0},{"not_picked":["Biased Cognition","Creative AI"],"picked":"Meteor Strike","floor":16.0},{"not_picked":["Barrage","Ball Lightning"],"picked":"Capacitor","floor":18.0},{"not_picked":["Rebound","Aggregate+1"],"picked":"Double Energy+1","floor":20.0},{"not_picked":["Stack","Steam+1","Go for the Eyes"],"picked":"SKIP","floor":25.0},{"not_picked":["Stack","Go for the Eyes"],"picked":"Buffer","floor":27},{"not_picked":["Steam","Turbo","Hello World"],"picked":"SKIP","floor":28},{"not_picked":["Beam Cell","Rainbow"],"picked":"Consume+1","floor":29}],"player_experience":2151363,"relics_obtained":[{"floor":8.0,"key":"Shuriken"},{"floor":9.0,"key":"Mercury Hourglass"},{"floor":13.0,"key":"Regal Pillow"},{"floor":19.0,"key":"Necronomicon"},{"floor":25.0,"key":"Torii"},{"floor":26.0,"key":"Matryoshka"}],"event_choices":[{"damage_healed":0.0,"max_hp_gain":0.0,"max_hp_loss":0.0,"gold_gain":0.0,"event_name":"FaceTrader","player_choice":"Trade","floor":2.0,"gold_loss":0.0,"damage_taken":0.0,"relics_obtained":["SsserpentHead"]},{"damage_healed":0.0,"max_hp_gain":0.0,"max_hp_loss":0.0,"gold_gain":75.0,"event_name":"World of Goop","player_choice":"Gather Gold","floor":14.0,"gold_loss":0.0,"damage_taken":11.0},{"damage_healed":0.0,"max_hp_gain":0.0,"max_hp_loss":0.0,"gold_gain":0.0,"event_name":"Cursed Tome","player_choice":"Obtained Book","floor":19.0,"gold_loss":0.0,"damage_taken":21.0},{"damage_healed":0.0,"max_hp_gain":0.0,"max_hp_loss":0.0,"gold_gain":0.0,"event_name":"Beggar","player_choice":"Ignored","floor":22.0,"gold_loss":0.0,"damage_taken":0.0},{"damage_healed":0.0,"max_hp_gain":0.0,"max_hp_loss":0.0,"gold_gain":0.0,"event_name":"Accursed Blacksmith","player_choice":"Rummage","floor":24.0,"gold_loss":0.0,"damage_taken":0.0,"relics_obtained":["WarpedTongs"],"cards_obtained":["Pain"]}],"is_beta":false,"boss_relics":[{"not_picked":["Coffee Dripper","White Beast Statue"],"picked":"Nuclear Battery"}],"items_purged_floors":[11],"is_endless":false,"potions_floor_spawned":[3,7,12,16,20,25,29],"killed_by":"Book of Stabbing","ascension_level":20}