{"gold_per_floor":[114,88,88,88,98,125,125,138,165,202,214,241,283,310,322,408,420,452,190,190,190],"floor_reached":21,"playtime":453,"items_purged":[],"score":444,"play_id":"7fb6666a-6d32-48ff-8ccc-fb98aaa310a0","local_time":"20190415211148","is_ascension_mode":true,"campfire_choices":[{"data":"Perfected Strike","floor":7,"key":"SMITH"},{"data":"Perfected Strike","floor":11,"key":"SMITH"},{"data":"Armaments","floor":15,"key":"SMITH"}],"neow_cost":"NONE","seed_source_timestamp":293744826349400,"circlet_count":0,"master_deck":["AscendersBane","Strike_R","Strike_R","Strike_R","Strike_R","Strike_R","Defend_R","Defend_R","Defend_R","Defend_R","Bash","Feel No Pain","Perfected Strike+1","Perfected Strike+1","True Grit","Evolve","Barricade","Battle Trance","Armaments+1","Offering","Shrug It Off"],"relics":["Burning Blood","NeowsBlessing","Pen Nib","MawBank","PreservedInsect","Runic Dome","Paper Frog"],"potions_floor_usage":[16,21,21],"damage_taken":[{"damage":0,"enemies":"Small Slimes","floor":1,"turns":1},{"damage":0,"enemies":"Jaw Worm","floor":5,"turns":1},{"damage":0,"enemies":"Gremlin Nob","floor":6,"turns":1},{"damage":4,"enemies":"2 Louse","floor":8,"turns":2},{"damage":24,"enemies":"3 Sentries","floor":10,"turns":9},{"damage":7,"enemies":"Exordium Thugs","floor":12,"turns":5},{"damage":8,"enemies":"Gremlin Nob","floor":13,"turns":3},{"damage":0,"enemies":"2 Fungi Beasts","floor":14,"turns":2},{"damage":25,"enemies":"The Guardian","floor":16,"turns":13},{"damage":23,"enemies":"Shell Parasite","floor":18,"turns":5},{"damage":40,"enemies":"Masked Bandits","floor":21,"turns":3}],"seed_played":"-3430340879327821314","potions_obtained":[{"floor":1,"key":"AttackPotion"},{"floor":6,"key":"Regen Potion"},{"floor":18,"key":"EssenceOfSteel"}],"is_trial":false,"path_per_floor":["M","$","?","?","M","E","R","M","T","E","R","M","E","M","R","B",null,"M","$","?","?"],"character_chosen":"IRONCLAD","items_purchased":["Perfected Strike","Paper Frog"],"campfire_rested":0,"item_purchase_floors":[2,19],"current_hp_per_floor":[74,74,74,74,75,75,75,75,75,57,57,56,54,60,60,41,67,50,50,50,10],"gold":190,"neow_bonus":"THREE_ENEMY_KILL","is_prod":false,"is_daily":false,"chose_seed":false,"campfire_upgraded":3,"win_rate":0,"timestamp":1555330308,"path_taken":["M","$","?","?","M","E","R","M","T","E","R","M","E","M","R","BOSS","M","$","?","?"],"build_version":"2019-01-23","purchased_purges":0,"victory":false,"max_hp_per_floor":[75,75,75,75,75,75,75,75,75,75,75,75,75,75,75,75,75,75,75,75,75],"card_choices":[{"not_picked":["Warcry","Anger"],"picked":"Feel No Pain","floor":1},{"not_picked":["Thunderclap","Pommel Strike"],"picked":"Perfected Strike","floor":5},{"not_picked":["Thunderclap","Cleave"],"picked":"True Grit","floor":6},{"not_picked":["Blood for Blood","Sword Boomerang"],"picked":"Evolve","floor":8},{"not_picked":["Burning Pact","Sword Boomerang","Anger"],"picked":"SKIP","floor":10},{"not_picked":["Burning Pact","Sword Boomerang","Anger"],"picked":"SKIP","floor":10},{"not_picked":["Bloodletting","Warcry"],"picked":"Barricade","floor":12},{"not_picked":["Iron Wave","Spot Weakness"],"picked":"Battle Trance","floor":13},{"not_picked":["Cleave","Havoc"],"picked":"Armaments","floor":14},{"not_picked":["Demon Form","Reaper"],"picked":"Offering","floor":16},{"not_picked":["Reckless Charge","Seeing Red"],"picked":"Shrug It Off","floor":18}],"player_experience":3166537,"relics_obtained":[{"floor":6,"key":"Pen Nib"},{"floor":9,"key":"MawBank"},{"floor":13,"key":"PreservedInsect"}],"event_choices":[{"damage_healed":0,"gold_gain":0,"player_choice":"Leave","damage_taken":0,"max_hp_gain":0,"max_hp_loss":0,"event_name":"The Cleric","floor":3,"gold_loss":0},{"damage_healed":0,"gold_gain":0,"player_choice":"Ignored","damage_taken":0,"max_hp_gain":0,"max_hp_loss":0,"event_name":"Liars Game","floor":4,"gold_loss":0},{"damage_healed":0,"gold_gain":0,"player_choice":"Ignored","damage_taken":0,"max_hp_gain":0,"max_hp_loss":0,"event_name":"Vampires","floor":20,"gold_loss":0},{"damage_healed":0,"gold_gain":0,"player_choice":"Fought Bandits","damage_taken":0,"max_hp_gain":0,"max_hp_loss":0,"event_name":"Masked Bandits","floor":21,"gold_loss":0}],"is_beta":false,"boss_relics":[{"not_picked":["Cursed Key","Calling Bell"],"picked":"Runic Dome"}],"items_purged_floors":[],"is_endless":false,"potions_floor_spawned":[1,6,12,14,18],"killed_by":"Masked Bandits","ascension_level":20}