{"gold_per_floor":[112,131,131,131,56,56,88,88,170,204,204,233,248,276,276,352,352,327,345,370,370,42,53,70,88,162,173,87,87,87],"floor_reached":30,"playtime":848,"items_purged":["Regret"],"score":566,"play_id":"9e0b77aa-d749-4771-88ae-6e3dc4a491dd","local_time":"20190320191123","is_ascension_mode":true,"campfire_choices":[{"data":"Consume","floor":6,"key":"SMITH"},{"floor":11,"key":"REST"},{"data":"Zap","floor":15,"key":"SMITH"}],"neow_cost":"NONE","seed_source_timestamp":87988839230300,"circlet_count":0,"master_deck":["AscendersBane","Strike_B","Strike_B","Strike_B","Strike_B","Defend_B","Defend_B","Defend_B","Defend_B","Zap+1","Dualcast","FTL","Consume+1","Self Repair","Biased Cognition","Biased Cognition","Echo Form","Cold Snap","Defragment+1","Cold Snap","Deep Breath","Echo Form","Defragment+1","Rip and Tear+1"],"relics":["Cracked Core","NeowsBlessing","Dream Catcher","PreservedInsect","Happy Flower","Tiny Chest","Lantern","Orichalcum","Sundial","Nuclear Battery","Centennial Puzzle","Shuriken","Singing Bowl"],"potions_floor_usage":[12,16,19,24,24,30],"damage_taken":[{"damage":0,"enemies":"2 Louse","floor":1,"turns":1},{"damage":0,"enemies":"Jaw Worm","floor":2,"turns":1},{"damage":0,"enemies":"Gremlin Nob","floor":7,"turns":1},{"damage":25,"enemies":"3 Sentries","floor":10,"turns":6},{"damage":9,"enemies":"Gremlin Nob","floor":12,"turns":3},{"damage":1,"enemies":"Cultist","floor":13,"turns":3},{"damage":8,"enemies":"3 Sentries","floor":14,"turns":5},{"damage":27,"enemies":"Hexaghost","floor":16,"turns":8},{"damage":32,"enemies":"2 Thieves","floor":18,"turns":4},{"damage":17,"enemies":"Shell Parasite","floor":19,"turns":7},{"damage":9,"enemies":"Centurion and Healer","floor":23,"turns":8},{"damage":15,"enemies":"Shelled Parasite and Fungi","floor":24,"turns":4},{"damage":6,"enemies":"Snake Plant","floor":25,"turns":5},{"damage":20,"enemies":"Cultist and Chosen","floor":27,"turns":7},{"damage":18,"enemies":"Book of Stabbing","floor":30,"turns":3}],"seed_played":"6365414302511405426","potions_obtained":[{"floor":1,"key":"LiquidBronze"},{"floor":2,"key":"SteroidPotion"},{"floor":13,"key":"EssenceOfSteel"},{"floor":16,"key":"Energy Potion"},{"floor":19,"key":"Poison Potion"},{"floor":27,"key":"Regen Potion"}],"is_trial":false,"path_per_floor":["M","M","?","?","$","R","E","?","T","E","R","E","M","E","R","B",null,"M","M","T","?","$","M","M","M","T","M","$","T","E"],"character_chosen":"DEFECT","items_purchased":["Cold Snap","Deep Breath","Centennial Puzzle","Ancient Potion"],"campfire_rested":1,"item_purchase_floors":[22,22,22,28],"current_hp_per_floor":[64,64,64,64,64,64,64,38,38,13,34,32,38,37,37,17,58,33,23,23,23,23,28,20,28,28,15,15,15,9],"gold":87,"neow_bonus":"THREE_ENEMY_KILL","is_prod":false,"is_daily":false,"chose_seed":false,"campfire_upgraded":2,"win_rate":0,"timestamp":1553076683,"path_taken":["M","M","?","?","$","R","E","?","T","E","R","E","?","E","R","BOSS","M","M","?","?","$","M","M","?","T","M","$","?","E"],"build_version":"2019-01-23","purchased_purges":1,"victory":false,"max_hp_per_floor":[71,71,71,71,71,71,71,71,71,71,71,71,71,71,71,71,71,71,71,71,71,71,71,71,71,71,71,71,71,71],"card_choices":[{"not_picked":["Aggregate","Genetic Algorithm"],"picked":"FTL","floor":1},{"not_picked":["Melter","Aggregate"],"picked":"Consume","floor":2},{"not_picked":["Genetic Algorithm","Undo","Steam"],"picked":"SKIP","floor":7},{"not_picked":["Gash","Rip and Tear"],"picked":"Self Repair","floor":10},{"not_picked":["Go for the Eyes","Fusion"],"picked":"Biased Cognition","floor":12},{"not_picked":["Heatsinks","Redo","Stack"],"picked":"SKIP","floor":13},{"not_picked":["Barrage","Compile Driver"],"picked":"Biased Cognition","floor":14},{"not_picked":["Amplify","Meteor Strike"],"picked":"Echo Form","floor":16},{"not_picked":["Streamline","Sweeping Beam"],"picked":"Cold Snap","floor":18},{"not_picked":["Compile Driver","Go for the Eyes"],"picked":"Defragment+1","floor":19},{"not_picked":["Sweeping Beam","Tempest","Leap"],"picked":"SKIP","floor":23},{"not_picked":["Hologram","Sweeping Beam"],"picked":"Echo Form","floor":24},{"not_picked":["Hologram","Redo"],"picked":"Defragment+1","floor":25},{"not_picked":["Fusion","FTL"],"picked":"Rip and Tear+1","floor":27}],"player_experience":2417436,"relics_obtained":[{"floor":7,"key":"PreservedInsect"},{"floor":9,"key":"Tiny Chest"},{"floor":10,"key":"Lantern"},{"floor":12,"key":"Orichalcum"},{"floor":14,"key":"Sundial"},{"floor":26,"key":"Shuriken"},{"floor":29,"key":"Singing Bowl"}],"event_choices":[{"damage_healed":0,"gold_gain":0,"player_choice":"Box","damage_taken":0,"relics_obtained":["Dream Catcher"],"max_hp_gain":0,"max_hp_loss":0,"event_name":"Big Fish","floor":3,"gold_loss":0,"cards_obtained":["Regret"]},{"damage_healed":0,"gold_gain":0,"player_choice":"Ignored","damage_taken":0,"max_hp_gain":0,"max_hp_loss":0,"event_name":"Liars Game","floor":4,"gold_loss":0},{"damage_healed":0,"gold_gain":0,"player_choice":"Success","damage_taken":26,"relics_obtained":["Happy Flower"],"max_hp_gain":0,"max_hp_loss":0,"event_name":"Scrap Ooze","floor":8,"gold_loss":0},{"damage_healed":0,"gold_gain":0,"player_choice":"Ignored","damage_taken":0,"max_hp_gain":0,"max_hp_loss":0,"event_name":"N\u0027loth","floor":21,"gold_loss":0}],"is_beta":false,"boss_relics":[{"not_picked":["Black Star","Calling Bell"],"picked":"Nuclear Battery"}],"items_purged_floors":[5],"is_endless":false,"potions_floor_spawned":[1,2,13,16,19,27],"killed_by":"Book of Stabbing","ascension_level":20}