{"gold_per_floor":[113,113,113,23,40,70,70,96,96,96,96,96,96,111,111,185,185,195,195,55,55,68,68,68,68,68,68],"floor_reached":27,"playtime":660,"items_purged":[],"score":580,"play_id":"9be5f026-3d92-4f16-ad51-e8f18fbffd2f","local_time":"20190211105123","is_ascension_mode":true,"campfire_choices":[{"data":"Loop","floor":7,"key":"SMITH"},{"data":"Strike_B","floor":10,"key":"PURGE"},{"data":"Defend_B","floor":13,"key":"PURGE"},{"data":"Strike_B","floor":15,"key":"PURGE"},{"data":"Defend_B","floor":23,"key":"PURGE"},{"floor":25,"key":"REST"}],"neow_cost":"NONE","seed_source_timestamp":491796643553500,"circlet_count":0,"master_deck":["AscendersBane","Strike_B","Strike_B","Defend_B","Defend_B","Zap","Dualcast","Glacier","Loop+1","Gash","Melter","Barrage","Reboot","Glacier","Coolheaded"],"relics":["Cracked Core","Sundial","Peace Pipe","Omamori","WarpedTongs","Runic Dome","Nloth\u0027s Gift","Bird Faced Urn"],"potions_floor_usage":[27],"damage_taken":[{"damage":0,"enemies":"2 Louse","floor":1,"turns":1},{"damage":0,"enemies":"Cultist","floor":5,"turns":1},{"damage":0,"enemies":"Lagavulin","floor":6,"turns":1},{"damage":48,"enemies":"Gremlin Nob","floor":8,"turns":6},{"damage":0,"enemies":"Small Slimes","floor":14,"turns":2},{"damage":0,"enemies":"The Guardian","floor":16,"turns":10},{"damage":11,"enemies":"3 Byrds","floor":18,"turns":5},{"damage":0,"enemies":"Spheric Guardian","floor":22,"turns":3},{"damage":53,"enemies":"Book of Stabbing","floor":27,"turns":7}],"seed_played":"-6136884617086574766","potions_obtained":[{"floor":8,"key":"SteroidPotion"}],"is_trial":false,"path_per_floor":["M","?","?","$","M","E","R","E","T","R","?","?","R","M","R","B",null,"M","?","$","?","M","R","$","R","T","E"],"character_chosen":"DEFECT","items_purchased":["Loop","Glacier","Coolheaded"],"campfire_rested":1,"item_purchase_floors":[4,20,20],"current_hp_per_floor":[64,64,71,71,71,71,71,23,23,23,23,23,23,23,23,23,59,48,48,48,28,28,28,28,50,50,0],"gold":68,"neow_bonus":"THREE_ENEMY_KILL","is_prod":false,"is_daily":false,"chose_seed":false,"campfire_upgraded":1,"win_rate":0,"timestamp":1549849883,"path_taken":["M","?","?","$","?","E","R","E","T","R","?","?","R","?","R","BOSS","M","?","?","?","M","R","$","R","T","E"],"build_version":"2019-01-23","purchased_purges":0,"victory":false,"max_hp_per_floor":[71,71,71,71,71,71,71,71,71,71,71,71,71,71,71,71,71,71,71,71,76,76,76,76,76,76,76],"card_choices":[{"not_picked":["Ball Lightning","Hello World"],"picked":"Glacier","floor":1},{"not_picked":["Darkness","Hologram","Ball Lightning"],"picked":"SKIP","floor":5},{"not_picked":["Hologram","Rebound"],"picked":"Gash","floor":6},{"not_picked":["Leap","Redo"],"picked":"Melter","floor":8},{"not_picked":["Ball Lightning","BootSequence"],"picked":"Barrage","floor":14},{"not_picked":["Thunder Strike","All For One"],"picked":"Reboot","floor":16},{"not_picked":["Stack","Go for the Eyes","Turbo+1"],"picked":"SKIP","floor":18},{"not_picked":["Stack","Rip and Tear","Compile Driver"],"picked":"SKIP","floor":22}],"player_experience":1508936,"relics_obtained":[{"floor":6,"key":"Sundial"},{"floor":8,"key":"Peace Pipe"},{"floor":9,"key":"Omamori"},{"floor":26,"key":"Bird Faced Urn"}],"event_choices":[{"damage_healed":0,"gold_gain":0,"player_choice":"Leave","damage_taken":0,"max_hp_gain":0,"max_hp_loss":0,"event_name":"The Cleric","floor":2,"gold_loss":0},{"damage_healed":7,"gold_gain":0,"player_choice":"Full Heal","damage_taken":0,"max_hp_gain":0,"max_hp_loss":0,"event_name":"Wheel of Change","floor":3,"gold_loss":0},{"damage_healed":0,"gold_gain":0,"player_choice":"Searched \u00270\u0027 times","damage_taken":0,"max_hp_gain":0,"max_hp_loss":0,"event_name":"Dead Adventurer","floor":11,"gold_loss":0},{"damage_healed":0,"gold_gain":0,"player_choice":"Rummage","damage_taken":0,"relics_obtained":["WarpedTongs"],"max_hp_gain":0,"max_hp_loss":0,"event_name":"Accursed Blacksmith","floor":12,"gold_loss":0,"cards_obtained":["Pain"]},{"damage_healed":0,"gold_gain":0,"player_choice":"Traded Relic","damage_taken":0,"relics_obtained":["Nloth\u0027s Gift"],"max_hp_gain":0,"max_hp_loss":0,"event_name":"N\u0027loth","floor":19,"relics_lost":["NeowsBlessing"],"gold_loss":0},{"damage_healed":0,"gold_gain":0,"player_choice":"Shed Blood","damage_taken":25,"max_hp_gain":5,"max_hp_loss":0,"event_name":"Forgotten Altar","floor":21,"gold_loss":0}],"is_beta":false,"boss_relics":[{"not_picked":["Philosopher\u0027s Stone","Tiny House"],"picked":"Runic Dome"}],"items_purged_floors":[],"is_endless":false,"potions_floor_spawned":[8],"killed_by":"Book of Stabbing","ascension_level":20}