{"gold_per_floor":[110,35,35,45,93,93,122,122,146,179,189,224,149,159,159,230,230,245,245,264,280,280],"floor_reached":22,"playtime":581,"items_purged":["Pain"],"score":458,"play_id":"39dd5fc6-17ad-46de-83cd-8b9dafccf045","local_time":"20190307141512","is_ascension_mode":true,"campfire_choices":[{"data":"Zap","floor":6,"key":"SMITH"},{"data":"Dualcast","floor":8,"key":"SMITH"},{"data":"Echo Form","floor":15,"key":"SMITH"}],"neow_cost":"NONE","seed_source_timestamp":218269241627300,"circlet_count":0,"master_deck":["AscendersBane","Strike_B","Strike_B","Defend_B","Defend_B","Defend_B","Zap+1","Dualcast+1","Cold Snap","Cold Snap","Sunder","Gash","Gash","Echo Form+1","Creative AI","White Noise+1","Zap","Creative AI","Beam Cell"],"relics":["Cracked Core","NeowsBlessing","WarpedTongs","Orichalcum","Dodecahedron","Lantern","Centennial Puzzle","Happy Flower","Empty Cage"],"potions_floor_usage":[16,16],"damage_taken":[{"damage":0,"enemies":"Cultist","floor":1,"turns":1},{"damage":0,"enemies":"2 Louse","floor":4,"turns":1},{"damage":0,"enemies":"Gremlin Nob","floor":7,"turns":1},{"damage":6,"enemies":"3 Sentries","floor":10,"turns":7},{"damage":0,"enemies":"Jaw Worm","floor":11,"turns":2},{"damage":18,"enemies":"Lagavulin","floor":12,"turns":6},{"damage":0,"enemies":"Lots of Slimes","floor":14,"turns":3},{"damage":24,"enemies":"Hexaghost","floor":16,"turns":8},{"damage":4,"enemies":"3 Byrds","floor":18,"turns":4},{"damage":12,"enemies":"Chosen","floor":20,"turns":5},{"damage":25,"enemies":"Snecko","floor":21,"turns":6},{"damage":0,"enemies":"3 Cultists","floor":22,"turns":1}],"seed_played":"-204828504241995344","potions_obtained":[{"floor":4,"key":"LiquidBronze"},{"floor":7,"key":"Dexterity Potion"},{"floor":10,"key":"SkillPotion"},{"floor":21,"key":"Strength Potion"}],"is_trial":false,"path_per_floor":["M","?","?","M","T","R","E","R","T","E","M","E","$","M","R","B",null,"M","?","M","M","M"],"character_chosen":"DEFECT","items_purchased":[],"campfire_rested":0,"item_purchase_floors":[],"current_hp_per_floor":[64,64,64,64,64,64,64,64,64,58,58,40,40,40,40,16,57,53,53,41,16,16],"gold":280,"neow_bonus":"THREE_ENEMY_KILL","is_prod":false,"is_daily":false,"chose_seed":false,"campfire_upgraded":3,"win_rate":0,"timestamp":1551935712,"path_taken":["M","?","?","?","?","R","E","R","T","E","M","E","$","M","R","BOSS","M","?","M","?","M"],"build_version":"2019-01-23","purchased_purges":1,"victory":false,"max_hp_per_floor":[71,71,71,71,71,71,71,71,71,71,71,71,71,71,71,71,71,71,71,71,71,71],"card_choices":[{"not_picked":["Ball Lightning","Static Discharge"],"picked":"Cold Snap","floor":1},{"not_picked":["Hello World","Compile Driver"],"picked":"Cold Snap","floor":4},{"not_picked":["Rebound","Turbo","Barrage"],"picked":"SKIP","floor":7},{"not_picked":["Beam Cell","Turbo"],"picked":"Sunder","floor":10},{"not_picked":["Turbo","Ball Lightning"],"picked":"Gash","floor":11},{"not_picked":["Streamline","Scrape"],"picked":"Gash","floor":12},{"not_picked":["Rebound","Go for the Eyes"],"picked":"Echo Form","floor":14},{"not_picked":["Echo Form","Seek"],"picked":"Creative AI","floor":16},{"not_picked":["Conserve Battery","Fusion"],"picked":"White Noise+1","floor":18},{"not_picked":["Fusion","Compile Driver"],"picked":"Beam Cell","floor":20},{"not_picked":["Hologram","Barrage","Sweeping Beam"],"picked":"SKIP","floor":21}],"player_experience":2048171,"relics_obtained":[{"floor":5,"key":"Orichalcum"},{"floor":7,"key":"Dodecahedron"},{"floor":9,"key":"Lantern"},{"floor":10,"key":"Centennial Puzzle"},{"floor":12,"key":"Happy Flower"}],"event_choices":[{"cards_removed":["Defend_B"],"damage_healed":0,"gold_gain":0,"player_choice":"Card Removal","damage_taken":0,"max_hp_gain":0,"max_hp_loss":0,"event_name":"The Cleric","floor":2,"gold_loss":75},{"damage_healed":0,"gold_gain":0,"player_choice":"Rummage","damage_taken":0,"relics_obtained":["WarpedTongs"],"max_hp_gain":0,"max_hp_loss":0,"event_name":"Accursed Blacksmith","floor":3,"gold_loss":0,"cards_obtained":["Pain"]},{"damage_healed":0,"gold_gain":0,"player_choice":"2 cards matched","damage_taken":0,"max_hp_gain":0,"max_hp_loss":0,"event_name":"Match and Keep!","floor":19,"gold_loss":0,"cards_obtained":["Zap","Creative AI"]}],"is_beta":false,"boss_relics":[{"not_picked":["Eternal Feather","Tiny House"],"picked":"Empty Cage"}],"items_purged_floors":[13],"is_endless":false,"potions_floor_spawned":[4,7,10,12,21],"killed_by":"3 Cultists","ascension_level":20}