{"gold_per_floor":[110,127,127,127,145,145,158,158,158,185,31,42,42,61,61,159,159,174,174,74,91,108,108,137,137,190,190,207,15,15,15,15,15],"floor_reached":33,"playtime":1278,"items_purged":["Strike_R","Defend_R","Strike_R"],"score":331,"play_id":"3a821194-cb3d-421c-bea6-59f973432f3d","local_time":"20180922152837","is_ascension_mode":true,"campfire_choices":[{"data":"Clothesline","floor":6.0,"key":"SMITH"},{"data":"Iron Wave","floor":8.0,"key":"SMITH"},{"data":"Inflame","floor":13,"key":"SMITH"},{"floor":15,"key":"REST"},{"floor":23,"key":"REST"},{"data":"Double Tap","floor":25,"key":"SMITH"},{"data":"Feed","floor":27,"key":"SMITH"},{"floor":32,"key":"REST"}],"neow_cost":"NONE","seed_source_timestamp":0,"circlet_count":0,"master_deck":["Strike_R","Strike_R","Strike_R","Defend_R","Defend_R","Defend_R","Bash+1","Iron Wave+1","Iron Wave","Clothesline+1","Sword Boomerang","Impervious","Inflame+1","Shrug It Off","Disarm","Feed+1","Disarm","J.A.X.","Pommel Strike","Disarm","Double Tap+1","Sword Boomerang+1","Metallicize"],"special_seed":0,"relics":["Burning Blood","Blue Candle","Letter Opener","Black Star","Ginger","Champion Belt","Happy Flower","Nilry\u0027s Codex"],"potions_floor_usage":[16,22,28],"damage_taken":[{"damage":18.0,"enemies":"Jaw Worm","floor":1.0,"turns":4.0},{"damage":1.0,"enemies":"Cultist","floor":2.0,"turns":3.0},{"damage":0.0,"enemies":"Small Slimes","floor":5.0,"turns":3.0},{"damage":6.0,"enemies":"Red Slaver","floor":7.0,"turns":3.0},{"damage":30.0,"enemies":"Lagavulin","floor":10.0,"turns":7.0},{"damage":5,"enemies":"Exordium Thugs","floor":12,"turns":5},{"damage":18,"enemies":"Lots of Slimes","floor":14,"turns":6},{"damage":27,"enemies":"The Guardian","floor":16,"turns":9},{"damage":27,"enemies":"Spheric Guardian","floor":18,"turns":5},{"damage":14,"enemies":"Shell Parasite","floor":21,"turns":6},{"damage":5,"enemies":"Snecko","floor":22,"turns":6},{"damage":8,"enemies":"Book of Stabbing","floor":24,"turns":9},{"damage":10,"enemies":"Chosen and Byrds","floor":28,"turns":7},{"damage":101,"enemies":"Collector","floor":33,"turns":8}],"seed_played":"8221319290124961148","potions_obtained":[{"floor":1.0,"key":"EssenceOfSteel"},{"floor":14,"key":"Strength Potion"},{"floor":18,"key":"Ancient Potion"},{"floor":28,"key":"Fire Potion"}],"is_trial":false,"path_per_floor":["M","M","?","?","M","R","M","R","T","E","$","M","R","M","R","B",null,"M","?","$","M","M","R","E","R","T","R","M","$","?","$","R"],"character_chosen":"IRONCLAD","items_purchased":["Inflame","Metallicize"],"campfire_rested":3,"item_purchase_floors":[11,29],"current_hp_per_floor":[68,73,73,73,79,79,79,79,79,55,55,56,56,44,68,47,72,54,54,54,49,50,75,76,76,76,76,76,76,60,60,87,0],"gold":15,"neow_bonus":"THREE_CARDS","is_prod":false,"is_daily":false,"chose_seed":false,"campfire_upgraded":5,"win_rate":0,"timestamp":1537644517,"path_taken":["M","M","?","?","M","R","?","R","T","E","$","M","R","?","R","BOSS","M","?","$","M","M","R","E","R","T","R","M","$","?","?","R","BOSS"],"build_version":"2018-09-20","purchased_purges":3,"victory":false,"max_hp_per_floor":[80,80,80,80,80,80,80,80,80,80,80,80,80,80,80,80,80,83,83,83,86,86,86,89,89,89,89,93,93,93,93,93,93],"card_choices":[{"not_picked":["Corruption","Cleave"],"picked":"Iron Wave","floor":1.0},{"not_picked":["Wild Strike","Heavy Blade"],"picked":"Iron Wave","floor":2.0},{"not_picked":["Searing Blow","Burning Pact"],"picked":"Clothesline","floor":5.0},{"not_picked":["Power Through","Burning Pact"],"picked":"Sword Boomerang","floor":7.0},{"not_picked":["Thunderclap","Headbutt"],"picked":"Impervious","floor":10.0},{"not_picked":["Infernal Blade","Pommel Strike"],"picked":"Shrug It Off","floor":12},{"not_picked":["Anger","Twin Strike"],"picked":"Disarm","floor":14},{"not_picked":["Bludgeon","Barricade"],"picked":"Feed","floor":16},{"not_picked":["Warcry","Armaments"],"picked":"Disarm","floor":18},{"not_picked":["Sword Boomerang","Body Slam"],"picked":"Pommel Strike","floor":21},{"not_picked":["Blood for Blood+1","Clash"],"picked":"Disarm","floor":22},{"not_picked":["Body Slam+1","Twin Strike"],"picked":"Double Tap","floor":24},{"not_picked":["Anger+1","True Grit"],"picked":"Sword Boomerang+1","floor":28}],"player_experience":134326,"relics_obtained":[{"floor":9.0,"key":"Blue Candle"},{"floor":10.0,"key":"Letter Opener"},{"floor":24,"key":"Ginger"},{"floor":24,"key":"Champion Belt"},{"floor":26,"key":"Happy Flower"},{"floor":30,"key":"Nilry\u0027s Codex"}],"event_choices":[{"event_name":"Liars Game","player_choice":"disagreed","floor":3.0,"damage_taken":0.0},{"event_name":"Living Wall","player_choice":"Grow","floor":4.0,"damage_taken":0.0},{"event_name":"Drug Dealer","player_choice":"Got JAX","floor":19,"damage_taken":0},{"event_name":"Cursed Tome","player_choice":"Obtained Book","floor":30,"damage_taken":0}],"is_beta":false,"boss_relics":[{"not_picked":["Orrery","Runic Dome"],"picked":"Black Star"}],"items_purged_floors":[11,20,29],"is_endless":false,"potions_floor_spawned":[1,14,18,28],"killed_by":"Collector","ascension_level":5}