{"gold_per_floor":[12,12,12,81,54,54,23,73,73,73,116,166,239,279,279,279],"floor_reached":16,"playtime":353,"items_purged":[],"score":262,"play_id":"9d3887d4-86a7-44af-b089-1bfaea551c10","local_time":"20190416184104","is_ascension_mode":true,"campfire_choices":[{"data":"Rampage","floor":6,"key":"SMITH"},{"data":"Whirlwind","floor":10,"key":"SMITH"},{"data":"Bash","floor":15,"key":"SMITH"}],"neow_cost":"NO_GOLD","seed_source_timestamp":53132475979500,"circlet_count":0,"master_deck":["AscendersBane","Strike_R","Strike_R","Defend_R","Defend_R","Defend_R","Defend_R","Bash+1","Shrug It Off","Sword Boomerang","Rampage+1","Whirlwind+1","Corruption"],"relics":["Burning Blood","Golden Idol","SsserpentHead","Bird Faced Urn","Champion Belt","Bottled Tornado"],"potions_floor_usage":[14,14],"damage_taken":[{"damage":6,"enemies":"Cultist","floor":1,"turns":3},{"damage":11,"enemies":"Small Slimes","floor":4,"turns":4},{"damage":52,"enemies":"Gremlin Nob","floor":11,"turns":5},{"damage":0,"enemies":"2 Louse","floor":13,"turns":2},{"damage":0,"enemies":"3 Sentries","floor":14,"turns":1},{"damage":23,"enemies":"Hexaghost","floor":16,"turns":9}],"seed_played":"2929956447953439560","potions_obtained":[{"floor":11,"key":"SteroidPotion"},{"floor":13,"key":"Energy Potion"},{"floor":14,"key":"Fire Potion"}],"is_trial":false,"path_per_floor":["M","?","?","M","$","R","$","?","T","R","E","T","M","E","R","B"],"character_chosen":"IRONCLAD","items_purchased":["Rampage","Whirlwind"],"campfire_rested":0,"item_purchase_floors":[5,7],"current_hp_per_floor":[68,68,68,63,63,63,63,56,56,56,10,10,18,24,24,3],"gold":279,"neow_bonus":"REMOVE_TWO","is_prod":false,"is_daily":false,"chose_seed":false,"campfire_upgraded":3,"win_rate":0,"timestamp":1555407664,"path_taken":["M","?","?","?","?","R","?","?","T","R","E","?","?","E","R","BOSS"],"build_version":"2019-01-23","purchased_purges":0,"victory":false,"max_hp_per_floor":[75,68,68,68,68,68,68,68,68,68,68,68,68,68,68,68],"card_choices":[{"not_picked":["Metallicize","Sentinel"],"picked":"Shrug It Off","floor":1},{"not_picked":["Clash","Warcry"],"picked":"Sword Boomerang","floor":4},{"not_picked":["Dark Embrace","Warcry"],"picked":"Corruption","floor":11},{"not_picked":["Heavy Blade","Rage","Havoc"],"picked":"SKIP","floor":13},{"not_picked":["Pommel Strike","Twin Strike","Cleave"],"picked":"SKIP","floor":14}],"player_experience":3183262,"relics_obtained":[{"floor":11,"key":"Bird Faced Urn"},{"floor":12,"key":"Champion Belt"},{"floor":14,"key":"Bottled Tornado"}],"event_choices":[{"damage_healed":0,"gold_gain":0,"player_choice":"Lose Max HP","damage_taken":0,"relics_obtained":["Golden Idol"],"max_hp_gain":0,"max_hp_loss":7,"event_name":"Golden Idol","floor":2,"gold_loss":0},{"damage_healed":0,"gold_gain":0,"player_choice":"Trade","damage_taken":0,"relics_obtained":["SsserpentHead"],"max_hp_gain":0,"max_hp_loss":0,"event_name":"FaceTrader","floor":3,"gold_loss":0},{"cards_removed":["Strike_R"],"damage_healed":0,"gold_gain":0,"player_choice":"Card Removal","damage_taken":7,"max_hp_gain":0,"max_hp_loss":0,"event_name":"Golden Wing","floor":8,"gold_loss":0}],"is_beta":false,"boss_relics":[],"items_purged_floors":[],"is_endless":false,"potions_floor_spawned":[11,13,14],"killed_by":"Hexaghost","ascension_level":20}