{"gold_per_floor":[118,118,43,43,56,56,71,96,96,96],"floor_reached":10,"playtime":234,"items_purged":["Regret"],"score":132,"play_id":"2664f74c-bec3-467c-be2e-b45aca501d79","local_time":"20190418200444","is_ascension_mode":true,"campfire_choices":[{"data":"Bash","floor":6,"key":"SMITH"}],"neow_cost":"PERCENT_DAMAGE","seed_source_timestamp":231076279608300,"circlet_count":0,"master_deck":["AscendersBane","Strike_R","Strike_R","Defend_R","Defend_R","Defend_R","Defend_R","Bash+1","Sword Boomerang","Spot Weakness","Disarm","Clothesline"],"relics":["Burning Blood","Matryoshka","Prayer Wheel","Bronze Scales","Dream Catcher"],"potions_floor_usage":[8],"damage_taken":[{"damage":3,"enemies":"Small Slimes","floor":1,"turns":3},{"damage":11,"enemies":"Jaw Worm","floor":5,"turns":4},{"damage":0,"enemies":"Cultist","floor":7,"turns":3},{"damage":36,"enemies":"Lagavulin","floor":8,"turns":9},{"damage":7,"enemies":"Gremlin Gang","floor":10,"turns":3}],"seed_played":"2021666773344268763","potions_obtained":[{"floor":1,"key":"SpeedPotion"}],"is_trial":false,"path_per_floor":["M","?","$","?","M","R","M","E","T","M"],"character_chosen":"IRONCLAD","items_purchased":[],"campfire_rested":0,"item_purchase_floors":[],"current_hp_per_floor":[53,53,53,53,48,48,54,24,24,17],"gold":96,"neow_bonus":"TRANSFORM_TWO_CARDS","is_prod":false,"is_daily":false,"chose_seed":false,"campfire_upgraded":1,"win_rate":0,"timestamp":1555585484,"path_taken":["M","?","$","?","M","R","M","E","T","M"],"build_version":"2019-01-23","purchased_purges":1,"victory":false,"max_hp_per_floor":[75,75,75,75,75,75,75,75,75,75],"card_choices":[{"not_picked":["Combust","Body Slam"],"picked":"Disarm","floor":1},{"not_picked":["Clothesline","Clash","Thunderclap"],"picked":"SKIP","floor":5},{"not_picked":["Uppercut","Thunderclap","Flex"],"picked":"SKIP","floor":7},{"not_picked":["Sever Soul","Headbutt","Wild Strike"],"picked":"SKIP","floor":8}],"player_experience":3217192,"relics_obtained":[{"floor":8,"key":"Prayer Wheel"},{"floor":9,"key":"Bronze Scales"},{"floor":9,"key":"Dream Catcher"}],"event_choices":[{"damage_healed":0,"gold_gain":0,"player_choice":"Box","damage_taken":0,"relics_obtained":["Matryoshka"],"max_hp_gain":0,"max_hp_loss":0,"event_name":"Big Fish","floor":2,"gold_loss":0,"cards_obtained":["Regret"]},{"damage_healed":0,"gold_gain":0,"cards_transformed":["Strike_R"],"player_choice":"Change","damage_taken":0,"max_hp_gain":0,"max_hp_loss":0,"event_name":"Living Wall","floor":4,"gold_loss":0,"cards_obtained":["Clothesline"]}],"is_beta":false,"boss_relics":[],"items_purged_floors":[3],"is_endless":false,"potions_floor_spawned":[1],"killed_by":"Gremlin Gang","ascension_level":20}