{"gold_per_floor":[115,31,31,31,31,31,46,46,120,120,144,144,169,169],"floor_reached":14,"playtime":235,"items_purged":[],"score":156,"play_id":"a2ccf546-b986-4463-807e-b12e9860ae1c","local_time":"20190426144646","is_ascension_mode":true,"campfire_choices":[{"data":"Limit Break","floor":8,"key":"SMITH"},{"data":"Bash","floor":10,"key":"SMITH"},{"data":"Rupture","floor":12,"key":"SMITH"}],"neow_cost":"TEN_PERCENT_HP_LOSS","seed_source_timestamp":356487154998800,"circlet_count":0,"master_deck":["AscendersBane","Strike_R","Strike_R","Strike_R","Strike_R","Defend_R","Defend_R","Defend_R","Defend_R","Bash+1","Offering","Limit Break+1","Rupture+1","Battle Trance","Exhume","Bloodletting"],"relics":["Burning Blood","Ornamental Fan","Golden Idol","Dodecahedron"],"potions_floor_usage":[7,13],"damage_taken":[{"damage":10,"enemies":"Jaw Worm","floor":1,"turns":3},{"damage":1,"enemies":"2 Louse","floor":7,"turns":2},{"damage":18,"enemies":"Small Slimes","floor":11,"turns":4},{"damage":28,"enemies":"Blue Slaver","floor":13,"turns":7},{"damage":0,"enemies":"Lots of Slimes","floor":14,"turns":1}],"seed_played":"-6507415437207443332","potions_obtained":[{"floor":1,"key":"Explosive Potion"},{"floor":7,"key":"Regen Potion"}],"is_trial":false,"path_per_floor":["M","$","?","?","?","?","M","R","T","R","M","R","M","M"],"character_chosen":"IRONCLAD","items_purchased":["Limit Break"],"campfire_rested":0,"item_purchase_floors":[2],"current_hp_per_floor":[64,64,64,53,58,33,38,38,38,38,26,26,9,9],"gold":169,"neow_bonus":"THREE_RARE_CARDS","is_prod":false,"is_daily":false,"chose_seed":false,"campfire_upgraded":3,"win_rate":0,"timestamp":1556257606,"path_taken":["M","$","?","?","?","?","M","R","T","R","M","R","?","?"],"build_version":"2019-01-23","purchased_purges":0,"victory":false,"max_hp_per_floor":[68,68,68,68,73,73,73,73,73,73,73,73,73,73],"card_choices":[{"not_picked":["Demon Form","Fiend Fire"],"picked":"Offering","floor":0},{"not_picked":["Armaments","Havoc","Intimidate"],"picked":"SKIP","floor":1},{"not_picked":["Sword Boomerang","Entrench"],"picked":"Battle Trance","floor":7},{"not_picked":["Corruption","Pommel Strike"],"picked":"Exhume","floor":11},{"not_picked":["Burning Pact","Pommel Strike"],"picked":"Bloodletting","floor":13}],"player_experience":3389663,"relics_obtained":[{"floor":9,"key":"Dodecahedron"}],"event_choices":[{"damage_healed":0,"gold_gain":0,"cards_transformed":["Strike_R"],"player_choice":"Change","damage_taken":0,"max_hp_gain":0,"max_hp_loss":0,"event_name":"Living Wall","floor":3,"gold_loss":0,"cards_obtained":["Rupture"]},{"damage_healed":0,"gold_gain":0,"player_choice":"Success","damage_taken":11,"relics_obtained":["Ornamental Fan"],"max_hp_gain":0,"max_hp_loss":0,"event_name":"Scrap Ooze","floor":4,"gold_loss":0},{"damage_healed":0,"gold_gain":0,"player_choice":"Donut","damage_taken":0,"max_hp_gain":5,"max_hp_loss":0,"event_name":"Big Fish","floor":5,"gold_loss":0},{"damage_healed":0,"gold_gain":0,"player_choice":"Take Damage","damage_taken":25,"relics_obtained":["Golden Idol"],"max_hp_gain":0,"max_hp_loss":0,"event_name":"Golden Idol","floor":6,"gold_loss":0}],"is_beta":false,"boss_relics":[],"items_purged_floors":[],"is_endless":false,"potions_floor_spawned":[1,7],"killed_by":"Lots of Slimes","ascension_level":20}