{"gold_per_floor":[115,80,100,100,47,75,75,106,176,194,194,212,212,212,212,286,286,296,45,45,64,64],"floor_reached":22,"playtime":716,"items_purged":[],"score":384,"play_id":"482f809a-f3a5-4e90-ae1e-01541cc6b7ac","local_time":"20190327155615","is_ascension_mode":true,"campfire_choices":[{"data":"Streamline","floor":7,"key":"SMITH"},{"floor":11,"key":"REST"},{"data":"Turbo","floor":13,"key":"SMITH"},{"data":"Reinforced Body","floor":15,"key":"SMITH"}],"neow_cost":"PERCENT_DAMAGE","seed_source_timestamp":48135928712300,"circlet_count":0,"master_deck":["AscendersBane","Strike_B","Defend_B","Defend_B","Defend_B","Zap","Dualcast","White Noise","Turbo+1","Streamline+1","Reinforced Body+1","White Noise","Coolheaded","Meteor Strike+1","Biased Cognition","Conserve Battery+1","Defragment","Defragment","Hologram"],"relics":["Cracked Core","Vajra","Molten Egg 2","Nuclear Battery","Bag of Preparation"],"potions_floor_usage":[8,16,16,18,22],"damage_taken":[{"damage":1,"enemies":"2 Louse","floor":1,"turns":3},{"damage":1,"enemies":"Small Slimes","floor":3,"turns":4},{"damage":21,"enemies":"3 Sentries","floor":6,"turns":7},{"damage":15,"enemies":"Lagavulin","floor":8,"turns":6},{"damage":6,"enemies":"Cultist","floor":10,"turns":4},{"damage":10,"enemies":"3 Louse","floor":12,"turns":4},{"damage":8,"enemies":"Slime Boss","floor":16,"turns":8},{"damage":0,"enemies":"3 Byrds","floor":18,"turns":5},{"damage":17,"enemies":"Shell Parasite","floor":21,"turns":6},{"damage":38,"enemies":"Cultist and Chosen","floor":22,"turns":4}],"seed_played":"5131178668811166944","potions_obtained":[{"floor":6,"key":"Fire Potion"},{"floor":10,"key":"FocusPotion"},{"floor":16,"key":"SkillPotion"},{"floor":18,"key":"Regen Potion"}],"is_trial":false,"path_per_floor":["M","?","M","?","$","E","R","E","T","M","R","M","R","?","R","B",null,"M","$","?","M","M"],"character_chosen":"DEFECT","items_purchased":["Poison Potion","Bag of Preparation","Defragment"],"campfire_rested":1,"item_purchase_floors":[5,19,19],"current_hp_per_floor":[45,62,61,61,61,40,40,25,25,19,40,30,30,30,30,22,59,59,59,59,42,16],"gold":64,"neow_bonus":"TRANSFORM_TWO_CARDS","is_prod":false,"is_daily":false,"chose_seed":false,"campfire_upgraded":3,"win_rate":0,"timestamp":1553669775,"path_taken":["M","?","M","?","$","E","R","E","T","M","R","?","R","?","R","BOSS","M","$","?","M","?"],"build_version":"2019-01-23","purchased_purges":0,"victory":false,"max_hp_per_floor":[71,71,71,71,71,71,71,71,71,71,71,71,71,71,71,71,71,71,71,71,71,71],"card_choices":[{"not_picked":["Sweeping Beam","Auto Shields","Beam Cell"],"picked":"SKIP","floor":1},{"not_picked":["Hologram","Hello World"],"picked":"Streamline","floor":3},{"not_picked":["Sweeping Beam","Redo"],"picked":"White Noise","floor":6},{"not_picked":["Scrape","Sweeping Beam","Compile Driver"],"picked":"SKIP","floor":8},{"not_picked":["Streamline+1","Chaos"],"picked":"Coolheaded","floor":10},{"not_picked":["Beam Cell+1","Barrage+1"],"picked":"Meteor Strike+1","floor":12},{"not_picked":["Core Surge+1","Rainbow"],"picked":"Biased Cognition","floor":16},{"not_picked":["Rip and Tear+1","Undo"],"picked":"Conserve Battery+1","floor":18},{"not_picked":["Ball Lightning+1","Barrage+1"],"picked":"Hologram","floor":21}],"player_experience":2636149,"relics_obtained":[{"floor":6,"key":"Vajra"},{"floor":8,"key":"Molten Egg 2"}],"event_choices":[{"damage_healed":17,"gold_gain":0,"player_choice":"Healed","damage_taken":0,"max_hp_gain":0,"max_hp_loss":0,"event_name":"The Cleric","floor":2,"gold_loss":35},{"damage_healed":0,"gold_gain":0,"cards_transformed":["Strike_B"],"player_choice":"Transformed","damage_taken":0,"max_hp_gain":0,"max_hp_loss":0,"event_name":"Transmorgrifier","floor":4,"gold_loss":0,"cards_obtained":["Reinforced Body"]},{"cards_removed":["Strike_B"],"damage_healed":0,"gold_gain":0,"player_choice":"Forget","damage_taken":0,"max_hp_gain":0,"max_hp_loss":0,"event_name":"Living Wall","floor":14,"gold_loss":0},{"damage_healed":0,"gold_gain":0,"player_choice":"Copied","damage_taken":0,"max_hp_gain":0,"max_hp_loss":0,"event_name":"Duplicator","floor":20,"gold_loss":0,"cards_obtained":["Defragment"]}],"is_beta":false,"boss_relics":[{"not_picked":["Tiny House","Cursed Key"],"picked":"Nuclear Battery"}],"items_purged_floors":[],"is_endless":false,"potions_floor_spawned":[6,10,16,18],"killed_by":"Cultist and Chosen","ascension_level":20}