{"gold_per_floor":[116,116,137,137,160,160,203,203,203,227,227,266,280,298,298,394,394,415,340,340,66,66,66,110,110,110,135,135,160,210,251,251,350,350,374,374,389,410,194,194,238,238,284,307,307,341,359,374,374,374,374,374,374,22,55,55],"floor_reached":56,"playtime":2395,"items_purged":[],"score":2060,"play_id":"a0c9b354-25c0-46e6-a4f4-d28b51f8df78","local_time":"20190404201339","is_ascension_mode":true,"campfire_choices":[{"data":"Sunder","floor":6.0,"key":"SMITH"},{"data":"Biased Cognition","floor":8.0,"key":"SMITH"},{"floor":11.0,"key":"REST"},{"floor":15.0,"key":"REST"},{"floor":23.0,"key":"REST"},{"floor":25.0,"key":"REST"},{"floor":32.0,"key":"REST"},{"floor":40.0,"key":"REST"},{"floor":42.0,"key":"RECALL"},{"floor":45.0,"key":"REST"},{"floor":49.0,"key":"REST"},{"floor":53.0,"key":"REST"}],"neow_cost":"TEN_PERCENT_HP_LOSS","seed_source_timestamp":548480753142899,"circlet_count":0,"master_deck":["AscendersBane","Defend_B","Defend_B","Defend_B","Defend_B","Zap","Dualcast","Biased Cognition+1","FTL","Cold Snap","Sunder+1","Double Energy","Conserve Battery","Amplify","Seek","Capacitor","Turbo","Echo Form","Amplify","Coolheaded","Tempest","Core Surge","Coolheaded","Defragment","Glacier","Cold Snap","Self Repair","Hologram","Hologram","Capacitor","Creative AI","Panacea","Loop"],"special_seed":0,"relics":["Cracked Core","Golden Idol","GremlinMask","DataDisk","Bag of Preparation","Fusion Hammer","Mummified Hand","Anchor","Smiling Mask","Thread and Needle","Nuclear Battery","The Courier","Pen Nib","Centennial Puzzle","Ice Cream","Art of War"],"potions_floor_usage":[56],"damage_taken":[{"damage":7.0,"enemies":"Jaw Worm","floor":1.0,"turns":3.0},{"damage":0.0,"enemies":"Cultist","floor":3.0,"turns":3.0},{"damage":0.0,"enemies":"2 Louse","floor":5.0,"turns":2.0},{"damage":19.0,"enemies":"Lagavulin","floor":7.0,"turns":8.0},{"damage":7.0,"enemies":"Exordium Wildlife","floor":10.0,"turns":3.0},{"damage":25.0,"enemies":"Gremlin Nob","floor":12.0,"turns":4.0},{"damage":7.0,"enemies":"Looter","floor":13.0,"turns":3.0},{"damage":1.0,"enemies":"Exordium Thugs","floor":14.0,"turns":3.0},{"damage":16.0,"enemies":"Slime Boss","floor":16.0,"turns":10.0},{"damage":11.0,"enemies":"Chosen","floor":18.0,"turns":5.0},{"damage":44.0,"enemies":"Slavers","floor":24.0,"turns":6.0},{"damage":0.0,"enemies":"Shell Parasite","floor":27.0,"turns":3.0},{"damage":14.0,"enemies":"Shelled Parasite and Fungi","floor":29.0,"turns":6.0},{"damage":9.0,"enemies":"Gremlin Leader","floor":31.0,"turns":9.0},{"damage":2.0,"enemies":"Collector","floor":33.0,"turns":8.0},{"damage":0.0,"enemies":"Orb Walker","floor":35.0,"turns":3.0},{"damage":1.0,"enemies":"3 Shapes","floor":37.0,"turns":6.0},{"damage":24.0,"enemies":"Transient","floor":38.0,"turns":6.0},{"damage":0.0,"enemies":"Giant Head","floor":41.0,"turns":9.0},{"damage":0.0,"enemies":"3 Darklings","floor":44.0,"turns":6.0},{"damage":10.0,"enemies":"Nemesis","floor":46.0,"turns":17.0},{"damage":12.0,"enemies":"Maw","floor":47.0,"turns":9.0},{"damage":0.0,"enemies":"Sphere and 2 Shapes","floor":48.0,"turns":6.0},{"damage":1.0,"enemies":"Awakened One","floor":50.0,"turns":13.0},{"damage":0.0,"enemies":"Donu and Deca","floor":51.0,"turns":13.0},{"damage":40.0,"enemies":"Shield and Spear","floor":55.0,"turns":9.0},{"damage":49,"enemies":"The Heart","floor":56,"turns":2}],"seed_played":"-5978471415466717081","potions_obtained":[{"floor":1.0,"key":"Explosive Potion"},{"floor":7.0,"key":"Swift Potion"},{"floor":12.0,"key":"Block Potion"},{"floor":18.0,"key":"Energy Potion"},{"floor":27.0,"key":"EssenceOfSteel"},{"floor":35.0,"key":"GamblersBrew"},{"floor":38.0,"key":"Explosive Potion"},{"floor":47.0,"key":"Weak Potion"},{"floor":48.0,"key":"LiquidBronze"}],"is_trial":false,"path_per_floor":["M","?","M","?","M","R","E","R","T","M","R","E","M","M","R","B",null,"M","?","?","$","$","R","E","R","T","M","?","M","?","E","R","B",null,"M","?","M","M","$","R","E","R","T","M","R","E","M","M","R","B","B",null,"R","$","E","B"],"character_chosen":"DEFECT","items_purchased":["Mummified Hand","Defragment","Glacier","Cold Snap","Ice Cream","Panacea"],"campfire_rested":9,"item_purchase_floors":[21,39,39,39,54,54],"current_hp_per_floor":[57,57,57,57,57,57,38,38,38,31,48,23,16,15,32,16,48,37,37,37,37,37,54,10,27,27,27,27,13,13,4,21,19,48,48,48,47,23,23,40,40,40,40,47,58,58,58,58,58,58,58,58,58,58,25,0],"gold":55,"neow_bonus":"THREE_RARE_CARDS","is_prod":false,"is_daily":false,"chose_seed":false,"campfire_upgraded":2,"win_rate":0,"timestamp":1554376419,"path_taken":["M","?","M","?","?","R","E","R","T","M","R","E","M","M","R","BOSS","M","?","?","?","$","R","E","R","T","M","?","?","?","E","R","BOSS","M","?","M","M","$","R","E","R","T","M","R","E","?","M","R","BOSS","BOSS","R","$","E","BOSS"],"build_version":"2019-01-23","purchased_purges":0,"victory":false,"max_hp_per_floor":[64,58,58,58,58,58,58,58,58,58,58,58,58,58,58,58,58,58,58,58,58,58,58,58,58,58,58,58,58,58,58,58,58,58,58,58,58,58,58,58,58,58,58,58,58,58,58,58,58,58,58,58,58,58,58,58],"card_choices":[{"not_picked":["Seek","All For One"],"picked":"Biased Cognition","floor":0.0},{"not_picked":["Beam Cell","Gash"],"picked":"FTL","floor":1.0},{"not_picked":["Heatsinks","Conserve Battery"],"picked":"Cold Snap","floor":3.0},{"not_picked":["Reinforced Body","Fusion"],"picked":"Sunder","floor":5.0},{"not_picked":["Turbo","Gash"],"picked":"Double Energy","floor":7.0},{"not_picked":["Gash","Leap"],"picked":"Conserve Battery","floor":10.0},{"not_picked":["Sweeping Beam","Stack"],"picked":"Amplify","floor":12.0},{"not_picked":["Rebound","Sweeping Beam","Compile Driver"],"picked":"SKIP","floor":13.0},{"not_picked":["Hologram","Rip and Tear","Leap"],"picked":"SKIP","floor":14.0},{"not_picked":["Machine Learning","Multi-Cast"],"picked":"Seek","floor":16.0},{"not_picked":["Steam Power+1","Blizzard"],"picked":"Capacitor","floor":18.0},{"not_picked":["Redo","Go for the Eyes","Heatsinks"],"picked":"SKIP","floor":24.0},{"not_picked":["Barrage","Steam","Rebound"],"picked":"SKIP","floor":27.0},{"not_picked":["White Noise","Rip and Tear"],"picked":"Coolheaded","floor":29.0},{"not_picked":["Compile Driver","BootSequence+1"],"picked":"Tempest","floor":31.0},{"not_picked":["Echo Form","All For One"],"picked":"Core Surge","floor":33.0},{"not_picked":["Steam","Redo"],"picked":"Coolheaded","floor":35.0},{"not_picked":["Fusion","Steam","Stack"],"picked":"SKIP","floor":37.0},{"not_picked":["Beam Cell","Steam Power","Ball Lightning+1"],"picked":"SKIP","floor":38.0},{"not_picked":["Streamline","Genetic Algorithm"],"picked":"Self Repair","floor":41.0},{"not_picked":["Double Energy","Go for the Eyes"],"picked":"Hologram","floor":44.0},{"not_picked":["Aggregate","Turbo+1"],"picked":"Hologram","floor":46.0},{"not_picked":["Steam","White Noise"],"picked":"Capacitor","floor":47.0},{"not_picked":["Turbo+1","Fusion"],"picked":"Creative AI","floor":48.0},{"not_picked":["White Noise+1","Force Field"],"picked":"Loop","floor":55.0}],"player_experience":2873414,"relics_obtained":[{"floor":7.0,"key":"DataDisk"},{"floor":12.0,"key":"Bag of Preparation"},{"floor":24.0,"key":"Anchor"},{"floor":26.0,"key":"Smiling Mask"},{"floor":31.0,"key":"Thread and Needle"},{"floor":41.0,"key":"The Courier"},{"floor":43.0,"key":"Pen Nib"},{"floor":46.0,"key":"Centennial Puzzle"},{"floor":55.0,"key":"Art of War"}],"event_choices":[{"damage_healed":0.0,"max_hp_gain":0.0,"max_hp_loss":6.0,"gold_gain":0.0,"event_name":"Golden Idol","player_choice":"Lose Max HP","floor":2.0,"gold_loss":0.0,"damage_taken":0.0,"relics_obtained":["Golden Idol"]},{"damage_healed":0.0,"max_hp_gain":0.0,"max_hp_loss":0.0,"gold_gain":0.0,"event_name":"FaceTrader","player_choice":"Trade","floor":4.0,"gold_loss":0.0,"damage_taken":0.0,"relics_obtained":["GremlinMask"]},{"cards_removed":["Strike_B"],"damage_healed":0.0,"max_hp_gain":0.0,"max_hp_loss":0.0,"gold_gain":0.0,"event_name":"Beggar","player_choice":"Gave Gold","floor":19.0,"gold_loss":75.0,"damage_taken":0.0},{"damage_healed":0.0,"max_hp_gain":0.0,"max_hp_loss":0.0,"gold_gain":0.0,"cards_transformed":["Strike_B","Strike_B"],"event_name":"Drug Dealer","player_choice":"Became Test Subject","floor":20.0,"gold_loss":0.0,"damage_taken":0.0,"cards_obtained":["Turbo","Echo Form"]},{"damage_healed":0.0,"max_hp_gain":0.0,"max_hp_loss":0.0,"gold_gain":0.0,"cards_transformed":["Strike_B"],"event_name":"Transmorgrifier","player_choice":"Transformed","floor":28.0,"gold_loss":0.0,"damage_taken":0.0,"cards_obtained":["Amplify"]},{"damage_healed":0.0,"max_hp_gain":0.0,"max_hp_loss":0.0,"gold_gain":50.0,"event_name":"Nest","player_choice":"Stole From Cult","floor":30.0,"gold_loss":0.0,"damage_taken":0.0},{"damage_healed":0.0,"max_hp_gain":0.0,"max_hp_loss":0.0,"gold_gain":0.0,"event_name":"SecretPortal","player_choice":"Ignored","floor":36.0,"gold_loss":0.0,"damage_taken":0.0}],"is_beta":false,"boss_relics":[{"not_picked":["Velvet Choker","Busted Crown"],"picked":"Fusion Hammer"},{"not_picked":["Lizard Tail","Cursed Key"],"picked":"Nuclear Battery"}],"items_purged_floors":[],"is_endless":false,"potions_floor_spawned":[1,7,12,18,27,35,38,47,48],"killed_by":"The Heart","ascension_level":20}