{"gold_per_floor":[111,111,186,198,198,225,225,225,250,250,250,27,42,53,68,68,166,166,182,182,182,198,94,94,124,124,124,124,152,102,120,130,143,143,238,238,253,193,209,224,101,101,114,134,134,134,30,30,43,43,72,72,72],"floor_reached":54,"playtime":3009,"items_purged":["Brutality","Pain","Parasite","Combust","Searing Blow"],"score":832,"play_id":"3660f611-3530-4a72-8506-70547b958a44","local_time":"20190303225310","is_ascension_mode":false,"campfire_choices":[{"data":"Barricade","floor":8,"key":"SMITH"},{"data":"Whirlwind","floor":11,"key":"SMITH"},{"data":"Demon Form","floor":16,"key":"SMITH"},{"data":"True Grit","floor":24,"key":"SMITH"},{"floor":26,"key":"REST"},{"floor":34,"key":"REST"},{"data":"Evolve","floor":42,"key":"SMITH"},{"floor":52,"key":"REST"}],"neow_cost":"NONE","seed_source_timestamp":165734398495000,"circlet_count":0,"master_deck":["Flex+1","Sentinel","Ghostly Armor+1","Demon Form+1","Shrug It Off","Armaments+1","Barricade+1","Evolve+1","Whirlwind+1","Heavy Blade","Warcry","Shrug It Off","Anger","Perfected Strike","Bludgeon","Clumsy","Perfected Strike","Perfected Strike+1","True Grit+1","Reckless Charge","Juggernaut","Clothesline","Wild Strike","Carnage","Havoc","Warcry","Combust+1"],"special_seed":0,"relics":["Eternal Feather","Mercury Hourglass","War Paint","Smiling Mask","Lantern","Calling Bell","Vajra","Dodecahedron","Unceasing Top","Regal Pillow","FossilizedHelix","Ancient Tea Set","Happy Flower","Velvet Choker","Centennial Puzzle","Letter Opener"],"potions_floor_usage":[19,29,29,33,35,35,51,53,53,53],"damage_taken":[{"damage":0,"enemies":"Small Slimes","floor":1,"turns":5},{"damage":6,"enemies":"Jaw Worm","floor":4,"turns":5},{"damage":13,"enemies":"Gremlin Nob","floor":6,"turns":4},{"damage":0,"enemies":"2 Louse","floor":13,"turns":2},{"damage":8,"enemies":"Red Slaver","floor":14,"turns":4},{"damage":0,"enemies":"Blue Slaver","floor":15,"turns":3},{"damage":0,"enemies":"Slime Boss","floor":17,"turns":5},{"damage":3,"enemies":"Shell Parasite","floor":19,"turns":2},{"damage":19,"enemies":"2 Thieves","floor":22,"turns":3},{"damage":24,"enemies":"Gremlin Leader","floor":25,"turns":9},{"damage":15,"enemies":"Slavers","floor":29,"turns":5},{"damage":0,"enemies":"3 Cultists","floor":31,"turns":6},{"damage":0,"enemies":"Centurion and Healer","floor":32,"turns":6},{"damage":20,"enemies":"Snake Plant","floor":33,"turns":6},{"damage":0,"enemies":"Champ","floor":35,"turns":10},{"damage":0,"enemies":"Orb Walker","floor":37,"turns":4},{"damage":0,"enemies":"3 Darklings","floor":39,"turns":1},{"damage":0,"enemies":"Sphere and 2 Shapes","floor":40,"turns":4},{"damage":22,"enemies":"Writhing Mass","floor":43,"turns":5},{"damage":14,"enemies":"Maw","floor":44,"turns":9},{"damage":0,"enemies":"Spire Growth","floor":49,"turns":5},{"damage":31,"enemies":"Giant Head","floor":51,"turns":10},{"damage":67,"enemies":"Time Eater","floor":53,"turns":10}],"seed_played":"-3650469263417082998","potions_obtained":[{"floor":1,"key":"Explosive Potion"},{"floor":15,"key":"EssenceOfSteel"},{"floor":17,"key":"Weak Potion"},{"floor":22,"key":"Dexterity Potion"},{"floor":29,"key":"Fire Potion"},{"floor":31,"key":"SkillPotion"},{"floor":32,"key":"Regen Potion"},{"floor":37,"key":"Regen Potion"},{"floor":49,"key":"SkillPotion"},{"floor":51,"key":"Explosive Potion"}],"is_trial":false,"path_per_floor":["M","?","?","M","?","E","?","R","T","T","R","$","M","M","M","R","B",null,"M","?","?","M","$","R","E","R","T","T","E","$","M","M","M","R","B",null,"M","?","M","M","$","R","M","M","T","T","$","?","M","?","E","R","B",null],"character_chosen":"IRONCLAD","items_purchased":["Lantern","Shrug It Off","True Grit","Regen Potion","Warcry"],"campfire_rested":3,"item_purchase_floors":[12,12,23,41,47],"current_hp_per_floor":[80,80,69,63,63,50,50,56,56,56,62,62,62,54,54,60,60,80,77,77,77,58,58,70,46,80,80,80,65,65,65,65,59,77,77,77,77,77,77,77,77,77,55,41,41,41,41,41,41,41,10,61,35],"gold":72,"neow_bonus":"BOSS_RELIC","is_prod":false,"is_daily":false,"chose_seed":false,"campfire_upgraded":5,"win_rate":0,"timestamp":1551621190,"path_taken":["M","?","?","M","?","E","?","R","T","R","$","M","M","?","R","BOSS","M","?","?","M","$","R","E","R","T","E","$","M","M","M","R","BOSS","M","?","M","M","$","R","?","?","T","$","?","M","?","E","R","BOSS"],"build_version":"2019-01-23","purchased_purges":5,"victory":true,"max_hp_per_floor":[80,80,80,80,80,80,80,80,80,80,80,80,80,80,80,80,80,80,80,80,80,80,80,80,80,80,80,80,80,77,77,77,77,77,77,77,77,77,77,77,77,77,77,77,77,77,77,73,73,73,73,73,73],"card_choices":[{"not_picked":["Flex","Body Slam"],"picked":"Heavy Blade","floor":1},{"not_picked":["Dropkick","Heavy Blade"],"picked":"Warcry","floor":4},{"not_picked":["Iron Wave","Bloodletting"],"picked":"Brutality","floor":6},{"not_picked":["Flex","Twin Strike"],"picked":"Anger","floor":13},{"not_picked":["Cleave","Pummel"],"picked":"Perfected Strike","floor":14},{"not_picked":["Twin Strike","Pummel","Ghostly Armor"],"picked":"SKIP","floor":15},{"not_picked":["Offering","Fiend Fire"],"picked":"Bludgeon","floor":17},{"not_picked":["Body Slam+1","Wild Strike"],"picked":"Perfected Strike","floor":19},{"not_picked":["Flex","Headbutt"],"picked":"Perfected Strike+1","floor":22},{"not_picked":["True Grit","Whirlwind"],"picked":"Reckless Charge","floor":25},{"not_picked":["Combust+1","Rampage"],"picked":"Juggernaut","floor":29},{"not_picked":["Inflame+1","Intimidate+1"],"picked":"Combust+1","floor":31},{"not_picked":["Pummel+1","Rampage"],"picked":"Clothesline","floor":32},{"not_picked":["Disarm","Intimidate"],"picked":"Wild Strike","floor":33},{"not_picked":["Armaments","Havoc"],"picked":"Clash","floor":37},{"not_picked":["Shockwave+1","Clash+1"],"picked":"Combust","floor":39},{"not_picked":["Dropkick+1","Reckless Charge+1"],"picked":"Havoc","floor":43},{"not_picked":["Rampage","Blood for Blood+1"],"picked":"Combust+1","floor":49}],"player_experience":1981380,"relics_obtained":[{"floor":6,"key":"Mercury Hourglass"},{"floor":9,"key":"Smiling Mask"},{"floor":18,"key":"Vajra"},{"floor":18,"key":"Dodecahedron"},{"floor":18,"key":"Unceasing Top"},{"floor":25,"key":"FossilizedHelix"},{"floor":27,"key":"Ancient Tea Set"},{"floor":29,"key":"Happy Flower"},{"floor":45,"key":"Centennial Puzzle"},{"floor":51,"key":"Letter Opener"}],"event_choices":[{"damage_healed":0,"gold_gain":0,"player_choice":"Ignored","damage_taken":0,"max_hp_gain":0,"max_hp_loss":0,"event_name":"Liars Game","floor":2,"gold_loss":0},{"damage_healed":0,"gold_gain":75,"player_choice":"Gather Gold","damage_taken":11,"max_hp_gain":0,"max_hp_loss":0,"event_name":"World of Goop","floor":3,"gold_loss":0},{"damage_healed":0,"gold_gain":0,"player_choice":"Grow","damage_taken":0,"max_hp_gain":0,"max_hp_loss":0,"event_name":"Living Wall","floor":5,"gold_loss":0,"cards_upgraded":["Armaments"]},{"cards_removed":["Thunderclap"],"damage_healed":0,"gold_gain":0,"player_choice":"Gave Card","damage_taken":0,"relics_obtained":["War Paint"],"max_hp_gain":0,"max_hp_loss":0,"event_name":"WeMeetAgain","floor":7,"gold_loss":0},{"damage_healed":0,"gold_gain":0,"player_choice":"Ignored","damage_taken":0,"max_hp_gain":0,"max_hp_loss":0,"event_name":"Vampires","floor":20,"gold_loss":0},{"damage_healed":0,"gold_gain":0,"player_choice":"Opened","damage_taken":0,"relics_obtained":["Regal Pillow"],"max_hp_gain":0,"max_hp_loss":0,"event_name":"The Mausoleum","floor":21,"gold_loss":0},{"damage_healed":0,"gold_gain":0,"cards_transformed":["Combust","Clash"],"player_choice":"Transformed Cards","damage_taken":0,"max_hp_gain":0,"max_hp_loss":0,"event_name":"Designer","floor":38,"gold_loss":60,"cards_obtained":["Searing Blow","Carnage"]},{"damage_healed":0,"gold_gain":0,"player_choice":"Max HP","damage_taken":0,"max_hp_gain":0,"max_hp_loss":4,"event_name":"Winding Halls","floor":48,"gold_loss":0},{"damage_healed":0,"gold_gain":0,"player_choice":"Ignored","damage_taken":0,"max_hp_gain":0,"max_hp_loss":0,"event_name":"Mysterious Sphere","floor":50,"gold_loss":0}],"is_beta":false,"boss_relics":[{"not_picked":["Runic Pyramid","Philosopher\u0027s Stone"],"picked":"Calling Bell"},{"not_picked":["Astrolabe","Empty Cage"],"picked":"Velvet Choker"}],"items_purged_floors":[12,23,30,41,47],"is_endless":false,"potions_floor_spawned":[1,15,17,22,29,31,32,37,49,51],"ascension_level":0}