{"gold_per_floor":[112,112,112,387,398,410,436,436,436,276,276,276,289,123,123,123],"floor_reached":16,"playtime":237,"items_purged":["Regret"],"score":196,"play_id":"e2a732c8-0b0e-40a8-97fd-3391058d3798","local_time":"20190418162400","is_ascension_mode":true,"campfire_choices":[{"data":"Whirlwind","floor":15,"key":"SMITH"}],"neow_cost":"NONE","seed_source_timestamp":217829458187900,"circlet_count":0,"master_deck":["AscendersBane","Strike_R","Strike_R+1","Strike_R","Strike_R+1","Defend_R","Defend_R","Defend_R","Defend_R","Bash","Carnage","Battle Trance","Feel No Pain","Decay","Whirlwind+1"],"relics":["Burning Blood","NeowsBlessing","Blue Candle","Golden Idol","Singing Bowl","Lantern"],"potions_floor_usage":[16],"damage_taken":[{"damage":0,"enemies":"Cultist","floor":1,"turns":1},{"damage":2,"enemies":"2 Louse","floor":5,"turns":2},{"damage":0,"enemies":"Small Slimes","floor":6,"turns":1},{"damage":39,"enemies":"Gremlin Nob","floor":7,"turns":4},{"damage":14,"enemies":"Red Slaver","floor":13,"turns":2},{"damage":1,"enemies":"Slime Boss","floor":16,"turns":4}],"seed_played":"-1166098780657067940","potions_obtained":[{"floor":6,"key":"GamblersBrew"},{"floor":7,"key":"EssenceOfSteel"}],"is_trial":false,"path_per_floor":["M","?","?","?","M","M","E","?","T","$","?","$","M","$","R","B"],"character_chosen":"IRONCLAD","items_purchased":["Feel No Pain","Lantern"],"campfire_rested":0,"item_purchase_floors":[10,14],"current_hp_per_floor":[74,51,51,51,55,61,28,28,28,28,28,28,20,20,20,19],"gold":123,"neow_bonus":"THREE_ENEMY_KILL","is_prod":false,"is_daily":false,"chose_seed":false,"campfire_upgraded":1,"win_rate":0,"timestamp":1555572240,"path_taken":["M","?","?","?","M","?","E","?","T","?","?","$","?","$","R","BOSS"],"build_version":"2019-01-23","purchased_purges":1,"victory":false,"max_hp_per_floor":[75,75,75,75,75,75,75,68,68,68,68,68,68,68,68,68],"card_choices":[{"not_picked":["Thunderclap","Warcry"],"picked":"Carnage","floor":1},{"not_picked":["True Grit","Wild Strike"],"picked":"Battle Trance","floor":5},{"not_picked":["Clothesline","Dropkick","Fire Breathing"],"picked":"SKIP","floor":6},{"not_picked":["Twin Strike","Blood for Blood","Anger"],"picked":"SKIP","floor":7},{"not_picked":["Heavy Blade","Armaments"],"picked":"Whirlwind","floor":13}],"player_experience":3210280,"relics_obtained":[{"floor":7,"key":"Blue Candle"},{"floor":9,"key":"Singing Bowl"}],"event_choices":[{"damage_healed":0,"gold_gain":0,"player_choice":"Entered Light","damage_taken":23,"max_hp_gain":0,"max_hp_loss":0,"event_name":"Shining Light","floor":2,"gold_loss":0,"cards_upgraded":["Strike_R","Strike_R"]},{"cards_removed":["Strike_R"],"damage_healed":0,"gold_gain":0,"player_choice":"Forget","damage_taken":0,"max_hp_gain":0,"max_hp_loss":0,"event_name":"Living Wall","floor":3,"gold_loss":0},{"damage_healed":0,"gold_gain":275,"player_choice":"Desecrate","damage_taken":0,"max_hp_gain":0,"max_hp_loss":0,"event_name":"Golden Shrine","floor":4,"gold_loss":0,"cards_obtained":["Regret"]},{"damage_healed":0,"gold_gain":0,"player_choice":"Lose Max HP","damage_taken":0,"relics_obtained":["Golden Idol"],"max_hp_gain":0,"max_hp_loss":7,"event_name":"Golden Idol","floor":8,"gold_loss":0},{"damage_healed":0,"gold_gain":0,"player_choice":"Cursed","damage_taken":0,"max_hp_gain":0,"max_hp_loss":0,"event_name":"Wheel of Change","floor":11,"gold_loss":0,"cards_obtained":["Decay"]}],"is_beta":false,"boss_relics":[],"items_purged_floors":[10],"is_endless":false,"potions_floor_spawned":[6,7],"killed_by":"Slime Boss","ascension_level":20}