{"gold_per_floor":[116,128,403,175,187,187,46,79,79,109,109,119,31,60,60,135,135,147,167,185,199,218,235,235,248,248,248,248,279,279,279,279,279],"floor_reached":33,"playtime":943,"items_purged":["Regret","Strike_R"],"score":599,"play_id":"c845446d-939e-4c23-a41f-20c5688c189c","local_time":"20190412132730","is_ascension_mode":true,"campfire_choices":[{"data":"Whirlwind","floor":6.0,"key":"SMITH"},{"data":"Demon Form","floor":15.0,"key":"SMITH"},{"data":"Fiend Fire","floor":24.0,"key":"SMITH"},{"floor":28.0,"key":"REST"},{"data":"Entrench","floor":32.0,"key":"SMITH"}],"neow_cost":"NONE","seed_source_timestamp":6094044140800,"circlet_count":0,"master_deck":["AscendersBane","Strike_R+1","Defend_R","Defend_R","Defend_R","Defend_R","Bash+1","Whirlwind+1","Inflame","Demon Form+1","Feel No Pain","Seeing Red","Evolve","Second Wind","Fiend Fire+1","Pummel+1","Corruption+1","Shrug It Off+1","Entrench+1","Shrug It Off","Disarm","Sword Boomerang","Ghostly","Ghostly","Ghostly","Ghostly"],"special_seed":0,"relics":["Burning Blood","NeowsBlessing","Membership Card","Potion Belt","Kunai","Whetstone","Centennial Puzzle","Strawberry","Astrolabe","Blood Vial","Incense Burner","FossilizedHelix"],"potions_floor_usage":[33,33,33],"damage_taken":[{"damage":0.0,"enemies":"Cultist","floor":1.0,"turns":1.0},{"damage":0.0,"enemies":"Small Slimes","floor":2.0,"turns":1.0},{"damage":0.0,"enemies":"Jaw Worm","floor":5.0,"turns":1.0},{"damage":40.0,"enemies":"Lagavulin","floor":8.0,"turns":7.0},{"damage":8.0,"enemies":"Gremlin Nob","floor":10.0,"turns":3.0},{"damage":2.0,"enemies":"Exordium Thugs","floor":12.0,"turns":3.0},{"damage":8.0,"enemies":"Lagavulin","floor":14.0,"turns":5.0},{"damage":49.0,"enemies":"Hexaghost","floor":16.0,"turns":8.0},{"damage":22.0,"enemies":"2 Thieves","floor":18.0,"turns":2.0},{"damage":18.0,"enemies":"3 Byrds","floor":19.0,"turns":6.0},{"damage":14.0,"enemies":"Centurion and Healer","floor":20.0,"turns":5.0},{"damage":2.0,"enemies":"Snake Plant","floor":21.0,"turns":5.0},{"damage":22.0,"enemies":"3 Cultists","floor":22.0,"turns":6.0},{"damage":5.0,"enemies":"Centurion and Healer","floor":23.0,"turns":4.0},{"damage":19.0,"enemies":"Shelled Parasite and Fungi","floor":25.0,"turns":3.0},{"damage":30.0,"enemies":"Book of Stabbing","floor":29.0,"turns":7.0},{"damage":3,"enemies":"Collector","floor":33,"turns":8}],"seed_played":"-3724534551996377128","potions_obtained":[{"floor":8.0,"key":"Swift Potion"},{"floor":10.0,"key":"SpeedPotion"},{"floor":14.0,"key":"Fire Potion"},{"floor":16.0,"key":"Energy Potion"},{"floor":19.0,"key":"BloodPotion"},{"floor":20.0,"key":"Swift Potion"},{"floor":21.0,"key":"PowerPotion"},{"floor":25.0,"key":"Energy Potion"}],"is_trial":false,"path_per_floor":["M","M","?","$","M","R","$","E","T","E","?","M","$","E","R","B",null,"M","M","M","M","M","M","R","M","T","T","R","E","?","?","R","B"],"character_chosen":"IRONCLAD","items_purchased":["Membership Card","Inflame","Potion Belt","Evolve"],"campfire_rested":1,"item_purchase_floors":[4,7,7,13],"current_hp_per_floor":[74,75,75,75,75,75,75,41,41,39,75,75,75,80,80,37,71,55,43,43,47,31,32,32,19,19,19,43,21,21,21,21,20],"gold":279,"neow_bonus":"THREE_ENEMY_KILL","is_prod":false,"is_daily":false,"chose_seed":false,"campfire_upgraded":4,"win_rate":0,"timestamp":1555043250,"path_taken":["M","?","?","$","?","R","$","E","T","E","?","M","?","E","R","BOSS","M","?","M","?","M","M","R","M","T","?","R","E","?","?","R","BOSS"],"build_version":"2019-01-23","purchased_purges":2,"victory":false,"max_hp_per_floor":[75,75,75,75,75,75,75,75,75,75,75,75,75,82,82,82,82,82,82,82,82,82,82,82,82,82,82,82,82,41,41,41,41],"card_choices":[{"not_picked":["Perfected Strike","Shockwave"],"picked":"Whirlwind","floor":1.0},{"not_picked":["Heavy Blade","Thunderclap","Rupture"],"picked":"SKIP","floor":2.0},{"not_picked":["Searing Blow","Hemokinesis","Wild Strike"],"picked":"SKIP","floor":5.0},{"not_picked":["Searing Blow","Hemokinesis","Wild Strike"],"picked":"SKIP","floor":5.0},{"not_picked":["Cleave","Pummel"],"picked":"Demon Form","floor":8.0},{"not_picked":["Sever Soul","Wild Strike"],"picked":"Feel No Pain","floor":10.0},{"not_picked":["Twin Strike","Thunderclap"],"picked":"Seeing Red","floor":12.0},{"not_picked":["Carnage","Armaments"],"picked":"Second Wind","floor":14.0},{"not_picked":["Impervious","Dark Embrace"],"picked":"Fiend Fire","floor":16.0},{"not_picked":["Power Through","Headbutt"],"picked":"Entrench","floor":18.0},{"not_picked":["True Grit","Pommel Strike","Dual Wield"],"picked":"SKIP","floor":19.0},{"not_picked":["Thunderclap","Clash+1","Anger"],"picked":"SKIP","floor":20.0},{"not_picked":["Headbutt","Flex+1"],"picked":"Shrug It Off","floor":21.0},{"not_picked":["Dark Embrace","Cleave","Body Slam"],"picked":"SKIP","floor":22.0},{"not_picked":["Thunderclap","Warcry","Twin Strike"],"picked":"SKIP","floor":23.0},{"not_picked":["Clash","Dropkick"],"picked":"Disarm","floor":25.0},{"not_picked":["Warcry","Carnage"],"picked":"Sword Boomerang","floor":29.0}],"player_experience":3073861,"relics_obtained":[{"floor":8.0,"key":"Kunai"},{"floor":9.0,"key":"Whetstone"},{"floor":10.0,"key":"Centennial Puzzle"},{"floor":14.0,"key":"Strawberry"},{"floor":26.0,"key":"Blood Vial"},{"floor":27.0,"key":"Incense Burner"},{"floor":29.0,"key":"FossilizedHelix"}],"event_choices":[{"damage_healed":0.0,"max_hp_gain":0.0,"max_hp_loss":0.0,"gold_gain":275.0,"event_name":"Golden Shrine","player_choice":"Desecrate","floor":3.0,"gold_loss":0.0,"damage_taken":0.0,"cards_obtained":["Regret"]},{"damage_healed":36.0,"max_hp_gain":0.0,"max_hp_loss":0.0,"gold_gain":0.0,"event_name":"Wheel of Change","player_choice":"Full Heal","floor":11.0,"gold_loss":0.0,"damage_taken":0.0},{"damage_healed":0.0,"max_hp_gain":0.0,"max_hp_loss":41.0,"gold_gain":0.0,"event_name":"Ghosts","player_choice":"Became a Ghost","floor":30.0,"gold_loss":0.0,"damage_taken":0.0,"cards_obtained":["Ghostly","Ghostly","Ghostly"]},{"damage_healed":0.0,"max_hp_gain":0.0,"max_hp_loss":0.0,"gold_gain":0.0,"event_name":"Duplicator","player_choice":"Copied","floor":31.0,"gold_loss":0.0,"damage_taken":0.0,"cards_obtained":["Ghostly"]}],"is_beta":false,"boss_relics":[{"not_picked":["White Beast Statue","Cursed Key"],"picked":"Astrolabe"}],"items_purged_floors":[7,13],"is_endless":false,"potions_floor_spawned":[8,10,14,16,19,20,21,25],"killed_by":"Collector","ascension_level":20}