{"gold_per_floor":[214,228,228,99,119,119,269,284,284,295,11,39,39,68,80,171,183,214,236,248,260,49,49,83,83],"floor_reached":25,"playtime":1844,"items_purged":["Doubt"],"score":427,"play_id":"65b69b9b-2ab4-4673-bf9e-e52921526011","local_time":"20190311190019","is_ascension_mode":true,"campfire_choices":[{"floor":6,"key":"REST"},{"floor":15,"key":"REST"},{"floor":23,"key":"REST"}],"neow_cost":"NONE","seed_source_timestamp":523961098426948,"circlet_count":0,"master_deck":["AscendersBane","Strike_B","Strike_B","Strike_B","Strike_B","Defend_B","Defend_B","Defend_B","Defend_B","Zap","Dualcast","Hello World","Conserve Battery","Self Repair","Cold Snap","Creative AI","Barrage","Static Discharge","Panache","Electrodynamics","Self Repair","Rainbow","Capacitor","Conserve Battery","Creative AI","Force Field","Self Repair","Enlightenment","Storm"],"relics":["Cracked Core","Shuriken","Kunai","MawBank","White Beast Statue","Gremlin Horn"],"potions_floor_usage":[10,10,18,19,21,24,25],"damage_taken":[{"damage":7,"enemies":"Small Slimes","floor":1,"turns":3},{"damage":0,"enemies":"Cultist","floor":2,"turns":4},{"damage":5,"enemies":"Jaw Worm","floor":5,"turns":5},{"damage":11,"enemies":"Red Slaver","floor":8,"turns":4},{"damage":6,"enemies":"Large Slime","floor":10,"turns":8},{"damage":15,"enemies":"Lagavulin","floor":12,"turns":7},{"damage":18,"enemies":"3 Sentries","floor":14,"turns":4},{"damage":54,"enemies":"Hexaghost","floor":16,"turns":9},{"damage":24,"enemies":"Chosen","floor":18,"turns":5},{"damage":17,"enemies":"2 Thieves","floor":19,"turns":4},{"damage":0,"enemies":"Snake Plant","floor":21,"turns":1},{"damage":53,"enemies":"Gremlin Leader","floor":24,"turns":7},{"damage":38,"enemies":"Cultist and Chosen","floor":25,"turns":4}],"seed_played":"1460303524983596800","potions_obtained":[{"floor":1,"key":"EssenceOfSteel"},{"floor":8,"key":"Weak Potion"},{"floor":14,"key":"SteroidPotion"},{"floor":16,"key":"PowerPotion"},{"floor":18,"key":"SkillPotion"},{"floor":19,"key":"SmokeBomb"},{"floor":24,"key":"Dexterity Potion"}],"is_trial":false,"path_per_floor":["M","M","?","$","M","R","?","M","T","M","$","E","?","E","R","B",null,"M","M","?","M","$","R","E","M"],"character_chosen":"DEFECT","items_purchased":["Self Repair","Cold Snap","Panache","Force Field","Self Repair","Enlightenment"],"campfire_rested":3,"item_purchase_floors":[4,4,11,22,22,22],"current_hp_per_floor":[57,57,57,57,59,71,71,67,67,68,68,60,60,49,70,30,61,51,41,41,41,41,62,30,0],"gold":83,"neow_bonus":"HUNDRED_GOLD","is_prod":false,"is_daily":false,"chose_seed":false,"campfire_upgraded":0,"win_rate":0,"timestamp":1552323619,"path_taken":["M","M","?","$","?","R","?","M","T","M","$","E","?","E","R","BOSS","M","M","?","?","$","R","E","M"],"build_version":"2019-01-23","purchased_purges":1,"victory":false,"max_hp_per_floor":[71,71,71,71,71,71,71,71,71,71,71,71,71,71,71,71,71,71,71,71,71,71,71,71,71],"card_choices":[{"not_picked":["Recycle","Coolheaded"],"picked":"Hello World","floor":1},{"not_picked":["Hologram","Streamline"],"picked":"Conserve Battery","floor":2},{"not_picked":["Go for the Eyes","Streamline"],"picked":"Creative AI","floor":5},{"not_picked":["Go for the Eyes","Blizzard"],"picked":"Barrage","floor":8},{"not_picked":["Leap","Go for the Eyes"],"picked":"Static Discharge","floor":10},{"not_picked":["Aggregate","Hologram"],"picked":"Electrodynamics","floor":12},{"not_picked":["Chill","Undo"],"picked":"Self Repair","floor":14},{"not_picked":["Meteor Strike","Machine Learning"],"picked":"Rainbow","floor":16},{"not_picked":["Chaos","Compile Driver+1"],"picked":"Capacitor","floor":18},{"not_picked":["Hologram","Sunder"],"picked":"Conserve Battery","floor":19},{"not_picked":["White Noise","Lockon+1"],"picked":"Storm","floor":24}],"player_experience":1078823,"relics_obtained":[{"floor":9,"key":"Shuriken"},{"floor":12,"key":"Kunai"},{"floor":14,"key":"MawBank"},{"floor":24,"key":"Gremlin Horn"}],"event_choices":[{"damage_healed":0,"gold_gain":0,"player_choice":"Ignored","damage_taken":0,"max_hp_gain":0,"max_hp_loss":0,"event_name":"Purifier","floor":3,"gold_loss":0},{"damage_healed":0,"gold_gain":150,"player_choice":"AGREE","damage_taken":0,"max_hp_gain":0,"max_hp_loss":0,"event_name":"Liars Game","floor":7,"gold_loss":0,"cards_obtained":["Doubt"]},{"damage_healed":0,"gold_gain":0,"player_choice":"Ignored","damage_taken":0,"max_hp_gain":0,"max_hp_loss":0,"event_name":"Shining Light","floor":13,"gold_loss":0},{"damage_healed":0,"gold_gain":0,"player_choice":"1 cards matched","damage_taken":0,"max_hp_gain":0,"max_hp_loss":0,"event_name":"Match and Keep!","floor":20,"gold_loss":0,"cards_obtained":["Creative AI"]}],"is_beta":false,"boss_relics":[{"not_picked":["Sozu","Astrolabe"],"picked":"White Beast Statue"}],"items_purged_floors":[11],"is_endless":false,"potions_floor_spawned":[1,8,14,16,18,19,21,24],"killed_by":"Cultist and Chosen","ascension_level":17}