{"path_per_floor":["M","M","M","?","?","R","E","M","T","E","R","M","E","?","R","B",null,"M","M","?","M","$","R","E","M","T","R","M","R","E","M","R","B",null,"M","M","M","?","?","R","E","R","T","M","E","R","$","?","R","B"],"character_chosen":"THE_SILENT","items_purchased":["Paper Crane","Mummified Hand","Happy Flower","Regen Potion","Dexterity Potion","Molten Egg 2","Heel Hook"],"gold_per_floor":[14,26,36,36,36,36,63,81,81,115,115,128,161,161,161,262,292,306,322,353,365,31,31,61,72,122,122,140,140,172,183,183,285,285,296,310,329,551,903,903,968,968,1017,1029,1057,1057,113,113,113,113],"floor_reached":51,"campfire_rested":1,"playtime":5947,"current_hp_per_floor":[70,70,69,62,48,48,33,33,33,31,31,31,12,12,33,20,75,75,75,37,25,25,25,36,36,36,36,33,33,33,33,33,30,75,75,61,43,43,43,43,38,38,38,38,38,38,38,29,29,44],"items_purged":["Strike_G","Strike_G"],"gold":113,"score":819,"play_id":"fa5e4e52-e94a-40fa-9d1c-f567ec139c9a","is_prod":false,"is_daily":false,"is_ascension_mode":true,"campfire_upgraded":10,"path_taken":["M","M","M","?","?","R","E","M","T","E","R","M","E","?","R","BOSS","M","M","?","M","$","R","E","M","T","R","M","R","E","M","R","BOSS","M","?","M","?","?","R","E","R","T","M","E","R","$","?","R","BOSS"],"build_version":"2018-02-22-BETA1","purchased_purges":2,"victory":true,"master_deck":["Defend_G+1","Defend_G","Defend_G","Defend_G+1","Strike_G+1","Survivor+1","Neutralize+1","Dagger Throw","Well Laid Plans+1","Backflip+1","Escape Plan","Grand Finale+1","Tools of the Trade+1","Reflex+1","Blur+1","Reflex","Heel Hook+1","Noxious Fumes+1","Doppelganger+1","Dodge and Roll+1","Prepared+1","Sucker Punch+1","Backflip+1","Acrobatics+1","Heel Hook+1","Madness","Madness+1"],"max_hp_per_floor":[70,70,70,70,70,70,70,70,70,70,70,70,70,70,70,70,75,75,75,75,75,75,75,75,75,75,75,75,75,75,75,75,75,75,75,75,75,75,75,75,75,75,75,75,75,75,75,75,75,75],"relics":["Ring of the Snake","Anchor","Mercury Hourglass","Gremlin Horn","Prayer Wheel","Tiny House","Red Mask","Paper Crane","Calipers","Oddly Smooth Stone","Art of War","White Beast Statue","Old Coin","Tiny Chest","Pen Nib","Snake Skull","Mummified Hand","Happy Flower","Molten Egg 2"],"card_choices":[{"not_picked":["Underhanded Strike","Deflect"],"picked":"Dagger Throw"},{"not_picked":["Eviscerate","Leg Sweep"],"picked":"Well Laid Plans"},{"not_picked":["Sucker Punch","Dagger Throw"],"picked":"Backflip"},{"not_picked":["Dodge and Roll","PiercingWail"],"picked":"Escape Plan"},{"not_picked":["Poisoned Stab","Well Laid Plans"],"picked":"Grand Finale"},{"not_picked":["Phantasmal Killer","Grand Finale"],"picked":"Tools of the Trade"},{"not_picked":["Choke","Poisoned Stab"],"picked":"Reflex"},{"not_picked":["Cloak And Dagger","Dagger Spray"],"picked":"Blur"},{"not_picked":["Phantasmal Killer","Outmaneuver"],"picked":"Reflex"},{"not_picked":["Finisher","Acrobatics"],"picked":"Heel Hook"},{"not_picked":["Quick Slash","Dash"],"picked":"Noxious Fumes"},{"not_picked":["Bullet Time","Tools of the Trade"],"picked":"Doppelganger"},{"not_picked":["Dagger Spray","Underhanded Strike"],"picked":"Dodge and Roll"},{"not_picked":["Bane","Dagger Spray"],"picked":"Prepared"},{"not_picked":["Blur","Underhanded Strike"],"picked":"Sucker Punch"},{"not_picked":["Sucker Punch","Leg Sweep"],"picked":"Backflip"},{"not_picked":["Outmaneuver","Choke"],"picked":"Acrobatics"}],"player_experience":92842,"potions_floor_usage":[16,20,20,24,24,31,37,39,41,50,50,50],"damage_taken":[{"damage":0,"enemies":"Cultist","floor":1,"turns":4},{"damage":0,"enemies":"2 Louse","floor":2,"turns":3},{"damage":1,"enemies":"Small Slimes","floor":3,"turns":3},{"damage":15,"enemies":"3 Sentries","floor":7,"turns":11},{"damage":0,"enemies":"3 Louse","floor":8,"turns":3},{"damage":2,"enemies":"Gremlin Nob","floor":10,"turns":3},{"damage":0,"enemies":"2 Fungi Beasts","floor":12,"turns":4},{"damage":19,"enemies":"3 Sentries","floor":13,"turns":5},{"damage":13,"enemies":"Slime Boss","floor":16,"turns":6},{"damage":0,"enemies":"2 Thieves","floor":18,"turns":2},{"damage":0,"enemies":"3 Byrds","floor":19,"turns":2},{"damage":38,"enemies":"Masked Bandits","floor":20,"turns":5},{"damage":12,"enemies":"Snecko","floor":21,"turns":6},{"damage":4,"enemies":"Book of Stabbing","floor":24,"turns":8},{"damage":0,"enemies":"Slaver and Parasite","floor":25,"turns":3},{"damage":3,"enemies":"Snake Plant","floor":28,"turns":3},{"damage":0,"enemies":"Gremlin Leader","floor":30,"turns":7},{"damage":12,"enemies":"Snecko","floor":31,"turns":6},{"damage":3,"enemies":"Automaton","floor":33,"turns":7},{"damage":0,"enemies":"3 Darklings","floor":35,"turns":2},{"damage":14,"enemies":"3 Shapes","floor":36,"turns":4},{"damage":18,"enemies":"Flame Bruiser 2 Orb","floor":37,"turns":6},{"damage":0,"enemies":"Mysterious Sphere","floor":39,"turns":7},{"damage":5,"enemies":"2 Orb Walkers","floor":41,"turns":7},{"damage":0,"enemies":"Sphere and 2 Shapes","floor":44,"turns":2},{"damage":0,"enemies":"Nemesis","floor":45,"turns":7},{"damage":0,"enemies":"Awakened One","floor":50,"turns":10}],"event_choices":[{"event_name":"Golden Wing","player_choice":"Card Removal","floor":4,"damage_taken":0},{"event_name":"Shining Light","player_choice":"Entered Light","floor":5,"damage_taken":0},{"event_name":"The Lab","player_choice":"Got Potions","floor":14,"damage_taken":0},{"event_name":"Masked Bandits","player_choice":"Fought over 322 gold","floor":20,"damage_taken":0},{"event_name":"Tomb of Lord Red Mask","player_choice":"Wore Mask","floor":38,"damage_taken":0},{"event_name":"Mysterious Sphere","player_choice":"Fight","floor":39,"damage_taken":0},{"event_name":"Winding Halls","player_choice":"Embrace Madness","floor":48,"damage_taken":0}],"boss_relics":[{"not_picked":["Black Star","Runic Dome"],"picked":"Tiny House"},{"not_picked":["Eternal Feather","Philosopher\u0027s Stone"],"picked":"White Beast Statue"}],"potions_floor_spawned":[2,3,7,12,13,20,21,28,30,35,36,37,39,41,44,45],"seed_played":"-1459532671806287947","ascension_level":3,"is_trial":false}