{"gold_per_floor":[118,137,155,167,231,231,246,246,246,265,265,290,290,290,290,290],"floor_reached":16,"playtime":641,"items_purged":[],"score":179,"play_id":"27ea4631-c841-4a8b-9967-04d99398b689","local_time":"20190314141345","is_ascension_mode":true,"campfire_choices":[{"floor":6,"key":"REST"},{"floor":13,"key":"REST"},{"floor":15,"key":"REST"}],"neow_cost":"NONE","seed_source_timestamp":322166580789,"circlet_count":0,"master_deck":["AscendersBane","Strike_B","Strike_B","Strike_B","Strike_B","Defend_B","Defend_B","Defend_B","Defend_B","Zap","Dualcast","Hello World","Streamline","Ball Lightning","Leap","Injury","Self Repair","FTL"],"relics":["Cracked Core","Golden Idol","Matryoshka","Letter Opener"],"potions_floor_usage":[4,7],"damage_taken":[{"damage":5,"enemies":"2 Louse","floor":1,"turns":4},{"damage":4,"enemies":"Small Slimes","floor":2,"turns":3},{"damage":2,"enemies":"Jaw Worm","floor":3,"turns":2},{"damage":9,"enemies":"Large Slime","floor":4,"turns":4},{"damage":7,"enemies":"2 Fungi Beasts","floor":7,"turns":4},{"damage":5,"enemies":"Gremlin Gang","floor":10,"turns":5},{"damage":26,"enemies":"Exordium Wildlife","floor":12,"turns":6},{"damage":83,"enemies":"Hexaghost","floor":16,"turns":9}],"seed_played":"857162887017781359","potions_obtained":[{"floor":1,"key":"Block Potion"},{"floor":7,"key":"Fruit Juice"}],"is_trial":false,"path_per_floor":["M","M","M","M","?","R","M","?","T","M","?","M","R","?","R","B"],"character_chosen":"DEFECT","items_purchased":[],"campfire_rested":3,"item_purchase_floors":[],"current_hp_per_floor":[66,62,60,51,51,74,72,72,72,67,72,53,79,53,79,0],"gold":290,"neow_bonus":"TEN_PERCENT_HP_BONUS","is_prod":false,"is_daily":false,"chose_seed":false,"campfire_upgraded":0,"win_rate":0,"timestamp":1552565625,"path_taken":["M","M","M","M","?","R","M","?","T","M","?","?","R","?","R","BOSS"],"build_version":"2019-01-23","purchased_purges":0,"victory":false,"max_hp_per_floor":[78,78,78,78,78,78,83,83,83,83,88,88,88,88,88,88],"card_choices":[{"not_picked":["Scrape","Turbo"],"picked":"Hello World","floor":1},{"not_picked":["Leap","Go for the Eyes"],"picked":"Streamline","floor":2},{"not_picked":["Stack","Sunder"],"picked":"Ball Lightning","floor":3},{"not_picked":["Sweeping Beam","Gash","Genetic Algorithm"],"picked":"SKIP","floor":4},{"not_picked":["Rebound","Hologram"],"picked":"Leap","floor":7},{"not_picked":["Chill","Cold Snap"],"picked":"Self Repair","floor":10},{"not_picked":["Aggregate","Coolheaded"],"picked":"FTL","floor":12}],"player_experience":1093745,"relics_obtained":[{"floor":9,"key":"Matryoshka"}],"event_choices":[{"damage_healed":0,"gold_gain":64,"player_choice":"Gained Gold","damage_taken":0,"max_hp_gain":0,"max_hp_loss":0,"event_name":"Golden Wing","floor":5,"gold_loss":0},{"damage_healed":0,"gold_gain":0,"player_choice":"Take Wound","damage_taken":0,"relics_obtained":["Golden Idol"],"max_hp_gain":0,"max_hp_loss":0,"event_name":"Golden Idol","floor":8,"gold_loss":0,"cards_obtained":["Injury"]},{"damage_healed":0,"gold_gain":0,"player_choice":"Donut","damage_taken":0,"max_hp_gain":5,"max_hp_loss":0,"event_name":"Big Fish","floor":11,"gold_loss":0},{"damage_healed":0,"gold_gain":0,"player_choice":"Success","damage_taken":26,"relics_obtained":["Letter Opener"],"max_hp_gain":0,"max_hp_loss":0,"event_name":"Scrap Ooze","floor":14,"gold_loss":0}],"is_beta":false,"boss_relics":[],"items_purged_floors":[],"is_endless":false,"potions_floor_spawned":[1,7],"killed_by":"Hexaghost","ascension_level":18}