{"gold_per_floor":[110,126,76,86,96,131,131,156,156,156,79,79,95,95,95,95],"floor_reached":16,"playtime":722,"items_purged":[],"score":196,"play_id":"a954db7a-8ae4-44d3-809b-6bd516a6d962","local_time":"20180628230605","is_ascension_mode":true,"campfire_choices":[{"floor":7,"key":"REST"},{"data":"Rupture","floor":12,"key":"SMITH"},{"floor":15,"key":"REST"}],"neow_cost":"NONE","seed_source_timestamp":477772138856592,"circlet_count":0,"master_deck":["Strike_R","Strike_R","Strike_R","Strike_R","Strike_R","Defend_R","Defend_R","Defend_R","Bash","Offering","Rupture+1","Flex","Clash","Inflame","Fire Breathing"],"relics":["Burning Blood","Orichalcum","Ancient Tea Set","Regal Pillow","Golden Idol","Question Card"],"potions_floor_usage":[6,8,8,8,8,13],"damage_taken":[{"damage":5,"enemies":"Cultist","floor":1,"turns":3},{"damage":0,"enemies":"Small Slimes","floor":2,"turns":3},{"damage":7,"enemies":"Jaw Worm","floor":4,"turns":3},{"damage":23,"enemies":"Exordium Wildlife","floor":5,"turns":4},{"damage":4,"enemies":"Gremlin Nob","floor":6,"turns":2},{"damage":19,"enemies":"3 Sentries","floor":8,"turns":9},{"damage":6,"enemies":"Large Slime","floor":13,"turns":4},{"damage":83,"enemies":"Hexaghost","floor":16,"turns":9}],"seed_played":"-6343963155908303523","potions_obtained":[{"floor":2,"key":"SteroidPotion"},{"floor":5,"key":"Dexterity Potion"},{"floor":6,"key":"EntropicBrew"}],"is_trial":false,"path_per_floor":["M","M","?","M","M","E","R","E","T","?","$","R","M","?","R"],"character_chosen":"IRONCLAD","items_purchased":["Inflame"],"campfire_rested":2,"item_purchase_floors":[11],"current_hp_per_floor":[73,79,79,78,61,63,80,75,75,55,55,55,55,52,80,0],"gold":95,"neow_bonus":"ONE_RANDOM_RARE_CARD","is_prod":false,"is_daily":false,"chose_seed":false,"campfire_upgraded":1,"win_rate":0,"timestamp":1530216365,"path_taken":["M","?","?","M","M","E","R","E","T","?","?","R","M","?","R","BOSS"],"build_version":"2018-06-21v2","purchased_purges":0,"victory":false,"max_hp_per_floor":[80,80,80,80,80,80,80,80,80,80,80,80,80,80,80,80],"card_choices":[{"not_picked":["Body Slam","Armaments"],"picked":"Rupture","floor":1},{"not_picked":["True Grit","Armaments","Battle Trance"],"picked":"SKIP","floor":2},{"not_picked":["Fire Breathing","Anger"],"picked":"Flex","floor":4},{"not_picked":["Thunderclap","Brutality"],"picked":"Clash","floor":5},{"not_picked":["Perfected Strike","Second Wind","Heavy Blade"],"picked":"SKIP","floor":6},{"not_picked":["Rampage","Sword Boomerang","Dark Embrace"],"picked":"SKIP","floor":8},{"not_picked":["Power Through","Whirlwind"],"picked":"Fire Breathing","floor":13}],"player_experience":530920,"relics_obtained":[{"floor":6,"key":"Orichalcum"},{"floor":8,"key":"Ancient Tea Set"},{"floor":9,"key":"Regal Pillow"}],"event_choices":[{"event_name":"The Cleric","player_choice":"Card Removal","floor":3,"damage_taken":0},{"event_name":"Golden Idol","player_choice":"Take Damage","floor":10,"damage_taken":0},{"event_name":"Scrap Ooze","player_choice":"success","floor":14,"damage_taken":3}],"boss_relics":[],"items_purged_floors":[],"is_endless":false,"potions_floor_spawned":[2,5,6],"killed_by":"Hexaghost","ascension_level":9}