{"gold_per_floor":[116,130,51,99,117,117,117,151,151,151,66,66,99,109,109,186,186,204,204,221,221],"floor_reached":21,"playtime":500,"items_purged":[],"score":374,"play_id":"3d85a78b-ac2c-4d3c-b968-b4ace2906451","local_time":"20190319193436","is_ascension_mode":true,"campfire_choices":[{"data":"Armaments","floor":6,"key":"SMITH"},{"data":"Fiend Fire","floor":12,"key":"SMITH"},{"floor":15,"key":"REST"}],"neow_cost":"NONE","seed_source_timestamp":3329864695400,"circlet_count":0,"master_deck":["AscendersBane","Strike_R+1","Strike_R","Strike_R","Strike_R","Defend_R","Defend_R","Defend_R","Defend_R","Bash","Flame Barrier","Evolve+1","Armaments+1","Fiend Fire+1","Entrench","Immolate","Entrench","Power Through"],"relics":["Burning Blood","NeowsBlessing","Pen Nib","Potion Belt","Art of War","Regal Pillow","Coffee Dripper"],"potions_floor_usage":[8,13,16,20,20],"damage_taken":[{"damage":0,"enemies":"Cultist","floor":1,"turns":1},{"damage":0,"enemies":"Jaw Worm","floor":2,"turns":1},{"damage":0,"enemies":"Small Slimes","floor":5,"turns":1},{"damage":10,"enemies":"3 Sentries","floor":8,"turns":9},{"damage":32,"enemies":"Gremlin Nob","floor":13,"turns":4},{"damage":14,"enemies":"Exordium Wildlife","floor":14,"turns":4},{"damage":15,"enemies":"The Guardian","floor":16,"turns":16},{"damage":29,"enemies":"Shell Parasite","floor":18,"turns":4},{"damage":19,"enemies":"3 Byrds","floor":20,"turns":5},{"damage":22,"enemies":"Masked Bandits","floor":21,"turns":3}],"seed_played":"1845266451509678424","potions_obtained":[{"floor":1,"key":"PowerPotion"},{"floor":2,"key":"Strength Potion"},{"floor":8,"key":"Strength Potion"},{"floor":14,"key":"SpeedPotion"},{"floor":19,"key":"SkillPotion"},{"floor":19,"key":"Dexterity Potion"},{"floor":20,"key":"LiquidBronze"}],"is_trial":false,"path_per_floor":["M","M","$","T","M","R","?","E","T","?","$","R","E","M","R","B",null,"M","?","M","?"],"character_chosen":"IRONCLAD","items_purchased":["Evolve","Fiend Fire"],"campfire_rested":1,"item_purchase_floors":[3,11],"current_hp_per_floor":[74,75,75,75,75,75,68,64,64,41,41,41,15,7,44,35,65,42,42,29,7],"gold":221,"neow_bonus":"THREE_ENEMY_KILL","is_prod":false,"is_daily":false,"chose_seed":false,"campfire_upgraded":2,"win_rate":0,"timestamp":1552991676,"path_taken":["M","M","$","?","?","R","?","E","T","?","?","R","E","M","R","BOSS","M","?","?","?"],"build_version":"2019-01-23","purchased_purges":0,"victory":false,"max_hp_per_floor":[75,75,75,75,75,75,75,75,75,75,75,75,75,75,75,75,75,75,75,75,75],"card_choices":[{"not_picked":["Corruption","Havoc"],"picked":"Flame Barrier","floor":1},{"not_picked":["Intimidate","Dual Wield","Havoc"],"picked":"SKIP","floor":2},{"not_picked":["Pommel Strike","Shrug It Off"],"picked":"Armaments","floor":5},{"not_picked":["Sever Soul","Wild Strike","Pommel Strike"],"picked":"SKIP","floor":8},{"not_picked":["Havoc","Sword Boomerang"],"picked":"Entrench","floor":13},{"not_picked":["Metallicize","True Grit","Hemokinesis"],"picked":"SKIP","floor":14},{"not_picked":["Reaper","Berserk"],"picked":"Immolate","floor":16},{"not_picked":["Disarm","Armaments"],"picked":"Entrench","floor":18},{"not_picked":["Shrug It Off","Bloodletting"],"picked":"Power Through","floor":20}],"player_experience":2379407,"relics_obtained":[{"floor":4,"key":"Pen Nib"},{"floor":8,"key":"Potion Belt"},{"floor":9,"key":"Art of War"},{"floor":13,"key":"Regal Pillow"}],"event_choices":[{"cards_removed":["Strike_R"],"damage_healed":0,"gold_gain":0,"player_choice":"Card Removal","damage_taken":7,"max_hp_gain":0,"max_hp_loss":0,"event_name":"Golden Wing","floor":7,"gold_loss":0},{"damage_healed":0,"gold_gain":0,"player_choice":"Entered Light","damage_taken":23,"max_hp_gain":0,"max_hp_loss":0,"event_name":"Shining Light","floor":10,"gold_loss":0,"cards_upgraded":["Strike_R","Evolve"]},{"damage_healed":0,"gold_gain":0,"player_choice":"Got Potions","damage_taken":0,"max_hp_gain":0,"max_hp_loss":0,"event_name":"Lab","floor":19,"gold_loss":0},{"damage_healed":0,"gold_gain":0,"player_choice":"Fought Bandits","damage_taken":0,"max_hp_gain":0,"max_hp_loss":0,"event_name":"Masked Bandits","floor":21,"gold_loss":0}],"is_beta":false,"boss_relics":[{"not_picked":["Black Blood","Calling Bell"],"picked":"Coffee Dripper"}],"items_purged_floors":[],"is_endless":false,"potions_floor_spawned":[1,2,8,14,20],"killed_by":"Masked Bandits","ascension_level":20}