{"path_per_floor":["M","$","M","M","M","R","?","R","T","?","$","R","M","M","R","B",null,"M","M","?","?","?","R","E","R","T","R","M"],"character_chosen":"DEFECT","items_purchased":["Static Discharge"],"gold_per_floor":[109,109,121,133,148,148,148,148,148,148,34,34,48,62,62,160,160,174,184,109,109,109,109,134,134,164,164,174,174],"floor_reached":29,"campfire_rested":1,"playtime":1885,"current_hp_per_floor":[54,54,53,46,46,46,46,46,46,46,46,46,46,33,33,16,68,62,54,54,54,42,42,8,29,29,29,14,0],"items_purged":["Dualcast"],"gold":174,"score":233,"play_id":"2ca8c818-4d70-4e20-90ab-a55ce5560e4d","local_time":"20180430174515","is_prod":false,"is_daily":false,"chose_seed":false,"is_ascension_mode":false,"campfire_upgraded":6,"timestamp":1525081515,"path_taken":["M","$","M","M","M","R","?","R","T","?","$","R","M","?","R","BOSS","M","M","?","?","?","R","E","R","T","R","M","M"],"build_version":"2018-04-27v3","seed_source_timestamp":287359500129777,"purchased_purges":2,"victory":false,"master_deck":["Defend_B","Steam Power+1","Sweeping Beam","Stack","Storm","Chaos+1","Gash+1","Static Discharge+1","Fusion+1","Force Field+1","Glacier+1","Amplify+1","Hello World+1","Leap+1","Auto Shields+1","Buffer"],"max_hp_per_floor":[68,68,68,68,68,68,68,68,68,68,68,68,68,68,68,68,68,68,68,68,68,73,73,73,73,73,73,73,73],"relics":["Cracked Core","Toolbox","Prayer Wheel","Astrolabe","Darkstone Periapt","Tiny Chest"],"card_choices":[{"not_picked":["Undo","Cold Snap"],"picked":"Stack","floor":1},{"not_picked":["Go for the Eyes","Axe Kick"],"picked":"Storm","floor":3},{"not_picked":["Axe Kick","Sweeping Beam"],"picked":"Chaos","floor":4},{"not_picked":["Hologram","Beam Cell"],"picked":"Gash","floor":5},{"not_picked":["Seek","Prime"],"picked":"Fusion","floor":16},{"not_picked":["Barrage","Conserve Battery"],"picked":"Hello World","floor":19},{"not_picked":["Rebound","Static Discharge"],"picked":"Leap","floor":24},{"not_picked":["Impulse","Aggregate"],"picked":"Auto Shields","floor":26},{"not_picked":["Streamline","Blizzard"],"picked":"Buffer","floor":28}],"player_experience":297970,"potions_floor_usage":[14],"damage_taken":[{"damage":14,"enemies":"Small Slimes","floor":1,"turns":3},{"damage":1,"enemies":"Jaw Worm","floor":3,"turns":4},{"damage":7,"enemies":"2 Louse","floor":4,"turns":3},{"damage":0,"enemies":"Looter","floor":5,"turns":3},{"damage":0,"enemies":"Large Slime","floor":13,"turns":4},{"damage":13,"enemies":"Exordium Thugs","floor":14,"turns":3},{"damage":17,"enemies":"Hexaghost","floor":16,"turns":8},{"damage":6,"enemies":"3 Byrds","floor":18,"turns":3},{"damage":8,"enemies":"Chosen","floor":19,"turns":4},{"damage":34,"enemies":"Book of Stabbing","floor":24,"turns":6},{"damage":15,"enemies":"3 Cultists","floor":28,"turns":6},{"damage":15,"enemies":"Chosen and Byrds","floor":29,"turns":3}],"event_choices":[{"event_name":"Dead Adventurer","player_choice":"Searched \u00272\u0027 times","floor":7,"damage_taken":0},{"event_name":"Living Wall","player_choice":"Forget","floor":10,"damage_taken":0},{"event_name":"Beggar","player_choice":"Gave Gold","floor":20,"damage_taken":0},{"event_name":"Back to Basics","player_choice":"Elegance","floor":21,"damage_taken":0},{"event_name":"Forgotten Altar","player_choice":"Shed Blood","floor":22,"damage_taken":0}],"boss_relics":[{"not_picked":["Philosopher\u0027s Stone","Orrery"],"picked":"Astrolabe"}],"potions_floor_spawned":[3,13,16,18,28],"seed_played":"7156352074087261130","killed_by":"Chosen and Byrds","ascension_level":0,"is_trial":false}