{"path_per_floor":["M","M","T","?","$","R","M","$","T","E","R","E","R","M","R","B",null,"M","M","M","?","M","R","E","?","T","?","M","$","R","M","R","B",null,"M","M","M","?","M","E","R","M","T","?","M","$","M","?","R"],"character_chosen":"DEFECT","items_purchased":["Loop","Self Repair","Seek+1","Conserve Battery+1","Defragment","Hologram+1","Sweeping Beam+1"],"gold_per_floor":[110,120,120,70,37,37,51,11,11,37,37,69,69,89,89,191,191,202,220,235,235,254,254,280,280,280,280,300,60,60,71,71,167,167,179,192,211,211,226,254,254,267,267,267,284,9,20,20,20,20],"floor_reached":50,"campfire_rested":0,"playtime":3442,"item_purchase_floors":[5,8,29,29,46,46,46],"current_hp_per_floor":[68,68,78,78,78,78,78,78,78,68,68,65,65,69,69,61,79,44,47,50,50,39,39,29,29,29,29,32,32,32,44,44,30,71,64,57,53,42,44,33,33,57,57,57,53,53,62,62,62,0],"items_purged":["Defend_B+1","Self Repair+1"],"gold":20,"score":706,"play_id":"31969351-c880-4787-8830-fdef9ce6bf1f","local_time":"20180610204357","is_prod":false,"is_daily":false,"chose_seed":false,"is_ascension_mode":true,"campfire_upgraded":9,"win_rate":0,"timestamp":1528634637,"campfire_choices":[{"data":"Loop","floor":6,"key":"SMITH"},{"data":"Tempest","floor":11,"key":"SMITH"},{"data":"Ball Lightning","floor":13,"key":"SMITH"},{"data":"Conserve Battery","floor":15,"key":"SMITH"},{"data":"Thunder Strike","floor":23,"key":"SMITH"},{"data":"Self Repair","floor":30,"key":"SMITH"},{"data":"Dualcast","floor":32,"key":"SMITH"},{"data":"Core Surge","floor":41,"key":"SMITH"},{"data":"Defragment","floor":49,"key":"SMITH"}],"path_taken":["M","?","?","?","$","R","M","?","T","E","R","E","R","?","R","BOSS","M","M","M","?","M","R","E","?","T","?","M","$","R","M","R","BOSS","M","M","M","?","M","E","R","M","T","?","M","$","M","?","R","BOSS"],"build_version":"2018-06-08","seed_source_timestamp":1237637358750703,"purchased_purges":2,"victory":false,"master_deck":["Defend_B+1","Defend_B+1","Zap+1","Dualcast+1","Ball Lightning+1","Tempest+1","Conserve Battery+1","Hologram+1","Tempest+1","Thunder Strike+1","Conserve Battery+1","White Noise+1","Lockon+1","Seek+1","Conserve Battery+1","Core Surge+1","Reinforced Body+1","Undo+1","Meteor Strike+1","Madness+1","Madness+1","Defragment+1","Hologram+1","Sweeping Beam+1"],"max_hp_per_floor":[75,75,85,85,85,85,85,85,85,85,85,85,85,85,85,85,85,85,85,85,85,85,85,85,85,85,85,85,85,85,85,85,85,85,85,85,85,85,85,85,85,85,85,85,85,85,85,85,85,85],"relics":["Cracked Core","War Paint","Pear","Happy Flower","Ancient Tea Set","Toxic Egg 2","Sozu","Meat on the Bone","Blood Vial","Astrolabe","Vajra","Molten Egg 2"],"card_choices":[{"not_picked":["Hologram","Undo"],"picked":"Ball Lightning","floor":1},{"not_picked":["Cold Snap","Undo","Recycle"],"picked":"SKIP","floor":2},{"not_picked":["Steam Power","Loop"],"picked":"Tempest","floor":7},{"not_picked":["Steam","Turbo"],"picked":"Conserve Battery","floor":10},{"not_picked":["Aggregate","Coolheaded"],"picked":"Hologram","floor":12},{"not_picked":["Static Discharge","Darkness+1"],"picked":"Tempest+1","floor":14},{"not_picked":["Hyperbeam","Fission+1"],"picked":"Thunder Strike","floor":16},{"not_picked":["Cold Snap","Recycle+1","Steam Power+1"],"picked":"SKIP","floor":18},{"not_picked":["Darkness+1","Blizzard"],"picked":"Conserve Battery+1","floor":19},{"not_picked":["Darkness+1","BootSequence+1"],"picked":"White Noise+1","floor":20},{"not_picked":["Go for the Eyes","Compile Driver"],"picked":"Lockon+1","floor":22},{"not_picked":["Redo+1","Gash","Heatsinks+1"],"picked":"SKIP","floor":24},{"not_picked":["Cold Snap","Sunder","Stack+1"],"picked":"SKIP","floor":28},{"not_picked":["Turbo+1","Stack+1","Redo+1"],"picked":"SKIP","floor":31},{"not_picked":["Creative AI","Thunder Strike"],"picked":"Core Surge","floor":33},{"not_picked":["Steam+1","Streamline+1","Chill+1"],"picked":"SKIP","floor":35},{"not_picked":["Chill+1","Streamline+1","Rebound+1"],"picked":"SKIP","floor":36},{"not_picked":["Stack+1","Ball Lightning","Steam+1"],"picked":"SKIP","floor":37},{"not_picked":["Steam+1","Scrape+1","Chill+1"],"picked":"SKIP","floor":39},{"not_picked":["Core Surge","Melter","Static Discharge"],"picked":"SKIP","floor":40},{"not_picked":["Rebound+1","Coolheaded+1","Beam Cell+1"],"picked":"SKIP","floor":42},{"not_picked":["Static Discharge+1","Compile Driver+1","Go for the Eyes+1"],"picked":"SKIP","floor":45},{"not_picked":["Gash+1","Steam+1","Rebound+1"],"picked":"SKIP","floor":47}],"player_experience":416936,"potions_floor_usage":[22,31],"damage_taken":[{"damage":0,"enemies":"Cultist","floor":1,"turns":3},{"damage":0,"enemies":"2 Louse","floor":2,"turns":2},{"damage":0,"enemies":"Small Slimes","floor":7,"turns":2},{"damage":17,"enemies":"Lagavulin","floor":10,"turns":7},{"damage":10,"enemies":"3 Sentries","floor":12,"turns":5},{"damage":3,"enemies":"Gremlin Gang","floor":14,"turns":3},{"damage":15,"enemies":"The Guardian","floor":16,"turns":8},{"damage":42,"enemies":"3 Byrds","floor":18,"turns":4},{"damage":4,"enemies":"2 Thieves","floor":19,"turns":3},{"damage":4,"enemies":"Centurion and Healer","floor":20,"turns":6},{"damage":18,"enemies":"Snake Plant","floor":22,"turns":4},{"damage":17,"enemies":"Gremlin Leader","floor":24,"turns":6},{"damage":18,"enemies":"Slaver and Parasite","floor":28,"turns":5},{"damage":12,"enemies":"3 Cultists","floor":31,"turns":4},{"damage":55,"enemies":"Champ","floor":33,"turns":7},{"damage":9,"enemies":"3 Shapes","floor":35,"turns":2},{"damage":19,"enemies":"3 Darklings","floor":36,"turns":6},{"damage":16,"enemies":"Sphere and 2 Shapes","floor":37,"turns":4},{"damage":0,"enemies":"Spire Growth","floor":39,"turns":2},{"damage":35,"enemies":"Nemesis","floor":40,"turns":9},{"damage":0,"enemies":"Maw","floor":42,"turns":4},{"damage":16,"enemies":"Transient","floor":45,"turns":5},{"damage":0,"enemies":"Flame Bruiser 2 Orb","floor":47,"turns":4},{"damage":68,"enemies":"Awakened One","floor":50,"turns":5}],"relics_obtained":[{"floor":3,"key":"Pear"},{"floor":9,"key":"Happy Flower"},{"floor":10,"key":"Ancient Tea Set"},{"floor":12,"key":"Toxic Egg 2"},{"floor":24,"key":"Meat on the Bone"},{"floor":26,"key":"Blood Vial"},{"floor":40,"key":"Vajra"},{"floor":43,"key":"Molten Egg 2"}],"event_choices":[{"event_name":"The Cleric","player_choice":"Card Removal","floor":4,"damage_taken":0},{"event_name":"Back to Basics","player_choice":"Simplicity","floor":21,"damage_taken":0},{"event_name":"Bonfire Elementals","player_choice":"BASIC","floor":25,"damage_taken":0},{"event_name":"Vampires","player_choice":"Ignored","floor":27,"damage_taken":0},{"event_name":"Winding Halls","player_choice":"Embrace Madness","floor":38,"damage_taken":0},{"event_name":"Tomb of Lord Red Mask","player_choice":"Ignored","floor":44,"damage_taken":0},{"event_name":"Falling","player_choice":"Removed Power","floor":48,"damage_taken":0}],"boss_relics":[{"not_picked":["Lizard Tail","Cursed Key"],"picked":"Sozu"},{"not_picked":["Black Star","Velvet Choker"],"picked":"Astrolabe"}],"items_purged_floors":[29,46],"potions_floor_spawned":[12,14,16,18,20,33,35,37,42,45,47],"seed_played":"6048703631601749419","killed_by":"Awakened One","ascension_level":8,"potions_obtained":[{"floor":12,"key":"FairyPotion"},{"floor":14,"key":"Block Potion"},{"floor":16,"key":"Swift Potion"}],"is_trial":false}