{"path_per_floor":["M","?","M","M","M","R","E","M","T","M","R","$","R","?","R"],"character_chosen":"THE_SILENT","items_purchased":["Noxious Fumes"],"gold_per_floor":[110,110,125,144,99,99,133,147,147,158,158,7,7,37,37,37],"floor_reached":16,"campfire_rested":0,"playtime":541,"item_purchase_floors":[12],"current_hp_per_floor":[61,61,59,59,53,53,25,22,22,14,14,14,14,14,14,0],"items_purged":["Doubt"],"gold":37,"score":150,"play_id":"00b4acbb-d9c3-425b-aa9f-49fdbbda4d4f","local_time":"20180610233653","is_prod":false,"is_daily":false,"chose_seed":false,"is_ascension_mode":true,"campfire_upgraded":4,"win_rate":0,"timestamp":1528645013,"campfire_choices":[{"data":"Predator","floor":6,"key":"SMITH"},{"data":"Dagger Spray","floor":11,"key":"SMITH"},{"data":"Noxious Fumes","floor":13,"key":"SMITH"},{"data":"Neutralize","floor":15,"key":"SMITH"}],"path_taken":["M","?","?","M","M","R","E","M","T","M","R","$","R","?","R","BOSS"],"build_version":"2018-06-08","seed_source_timestamp":1250916501287112,"purchased_purges":1,"victory":false,"master_deck":["Defend_G","Defend_G","Defend_G","Defend_G","Defend_G","Strike_G","Strike_G","Strike_G","Strike_G","Survivor","Neutralize+1","AscendersBane","Catalyst","Blur","Predator+1","Terror","Dagger Spray+1","Noxious Fumes+1"],"max_hp_per_floor":[70,70,70,70,70,70,70,70,70,70,70,70,70,70,70,70],"relics":["Cursed Key","Orichalcum","Juzu Bracelet"],"card_choices":[{"not_picked":["Dodge and Roll","Acrobatics"],"picked":"Catalyst","floor":1},{"not_picked":["Slice","Acrobatics"],"picked":"Blur","floor":3},{"not_picked":["Setup","Slice","Distraction"],"picked":"SKIP","floor":4},{"not_picked":["Underhanded Strike","Blur"],"picked":"Predator","floor":5},{"not_picked":["Underhanded Strike","Cloak And Dagger"],"picked":"Terror","floor":7},{"not_picked":["Dodge and Roll","Outmaneuver","Flying Knee"],"picked":"SKIP","floor":8},{"not_picked":["Choke","Escape Plan"],"picked":"Dagger Spray","floor":10}],"player_experience":420378,"potions_floor_usage":[],"damage_taken":[{"damage":2,"enemies":"Jaw Worm","floor":1,"turns":4},{"damage":2,"enemies":"Small Slimes","floor":3,"turns":5},{"damage":0,"enemies":"Cultist","floor":4,"turns":6},{"damage":6,"enemies":"Looter","floor":5,"turns":5},{"damage":28,"enemies":"Lagavulin","floor":7,"turns":9},{"damage":3,"enemies":"Large Slime","floor":8,"turns":5},{"damage":8,"enemies":"Exordium Wildlife","floor":10,"turns":5},{"damage":14,"enemies":"The Guardian","floor":16,"turns":4}],"relics_obtained":[{"floor":7,"key":"Orichalcum"},{"floor":9,"key":"Juzu Bracelet"}],"event_choices":[{"event_name":"Living Wall","player_choice":"Forget","floor":2,"damage_taken":0},{"event_name":"Dead Adventurer","player_choice":"Searched \u00272\u0027 times","floor":14,"damage_taken":0}],"boss_relics":[],"items_purged_floors":[12],"potions_floor_spawned":[3,4],"seed_played":"-1927030536918631696","killed_by":"The Guardian","ascension_level":10,"potions_obtained":[{"floor":3,"key":"Dexterity Potion"},{"floor":4,"key":"Dexterity Potion"}],"is_trial":false}