{"gold_per_floor":[115,115,115,26,26,26,70,70,70,94,129,144,169,209,209,209],"floor_reached":16,"playtime":495,"items_purged":[],"score":286,"play_id":"bc28b351-60c4-45dc-82a8-40675d30ad1b","local_time":"20190328182818","is_ascension_mode":true,"campfire_choices":[{"data":"Discovery","floor":6,"key":"SMITH"},{"data":"Bash","floor":8,"key":"SMITH"},{"data":"Whirlwind","floor":15,"key":"SMITH"}],"neow_cost":"NONE","seed_source_timestamp":1247350261900,"circlet_count":0,"master_deck":["AscendersBane","Strike_R","Strike_R","Strike_R","Strike_R","Defend_R","Defend_R","Defend_R","Defend_R","Bash+1","True Grit","Discovery+1","Power Through","Dropkick","Whirlwind+1"],"relics":["Burning Blood","NeowsBlessing","Golden Idol","Art of War","Shovel","Bag of Marbles","Pear"],"potions_floor_usage":[14,14,16],"damage_taken":[{"damage":0,"enemies":"Small Slimes","floor":1,"turns":1},{"damage":0,"enemies":"Gremlin Nob","floor":7,"turns":1},{"damage":0,"enemies":"2 Louse","floor":10,"turns":1},{"damage":34,"enemies":"Lagavulin","floor":11,"turns":9},{"damage":0,"enemies":"Cultist","floor":12,"turns":2},{"damage":1,"enemies":"2 Fungi Beasts","floor":13,"turns":3},{"damage":29,"enemies":"3 Sentries","floor":14,"turns":6},{"damage":0,"enemies":"Slime Boss","floor":16,"turns":3}],"seed_played":"-2262464628828317080","potions_obtained":[{"floor":5,"key":"Block Potion"},{"floor":5,"key":"SneckoOil"},{"floor":7,"key":"EssenceOfSteel"},{"floor":14,"key":"Weak Potion"}],"is_trial":false,"path_per_floor":["M","?","?","$","?","R","E","R","T","M","E","M","M","E","R","B"],"character_chosen":"IRONCLAD","items_purchased":["Discovery"],"campfire_rested":0,"item_purchase_floors":[4],"current_hp_per_floor":[74,67,41,41,41,41,47,47,47,53,25,31,36,23,23,23],"gold":209,"neow_bonus":"THREE_ENEMY_KILL","is_prod":false,"is_daily":false,"chose_seed":false,"campfire_upgraded":3,"win_rate":0,"timestamp":1553765298,"path_taken":["M","?","?","$","?","R","E","R","T","M","E","?","M","E","R","BOSS"],"build_version":"2019-01-23","purchased_purges":0,"victory":false,"max_hp_per_floor":[75,75,75,75,75,75,75,75,75,75,75,75,75,85,85,85],"card_choices":[{"not_picked":["Clothesline","Hemokinesis"],"picked":"True Grit","floor":1},{"not_picked":["Havoc","Perfected Strike"],"picked":"Power Through","floor":7},{"not_picked":["Headbutt","Iron Wave"],"picked":"Dropkick","floor":10},{"not_picked":["Disarm","Thunderclap"],"picked":"Whirlwind","floor":11},{"not_picked":["Disarm","Body Slam","Iron Wave"],"picked":"SKIP","floor":12},{"not_picked":["Sentinel","Anger","Bludgeon"],"picked":"SKIP","floor":13},{"not_picked":["Body Slam","Headbutt","Heavy Blade"],"picked":"SKIP","floor":14}],"player_experience":2680041,"relics_obtained":[{"floor":7,"key":"Art of War"},{"floor":9,"key":"Shovel"},{"floor":11,"key":"Bag of Marbles"},{"floor":14,"key":"Pear"}],"event_choices":[{"cards_removed":["Strike_R"],"damage_healed":0,"gold_gain":0,"player_choice":"Card Removal","damage_taken":7,"max_hp_gain":0,"max_hp_loss":0,"event_name":"Golden Wing","floor":2,"gold_loss":0},{"damage_healed":0,"gold_gain":0,"player_choice":"Take Damage","damage_taken":26,"relics_obtained":["Golden Idol"],"max_hp_gain":0,"max_hp_loss":0,"event_name":"Golden Idol","floor":3,"gold_loss":0},{"damage_healed":0,"gold_gain":0,"player_choice":"Got Potions","damage_taken":0,"max_hp_gain":0,"max_hp_loss":0,"event_name":"Lab","floor":5,"gold_loss":0}],"is_beta":false,"boss_relics":[],"items_purged_floors":[],"is_endless":false,"potions_floor_spawned":[7,10,13,14],"killed_by":"Slime Boss","ascension_level":20}