{"gold_per_floor":[115,130,80,80,80,80,114,130,130,150,150,193,13,13,13,136,136,160,160,193,223,334,390,402,445,508,544,571,599,611,23,23,146,146,167,167,167,187,17,17,36,36,62,75,100,1,1,26,26,26],"floor_reached":51,"playtime":3607,"items_purged":["Masterful Stab"],"score":884,"play_id":"fdf2c98c-ff25-4c75-874a-b3225306503f","local_time":"20190420213609","is_ascension_mode":true,"campfire_choices":[{"data":"Dash","floor":6.0,"key":"SMITH"},{"floor":15.0,"key":"REST"},{"floor":24.0,"key":"REST"},{"floor":30.0,"key":"REST"},{"floor":32.0,"key":"REST"},{"data":"After Image","floor":40.0,"key":"SMITH"},{"floor":47.0,"key":"REST"},{"data":"Glass Knife","floor":49.0,"key":"SMITH"}],"neow_cost":"NONE","seed_source_timestamp":0,"circlet_count":0,"master_deck":["Defend_G","Defend_G","Defend_G","Defend_G+1","Defend_G+1","Strike_G","Strike_G","Survivor","Neutralize","Blade Dance","Dash+1","Deflect","Bouncing Flask","Deflect+1","Injury","Crippling Poison+1","Apotheosis+1","Glass Knife+1","Deadly Poison+1","Crippling Poison+1","Flying Knee+1","Outmaneuver+1","Die Die Die","Catalyst+1","Noxious Fumes","PiercingWail+1","Enlightenment+1","After Image+1","Backflip+1","Acrobatics+1","Dodge and Roll+1","Terror+1","Backflip+1","Blur+1","Flying Knee","Acrobatics+1"],"special_seed":0,"relics":["Ring of the Snake","NeowsBlessing","Blood Vial","Toxic Egg 2","Odd Mushroom","Golden Idol","Blue Candle","Omamori","Sozu","MawBank","Bottled Lightning","Ancient Tea Set","PreservedInsect","Pen Nib","Boot","Eternal Feather","Oddly Smooth Stone","War Paint"],"potions_floor_usage":[],"damage_taken":[{"damage":0.0,"enemies":"Cultist","floor":1.0,"turns":1.0},{"damage":0.0,"enemies":"Jaw Worm","floor":2.0,"turns":1.0},{"damage":0.0,"enemies":"Gremlin Nob","floor":7.0,"turns":1.0},{"damage":0.0,"enemies":"2 Louse","floor":8.0,"turns":2.0},{"damage":10.0,"enemies":"The Mushroom Lair","floor":10.0,"turns":5.0},{"damage":54.0,"enemies":"3 Sentries","floor":12.0,"turns":18.0},{"damage":2.0,"enemies":"The Guardian","floor":16.0,"turns":8.0},{"damage":6.0,"enemies":"Chosen","floor":18.0,"turns":5.0},{"damage":6.0,"enemies":"Spheric Guardian","floor":20.0,"turns":4.0},{"damage":3.0,"enemies":"Centurion and Healer","floor":21.0,"turns":6.0},{"damage":4.0,"enemies":"Gremlin Leader","floor":23.0,"turns":6.0},{"damage":27.0,"enemies":"Book of Stabbing","floor":25.0,"turns":6.0},{"damage":13.0,"enemies":"Shelled Parasite and Fungi","floor":27.0,"turns":5.0},{"damage":1.0,"enemies":"Snecko","floor":28.0,"turns":3.0},{"damage":27.0,"enemies":"Snake Plant","floor":29.0,"turns":3.0},{"damage":8.0,"enemies":"Champ","floor":33.0,"turns":7.0},{"damage":12.0,"enemies":"Orb Walker","floor":35.0,"turns":4.0},{"damage":2.0,"enemies":"3 Shapes","floor":38.0,"turns":6.0},{"damage":16.0,"enemies":"Jaw Worm Horde","floor":41.0,"turns":4.0},{"damage":13.0,"enemies":"4 Shapes","floor":44.0,"turns":3.0},{"damage":2.0,"enemies":"3 Darklings","floor":45.0,"turns":3.0},{"damage":10.0,"enemies":"Jaw Worm Horde","floor":48.0,"turns":3.0},{"damage":52,"enemies":"Donu and Deca","floor":50,"turns":12}],"seed_played":"7828821547964530085","potions_obtained":[{"floor":7.0,"key":"GhostInAJar"},{"floor":10.0,"key":"Dexterity Potion"},{"floor":12.0,"key":"PowerPotion"},{"floor":16.0,"key":"Explosive Potion"}],"is_trial":false,"path_per_floor":["M","M","?","?","?","R","E","M","T","?","?","E","$","T","R","B",null,"M","?","M","M","?","E","R","E","T","M","M","M","R","$","R","B",null,"M","?","?","M","$","R","M","?","T","M","M","$","R","M","R","B",null],"character_chosen":"THE_SILENT","items_purchased":["Apotheosis+1","Noxious Fumes","PiercingWail+1","Pen Nib","Enlightenment+1","Boot","Oddly Smooth Stone","Dodge and Roll+1","Blur+1","Flying Knee"],"campfire_rested":5,"item_purchase_floors":[13,31,31,31,31,31,39,39,46,46],"current_hp_per_floor":[70,70,70,63,63,63,63,65,65,57,57,5,5,5,26,26,70,64,64,60,59,59,57,70,43,43,32,33,8,29,29,50,44,70,58,58,70,68,68,70,54,54,54,43,43,43,70,60,70,18],"gold":26,"neow_bonus":"THREE_ENEMY_KILL","is_prod":false,"is_daily":false,"chose_seed":false,"campfire_upgraded":3,"win_rate":0,"timestamp":1555763769,"path_taken":["M","M","?","?","?","R","E","M","T","?","?","E","$","?","R","BOSS","M","?","M","M","?","E","R","E","T","M","M","M","R","$","R","BOSS","M","?","?","M","$","R","M","?","T","M","M","?","R","M","R","BOSS"],"build_version":"2019-01-23","purchased_purges":1,"victory":true,"max_hp_per_floor":[70,70,70,70,70,70,70,70,70,70,70,70,70,70,70,70,70,70,70,70,70,70,70,70,70,70,70,70,70,70,70,70,70,70,70,70,70,70,70,70,70,70,70,70,70,70,70,70,70,70],"card_choices":[{"not_picked":["Deflect","Heel Hook"],"picked":"Blade Dance","floor":1.0},{"not_picked":["Dagger Throw","Blade Dance"],"picked":"Dash","floor":2.0},{"not_picked":["Choke","All Out Attack"],"picked":"Deflect","floor":7.0},{"not_picked":["Outmaneuver","Tactician"],"picked":"Bouncing Flask","floor":8.0},{"not_picked":["Slice","Masterful Stab"],"picked":"Deflect+1","floor":10.0},{"not_picked":["Predator","Quick Slash"],"picked":"Crippling Poison+1","floor":12.0},{"not_picked":["Unload","Wraith Form v2"],"picked":"Glass Knife","floor":16.0},{"not_picked":["Poisoned Stab","Blade Dance+1"],"picked":"Deadly Poison+1","floor":18.0},{"not_picked":["Flechettes","Tactician+1"],"picked":"Crippling Poison+1","floor":20.0},{"not_picked":["Sucker Punch","Poisoned Stab"],"picked":"Flying Knee+1","floor":21.0},{"not_picked":["Endless Agony","Quick Slash"],"picked":"Outmaneuver+1","floor":23.0},{"not_picked":["Flying Knee","Prepared+1"],"picked":"Die Die Die","floor":25.0},{"not_picked":["Bane","Dodge and Roll+1"],"picked":"Catalyst+1","floor":27.0},{"not_picked":["Finisher","Dagger Spray+1"],"picked":"Masterful Stab","floor":28.0},{"not_picked":["Dagger Throw","Backstab"],"picked":"Cloak And Dagger+1","floor":29.0},{"not_picked":["Unload","Adrenaline+1"],"picked":"After Image","floor":33.0},{"not_picked":["Predator+1","Choke"],"picked":"Backflip+1","floor":35.0},{"not_picked":["Bane","Dodge and Roll+1"],"picked":"Acrobatics+1","floor":38.0},{"not_picked":["Distraction+1","Slice+1","Quick Slash+1"],"picked":"SKIP","floor":41.0},{"not_picked":["Blade Dance+1","Acrobatics+1"],"picked":"Terror+1","floor":44.0},{"not_picked":["Prepared+1","Outmaneuver+1"],"picked":"Backflip+1","floor":45.0},{"not_picked":["Cloak And Dagger+1","Noxious Fumes+1"],"picked":"Acrobatics+1","floor":48.0}],"player_experience":314350,"relics_obtained":[{"floor":7.0,"key":"Blood Vial"},{"floor":9.0,"key":"Toxic Egg 2"},{"floor":10.0,"key":"Odd Mushroom"},{"floor":12.0,"key":"Blue Candle"},{"floor":14.0,"key":"Omamori"},{"floor":23.0,"key":"Bottled Lightning"},{"floor":25.0,"key":"Ancient Tea Set"},{"floor":26.0,"key":"PreservedInsect"},{"floor":43.0,"key":"War Paint"}],"event_choices":[{"cards_removed":["Strike_G"],"damage_healed":0.0,"max_hp_gain":0.0,"max_hp_loss":0.0,"gold_gain":0.0,"event_name":"The Cleric","player_choice":"Card Removal","floor":3.0,"gold_loss":50.0,"damage_taken":0.0},{"cards_removed":["Strike_G"],"damage_healed":0.0,"max_hp_gain":0.0,"max_hp_loss":0.0,"gold_gain":0.0,"event_name":"Golden Wing","player_choice":"Card Removal","floor":4.0,"gold_loss":0.0,"damage_taken":7.0},{"cards_removed":["Strike_G"],"damage_healed":0.0,"max_hp_gain":0.0,"max_hp_loss":0.0,"gold_gain":0.0,"event_name":"Living Wall","player_choice":"Forget","floor":5.0,"gold_loss":0.0,"damage_taken":0.0},{"damage_healed":0.0,"max_hp_gain":0.0,"max_hp_loss":0.0,"gold_gain":0.0,"event_name":"Mushrooms","player_choice":"Fought Mushrooms","floor":10.0,"gold_loss":0.0,"damage_taken":0.0},{"damage_healed":0.0,"max_hp_gain":0.0,"max_hp_loss":0.0,"gold_gain":0.0,"event_name":"Golden Idol","player_choice":"Take Wound","floor":11.0,"gold_loss":0.0,"damage_taken":0.0,"relics_obtained":["Golden Idol"],"cards_obtained":["Injury"]},{"damage_healed":0.0,"max_hp_gain":0.0,"max_hp_loss":0.0,"gold_gain":0.0,"event_name":"The Mausoleum","player_choice":"Opened","floor":19.0,"gold_loss":0.0,"damage_taken":0.0,"relics_obtained":["MawBank"],"cards_obtained":["Writhe"]},{"damage_healed":0.0,"max_hp_gain":0.0,"max_hp_loss":0.0,"gold_gain":99.0,"event_name":"Nest","player_choice":"Stole From Cult","floor":22.0,"gold_loss":0.0,"damage_taken":0.0},{"damage_healed":0.0,"max_hp_gain":0.0,"max_hp_loss":0.0,"gold_gain":0.0,"event_name":"Mysterious Sphere","player_choice":"Ignored","floor":36.0,"gold_loss":0.0,"damage_taken":0.0},{"damage_healed":18.0,"max_hp_gain":0.0,"max_hp_loss":0.0,"gold_gain":0.0,"event_name":"Winding Halls","player_choice":"Writhe","floor":37.0,"gold_loss":0.0,"damage_taken":0.0,"cards_obtained":["Writhe"]},{"cards_removed":["Cloak And Dagger"],"damage_healed":0.0,"max_hp_gain":0.0,"max_hp_loss":0.0,"gold_gain":0.0,"event_name":"Falling","player_choice":"Removed Skill","floor":42.0,"gold_loss":0.0,"damage_taken":0.0}],"is_beta":false,"boss_relics":[{"not_picked":["Coffee Dripper","Orrery"],"picked":"Sozu"},{"not_picked":["Philosopher\u0027s Stone","White Beast Statue"],"picked":"Eternal Feather"}],"items_purged_floors":[31],"is_endless":false,"potions_floor_spawned":[7,10,12,16,21,23,25,33,38,41,44,45],"ascension_level":4}