{"gold_per_floor":[117,117,127,127,142,175,175,185,185,201,201],"floor_reached":11,"playtime":218,"items_purged":[],"score":150,"play_id":"353a5e21-d31b-4913-b50f-3cf05b18f990","local_time":"20190315134808","is_ascension_mode":true,"campfire_choices":[{"data":"Bash","floor":7,"key":"SMITH"}],"neow_cost":"NONE","seed_source_timestamp":99897394368200,"circlet_count":0,"master_deck":["AscendersBane","Strike_R","Strike_R","Strike_R","Strike_R","Defend_R","Defend_R","Defend_R","Defend_R","Bash+1","Power Through","Sword Boomerang","Spot Weakness"],"relics":["Burning Blood","NeowsBlessing","Pen Nib","PreservedInsect"],"potions_floor_usage":[6,10],"damage_taken":[{"damage":0,"enemies":"Cultist","floor":1,"turns":1},{"damage":0,"enemies":"2 Louse","floor":3,"turns":2},{"damage":0,"enemies":"Jaw Worm","floor":5,"turns":1},{"damage":56,"enemies":"Gremlin Nob","floor":6,"turns":6},{"damage":12,"enemies":"3 Louse","floor":8,"turns":4},{"damage":7,"enemies":"2 Fungi Beasts","floor":10,"turns":3}],"seed_played":"8875699788157859338","potions_obtained":[{"floor":1,"key":"Energy Potion"},{"floor":6,"key":"Energy Potion"}],"is_trial":false,"path_per_floor":["M","?","M","?","M","E","R","M","T","M","?"],"character_chosen":"IRONCLAD","items_purchased":[],"campfire_rested":0,"item_purchase_floors":[],"current_hp_per_floor":[74,74,75,75,75,25,25,19,19,18,18],"gold":201,"neow_bonus":"THREE_ENEMY_KILL","is_prod":false,"is_daily":false,"chose_seed":false,"campfire_upgraded":1,"win_rate":0,"timestamp":1552625288,"path_taken":["M","?","M","?","M","E","R","M","T","?","?"],"build_version":"2019-01-23","purchased_purges":0,"victory":false,"max_hp_per_floor":[75,75,75,75,75,75,75,75,75,75,75],"card_choices":[{"not_picked":["Dropkick","Dual Wield"],"picked":"Power Through","floor":1},{"not_picked":["Havoc","Sword Boomerang","Armaments"],"picked":"SKIP","floor":3},{"not_picked":["Clash","Bloodletting","Clothesline"],"picked":"SKIP","floor":5},{"not_picked":["Bloodletting","Heavy Blade","Anger"],"picked":"SKIP","floor":6},{"not_picked":["Havoc","Metallicize","Body Slam"],"picked":"SKIP","floor":8},{"not_picked":["Anger","Cleave"],"picked":"Spot Weakness","floor":10}],"player_experience":2285056,"relics_obtained":[{"floor":6,"key":"Pen Nib"},{"floor":9,"key":"PreservedInsect"}],"event_choices":[{"damage_healed":0,"gold_gain":0,"player_choice":"Ignored","damage_taken":0,"max_hp_gain":0,"max_hp_loss":0,"event_name":"Liars Game","floor":2,"gold_loss":0},{"damage_healed":0,"gold_gain":0,"cards_transformed":["Strike_R"],"player_choice":"Transformed","damage_taken":0,"max_hp_gain":0,"max_hp_loss":0,"event_name":"Transmorgrifier","floor":4,"gold_loss":0,"cards_obtained":["Sword Boomerang"]}],"is_beta":false,"boss_relics":[],"items_purged_floors":[],"is_endless":false,"potions_floor_spawned":[1,6],"ascension_level":20}