{"gold_per_floor":[115,132,145,155,167,167,199,199,254,264,264,264,284,310,310,386,386,404,421,471,130,148,173,173,199,226,240,64,64],"floor_reached":29,"playtime":2045,"items_purged":["Strike_B"],"score":589,"play_id":"8aa4d14d-13ea-4f0d-92b7-1c37f412c443","local_time":"20190118013954","is_ascension_mode":true,"campfire_choices":[{"data":"Rip and Tear","floor":6,"key":"SMITH"},{"floor":8,"key":"REST"},{"data":"Defragment","floor":12,"key":"SMITH"},{"floor":15,"key":"REST"},{"floor":24,"key":"REST"}],"neow_cost":"NONE","seed_source_timestamp":1055426846168220,"circlet_count":0,"master_deck":["AscendersBane","Strike_B","Strike_B","Strike_B","Defend_B","Defend_B","Defend_B","Defend_B","Zap","Dualcast","Echo Form","Gash","Defragment+1","Genetic Algorithm","Rip and Tear+1","Cold Snap","Seek","Gash","Electrodynamics","Ball Lightning","Coolheaded","Chill","FTL","BootSequence","Glacier","Capacitor","Blizzard","Hologram"],"relics":["Cracked Core","Blue Candle","Art of War","GremlinMask","Mercury Hourglass","Sozu","Medical Kit","Lantern","Du-Vu Doll","Orichalcum"],"potions_floor_usage":[7,13,14,16],"damage_taken":[{"damage":2,"enemies":"Cultist","floor":1,"turns":4},{"damage":7,"enemies":"Jaw Worm","floor":2,"turns":3},{"damage":8,"enemies":"2 Louse","floor":3,"turns":2},{"damage":7,"enemies":"Red Slaver","floor":4,"turns":4},{"damage":21,"enemies":"3 Louse","floor":5,"turns":3},{"damage":12,"enemies":"3 Sentries","floor":7,"turns":4},{"damage":11,"enemies":"Exordium Wildlife","floor":10,"turns":3},{"damage":2,"enemies":"2 Fungi Beasts","floor":13,"turns":4},{"damage":8,"enemies":"Gremlin Nob","floor":14,"turns":5},{"damage":16,"enemies":"Hexaghost","floor":16,"turns":9},{"damage":12,"enemies":"3 Byrds","floor":18,"turns":2},{"damage":13,"enemies":"Shell Parasite","floor":19,"turns":4},{"damage":8,"enemies":"Snecko","floor":22,"turns":5},{"damage":15,"enemies":"Slavers","floor":23,"turns":4},{"damage":0,"enemies":"Gremlin Leader","floor":25,"turns":6},{"damage":14,"enemies":"Shelled Parasite and Fungi","floor":27,"turns":5},{"damage":16,"enemies":"Book of Stabbing","floor":29,"turns":5}],"seed_played":"2412060027250645069","potions_obtained":[{"floor":1,"key":"AttackPotion"},{"floor":7,"key":"LiquidBronze"},{"floor":10,"key":"Swift Potion"},{"floor":13,"key":"EssenceOfSteel"},{"floor":14,"key":"Fire Potion"}],"is_trial":false,"path_per_floor":["M","M","M","M","M","R","E","R","T","M","?","R","M","E","R","B",null,"M","M","?","$","M","E","R","E","T","M","$","E"],"character_chosen":"DEFECT","items_purchased":["Medical Kit","Coolheaded","Capacitor","Blizzard","Hologram"],"campfire_rested":3,"item_purchase_floors":[21,21,28,28,28],"current_hp_per_floor":[62,55,47,40,19,19,7,28,28,17,17,17,15,7,28,12,56,44,31,31,31,23,8,29,29,29,15,15,0],"gold":64,"neow_bonus":"ONE_RANDOM_RARE_CARD","is_prod":false,"is_daily":false,"chose_seed":false,"campfire_upgraded":2,"win_rate":0,"timestamp":1547746794,"path_taken":["M","M","M","?","M","R","E","R","T","M","?","R","M","E","R","BOSS","M","M","?","$","M","E","R","E","T","M","$","E"],"build_version":"2019-01-16","purchased_purges":1,"victory":false,"max_hp_per_floor":[71,71,71,71,71,71,71,71,71,71,71,71,71,71,71,71,71,71,71,71,71,71,71,71,71,71,71,71,71],"card_choices":[{"not_picked":["Static Discharge","Redo"],"picked":"Gash","floor":1},{"not_picked":["Stack","Barrage"],"picked":"Defragment","floor":2},{"not_picked":["Double Energy","Conserve Battery"],"picked":"Genetic Algorithm","floor":3},{"not_picked":["Auto Shields","Hologram"],"picked":"Rip and Tear","floor":4},{"not_picked":["Compile Driver","Turbo"],"picked":"Cold Snap","floor":5},{"not_picked":["Chaos","Steam"],"picked":"Seek","floor":7},{"not_picked":["Recycle","Fusion","Consume"],"picked":"SKIP","floor":10},{"not_picked":["Coolheaded","Turbo"],"picked":"Gash","floor":13},{"not_picked":["Skim","Sweeping Beam","Force Field"],"picked":"SKIP","floor":14},{"not_picked":["Hyperbeam","Amplify"],"picked":"Electrodynamics","floor":16},{"not_picked":["Barrage","Steam Power","Doom and Gloom"],"picked":"SKIP","floor":18},{"not_picked":["Rebound","Compile Driver"],"picked":"Ball Lightning","floor":19},{"not_picked":["Darkness","White Noise"],"picked":"Chill","floor":22},{"not_picked":["Sweeping Beam","Ball Lightning+1"],"picked":"FTL","floor":23},{"not_picked":["Steam","FTL"],"picked":"BootSequence","floor":25},{"not_picked":["Force Field","Tempest"],"picked":"Glacier","floor":27}],"player_experience":717093,"relics_obtained":[{"floor":7,"key":"Blue Candle"},{"floor":9,"key":"Art of War"},{"floor":14,"key":"Mercury Hourglass"},{"floor":23,"key":"Lantern"},{"floor":25,"key":"Du-Vu Doll"},{"floor":26,"key":"Orichalcum"}],"event_choices":[{"damage_healed":0,"gold_gain":0,"player_choice":"Trade","damage_taken":0,"relics_obtained":["GremlinMask"],"max_hp_gain":0,"max_hp_loss":0,"event_name":"FaceTrader","floor":11,"gold_loss":0},{"damage_healed":0,"gold_gain":50,"player_choice":"Stole From Cult","damage_taken":0,"max_hp_gain":0,"max_hp_loss":0,"event_name":"Nest","floor":20,"gold_loss":0}],"is_beta":true,"boss_relics":[{"not_picked":["FrozenCore","Velvet Choker"],"picked":"Sozu"}],"items_purged_floors":[21],"is_endless":false,"potions_floor_spawned":[1,7,10,13,14,18,22,27],"killed_by":"Book of Stabbing","ascension_level":19}