{"path_per_floor":["M","M","?","$","M","R","M","M","T","M","E","M","R","E","R","B",null,"M","$","M","?","M","E","M"],"character_chosen":"IRONCLAD","items_purchased":["Girya","Metallicize"],"gold_per_floor":[368,385,385,2,15,15,33,51,51,63,88,98,98,128,128,231,231,247,172,191,191,209,244,261,261],"floor_reached":25,"campfire_rested":0,"playtime":1545,"item_purchase_floors":[4,4],"current_hp_per_floor":[67,66,66,66,60,60,61,64,64,62,68,65,65,53,53,32,62,45,45,43,43,45,32,23,0],"items_purged":["Defend_R"],"gold":261,"score":356,"play_id":"73bfd6c6-b49a-4cfa-a78e-a752c74261b2","local_time":"20180608214043","is_prod":false,"is_daily":false,"chose_seed":false,"is_ascension_mode":true,"campfire_upgraded":0,"win_rate":0,"timestamp":1528465243,"campfire_choices":[{"data":"1","floor":6,"key":"LIFT"},{"data":"2","floor":13,"key":"LIFT"},{"data":"3","floor":15,"key":"LIFT"}],"path_taken":["M","M","?","$","M","R","M","M","T","M","E","M","R","E","R","BOSS","M","$","M","?","M","E","M","E"],"build_version":"2018-06-07v2","seed_source_timestamp":1070140422727445,"purchased_purges":1,"victory":false,"master_deck":["Strike_R","Strike_R","Strike_R","Strike_R","Strike_R","Defend_R","Defend_R","Bash","AscendersBane","Clash+1","Metallicize","Pummel","Heavy Blade","Metallicize","Offering","Clash","Iron Wave+1"],"max_hp_per_floor":[72,72,72,72,72,72,72,72,72,72,72,72,72,72,72,72,72,72,72,72,72,72,79,79,79],"relics":["Burning Blood","Girya","Bottled Flame","Self Forming Clay","Bottled Lightning","Black Star","Strawberry","Regal Pillow"],"card_choices":[{"not_picked":["Twin Strike","Cleave"],"picked":"Clash","floor":1},{"not_picked":["Cleave","Power Through","Blood for Blood"],"picked":"SKIP","floor":2},{"not_picked":["Flex","Dropkick","Inflame"],"picked":"SKIP","floor":5},{"not_picked":["Disarm","Body Slam"],"picked":"Pummel","floor":7},{"not_picked":["Havoc","Power Through"],"picked":"Heavy Blade","floor":8},{"not_picked":["Havoc","Spot Weakness"],"picked":"Metallicize","floor":10},{"not_picked":["Brutality","Wild Strike","True Grit"],"picked":"SKIP","floor":11},{"not_picked":["Blood for Blood","Hemokinesis","Cleave"],"picked":"SKIP","floor":12},{"not_picked":["Twin Strike","Dropkick","Carnage"],"picked":"SKIP","floor":14},{"not_picked":["Exhume","Impervious"],"picked":"Offering","floor":16},{"not_picked":["Flex","Iron Wave"],"picked":"Clash","floor":18},{"not_picked":["Battle Trance+1","Cleave","Body Slam"],"picked":"SKIP","floor":20},{"not_picked":["Reckless Charge","Evolve"],"picked":"Iron Wave+1","floor":22},{"not_picked":["Perfected Strike","Carnage+1","Havoc"],"picked":"SKIP","floor":23},{"not_picked":["Pommel Strike","Twin Strike","Armaments+1"],"picked":"SKIP","floor":24}],"player_experience":409762,"potions_floor_usage":[11,11,16,20,25],"damage_taken":[{"damage":11,"enemies":"Cultist","floor":1,"turns":4},{"damage":7,"enemies":"Jaw Worm","floor":2,"turns":2},{"damage":12,"enemies":"Small Slimes","floor":5,"turns":4},{"damage":5,"enemies":"Blue Slaver","floor":7,"turns":4},{"damage":3,"enemies":"Looter","floor":8,"turns":3},{"damage":8,"enemies":"Exordium Thugs","floor":10,"turns":5},{"damage":15,"enemies":"3 Sentries","floor":11,"turns":7},{"damage":9,"enemies":"Red Slaver","floor":12,"turns":5},{"damage":18,"enemies":"Lagavulin","floor":14,"turns":5},{"damage":27,"enemies":"Slime Boss","floor":16,"turns":8},{"damage":23,"enemies":"3 Byrds","floor":18,"turns":7},{"damage":8,"enemies":"Chosen","floor":20,"turns":4},{"damage":4,"enemies":"Snake Plant","floor":22,"turns":2},{"damage":26,"enemies":"Book of Stabbing","floor":23,"turns":4},{"damage":15,"enemies":"Cultist and Chosen","floor":24,"turns":6},{"damage":52,"enemies":"Gremlin Leader","floor":25,"turns":6}],"relics_obtained":[{"floor":9,"key":"Bottled Flame"},{"floor":11,"key":"Self Forming Clay"},{"floor":14,"key":"Bottled Lightning"},{"floor":23,"key":"Strawberry"},{"floor":23,"key":"Regal Pillow"}],"event_choices":[{"event_name":"Upgrade Shrine","player_choice":"Upgraded","floor":3,"damage_taken":0},{"event_name":"Back to Basics","player_choice":"Elegance","floor":21,"damage_taken":0}],"boss_relics":[{"not_picked":["Orrery","Runic Dome"],"picked":"Black Star"}],"items_purged_floors":[19],"potions_floor_spawned":[2,5,8,10,18,22,23,24],"seed_played":"1287862048979748172","killed_by":"Gremlin Leader","ascension_level":10,"potions_obtained":[{"floor":2,"key":"Regen Potion"},{"floor":5,"key":"FearPotion"},{"floor":8,"key":"Explosive Potion"},{"floor":18,"key":"PowerPotion"},{"floor":22,"key":"FairyPotion"},{"floor":23,"key":"BloodPotion"},{"floor":24,"key":"FairyPotion"}],"is_trial":false}