{"gold_per_floor":[149,161,161,177,452,105,118,131,131,131,158,158,158,178,178,256,256,271,271,251,5,24,24,58,58,113,131,131,131,149,163,163,163],"floor_reached":33,"playtime":2276,"items_purged":["Regret"],"score":481,"play_id":"f35f8f50-b929-46a1-adef-ef8f61676c9f","local_time":"20181215192432","is_ascension_mode":true,"campfire_choices":[{"floor":10,"key":"REST"},{"data":"Storm","floor":13,"key":"SMITH"},{"floor":15,"key":"REST"},{"data":"Heatsinks","floor":23,"key":"SMITH"},{"floor":25,"key":"REST"},{"floor":29,"key":"REST"},{"floor":32,"key":"REST"}],"neow_cost":"NONE","seed_source_timestamp":539036249859474,"circlet_count":0,"master_deck":["AscendersBane","Strike_B","Strike_B","Strike_B","Strike_B","Defend_B","Defend_B","Defend_B","Defend_B","Zap","Dualcast","Cold Snap","Chill","Barrage","Rainbow","Ball Lightning","BootSequence","Storm+1","Conserve Battery","Self Repair","Meteor Strike","Static Discharge+1","Heatsinks+1","Ball Lightning","Coolheaded","Redo","Static Discharge","Hello World","Chill","All For One"],"relics":["Cracked Core","Tiny Chest","Smiling Mask","Mummified Hand","Boot","White Beast Statue","Potion Belt","Vajra","Dream Catcher","GremlinMask"],"potions_floor_usage":[11,18,27,30,31,31,31,33],"damage_taken":[{"damage":1,"enemies":"Cultist","floor":1,"turns":3},{"damage":2,"enemies":"Small Slimes","floor":2,"turns":4},{"damage":0,"enemies":"Jaw Worm","floor":4,"turns":4},{"damage":9,"enemies":"Exordium Wildlife","floor":7,"turns":5},{"damage":0,"enemies":"3 Louse","floor":8,"turns":4},{"damage":11,"enemies":"Lagavulin","floor":11,"turns":6},{"damage":7,"enemies":"Exordium Thugs","floor":14,"turns":4},{"damage":26,"enemies":"The Guardian","floor":16,"turns":13},{"damage":0,"enemies":"Chosen","floor":18,"turns":4},{"damage":12,"enemies":"3 Byrds","floor":22,"turns":4},{"damage":41,"enemies":"Slavers","floor":24,"turns":5},{"damage":19,"enemies":"Cultist and Chosen","floor":27,"turns":5},{"damage":8,"enemies":"Centurion and Healer","floor":30,"turns":6},{"damage":19,"enemies":"Shelled Parasite and Fungi","floor":31,"turns":4},{"damage":63,"enemies":"Automaton","floor":33,"turns":8}],"seed_played":"-7907596905045376633","potions_obtained":[{"floor":1,"key":"Ancient Potion"},{"floor":16,"key":"SpeedPotion"},{"floor":18,"key":"FearPotion"},{"floor":22,"key":"SteroidPotion"},{"floor":24,"key":"Poison Potion"},{"floor":27,"key":"EssenceOfSteel"},{"floor":30,"key":"Fire Potion"},{"floor":31,"key":"Energy Potion"}],"is_trial":false,"path_per_floor":["M","M","T","M","?","$","M","M","T","R","E","?","R","M","R","B",null,"M","?","?","$","M","R","E","R","T","M","?","R","M","M","R","B"],"character_chosen":"DEFECT","items_purchased":["Rainbow","Ball Lightning","FocusPotion","Heatsinks","Potion Belt"],"campfire_rested":5,"item_purchase_floors":[6,6,6,21,21],"current_hp_per_floor":[63,61,61,61,61,61,52,52,52,71,60,60,60,53,71,52,66,71,71,71,71,66,66,32,53,53,41,41,62,61,42,63,0],"gold":163,"neow_bonus":"RANDOM_COMMON_RELIC","is_prod":false,"is_daily":false,"chose_seed":false,"campfire_upgraded":2,"win_rate":0,"timestamp":1544894672,"path_taken":["M","M","?","M","?","$","?","M","T","R","E","?","R","M","R","BOSS","M","?","?","$","?","R","E","R","T","M","?","R","M","M","R","BOSS"],"build_version":"2018-12-13","purchased_purges":1,"victory":false,"max_hp_per_floor":[71,71,71,71,71,71,71,71,71,71,71,71,71,71,71,71,71,71,71,71,71,71,71,71,71,71,71,71,71,71,71,71,71],"card_choices":[{"not_picked":["Glacier","Genetic Algorithm"],"picked":"Cold Snap","floor":1},{"not_picked":["Barrage","Turbo"],"picked":"Chill","floor":2},{"not_picked":["Conserve Battery","Tempest"],"picked":"Barrage","floor":4},{"not_picked":["FTL","Sweeping Beam"],"picked":"BootSequence","floor":7},{"not_picked":["Rebound","Reprogram"],"picked":"Storm","floor":8},{"not_picked":["Hologram","Streamline"],"picked":"Conserve Battery","floor":11},{"not_picked":["Rebound","Turbo"],"picked":"Self Repair","floor":14},{"not_picked":["Thunder Strike","Multi-Cast"],"picked":"Meteor Strike","floor":16},{"not_picked":["Compile Driver","Recycle"],"picked":"Static Discharge+1","floor":18},{"not_picked":["Streamline","Lockon"],"picked":"Ball Lightning","floor":22},{"not_picked":["Steam Power","Stack"],"picked":"Coolheaded","floor":24},{"not_picked":["Cold Snap","Fusion"],"picked":"Redo","floor":27},{"not_picked":["FTL","Streamline"],"picked":"Static Discharge","floor":29},{"not_picked":["Cold Snap","Scrape+1"],"picked":"Hello World","floor":30},{"not_picked":["Sunder","Aggregate"],"picked":"Chill","floor":31},{"not_picked":["Tempest","Turbo"],"picked":"All For One","floor":32}],"player_experience":829291,"relics_obtained":[{"floor":3,"key":"Smiling Mask"},{"floor":9,"key":"Mummified Hand"},{"floor":11,"key":"Boot"},{"floor":24,"key":"Vajra"},{"floor":26,"key":"Dream Catcher"}],"event_choices":[{"damage_healed":0,"gold_gain":275,"player_choice":"Desecrate","damage_taken":0,"max_hp_gain":0,"max_hp_loss":0,"event_name":"Golden Shrine","floor":5,"gold_loss":0,"cards_obtained":["Regret"]},{"damage_healed":0,"gold_gain":0,"player_choice":"Ignored","damage_taken":0,"max_hp_gain":0,"max_hp_loss":0,"event_name":"Golden Idol","floor":12,"gold_loss":0},{"damage_healed":0,"gold_gain":0,"player_choice":"Ignored","damage_taken":0,"max_hp_gain":0,"max_hp_loss":0,"event_name":"Beggar","floor":19,"gold_loss":0},{"damage_healed":0,"gold_gain":0,"player_choice":"Bought 1 Potion","damage_taken":0,"max_hp_gain":0,"max_hp_loss":0,"event_name":"The Woman in Blue","floor":20,"gold_loss":0},{"damage_healed":0,"gold_gain":0,"player_choice":"Trade","damage_taken":0,"relics_obtained":["GremlinMask"],"max_hp_gain":0,"max_hp_loss":0,"event_name":"FaceTrader","floor":28,"gold_loss":0}],"is_beta":false,"boss_relics":[{"not_picked":["Sozu","Inserter"],"picked":"White Beast Statue"}],"items_purged_floors":[6],"is_endless":false,"potions_floor_spawned":[1,7,8,16,18,22,24,27,30,31],"killed_by":"Automaton","ascension_level":16}