{"gold_per_floor":[113,38,50,50,50,85,117,129,141,153,177,218,305,345,357,369],"floor_reached":16,"playtime":311,"items_purged":[],"score":286,"play_id":"083c4af9-d505-44f6-8631-5d99aec40347","local_time":"20190314100531","is_ascension_mode":true,"campfire_choices":[{"data":"Bash","floor":8.0,"key":"SMITH"},{"floor":15.0,"key":"REST"}],"neow_cost":"NONE","seed_source_timestamp":0,"circlet_count":0,"master_deck":["AscendersBane","Strike_R","Strike_R","Strike_R","Strike_R","Defend_R","Defend_R","Defend_R","Defend_R","Bash+1","True Grit"],"special_seed":0,"relics":["Burning Blood","NeowsBlessing","PreservedInsect","MawBank","Mercury Hourglass","Blood Vial"],"potions_floor_usage":[16],"damage_taken":[{"damage":0.0,"enemies":"Jaw Worm","floor":1.0,"turns":1.0},{"damage":0.0,"enemies":"2 Louse","floor":3.0,"turns":1.0},{"damage":0.0,"enemies":"3 Sentries","floor":6.0,"turns":2.0},{"damage":8.0,"enemies":"Small Slimes","floor":7.0,"turns":4.0},{"damage":17.0,"enemies":"Blue Slaver","floor":11.0,"turns":5.0},{"damage":35.0,"enemies":"Lagavulin","floor":12.0,"turns":6.0},{"damage":32.0,"enemies":"Gremlin Nob","floor":14.0,"turns":4.0},{"damage":26,"enemies":"Slime Boss","floor":16,"turns":7}],"seed_played":"874458732072920126","potions_obtained":[{"floor":3.0,"key":"Explosive Potion"},{"floor":7.0,"key":"Dexterity Potion"}],"is_trial":false,"path_per_floor":["M","?","M","?","?","E","M","R","T","$","M","E","?","E","R","B"],"character_chosen":"IRONCLAD","items_purchased":[],"campfire_rested":1,"item_purchase_floors":[],"current_hp_per_floor":[74,74,75,75,75,75,73,73,73,73,62,33,33,7,29,5],"gold":369,"neow_bonus":"THREE_ENEMY_KILL","is_prod":false,"is_daily":false,"chose_seed":false,"campfire_upgraded":1,"win_rate":0,"timestamp":1552525531,"path_taken":["M","?","M","?","?","E","M","R","T","?","M","E","?","E","R","BOSS"],"build_version":"2019-01-23","purchased_purges":0,"victory":false,"max_hp_per_floor":[75,75,75,75,75,75,75,75,75,75,75,75,75,75,75,75],"card_choices":[{"not_picked":["True Grit","Clash","Warcry"],"picked":"SKIP","floor":1.0},{"not_picked":["Anger","Thunderclap","Heavy Blade"],"picked":"SKIP","floor":3.0},{"not_picked":["Twin Strike","Clothesline","Bloodletting"],"picked":"SKIP","floor":6.0},{"not_picked":["Headbutt","Iron Wave","Havoc"],"picked":"SKIP","floor":7.0},{"not_picked":["Warcry","Sever Soul","Anger"],"picked":"SKIP","floor":11.0},{"not_picked":["Ghostly Armor","Headbutt"],"picked":"True Grit","floor":12.0},{"not_picked":["Fire Breathing","Clothesline","Thunderclap"],"picked":"SKIP","floor":14.0}],"player_experience":2255423,"relics_obtained":[{"floor":6.0,"key":"MawBank"},{"floor":12.0,"key":"Mercury Hourglass"},{"floor":14.0,"key":"Blood Vial"}],"event_choices":[{"cards_removed":["Strike_R"],"damage_healed":0.0,"max_hp_gain":0.0,"max_hp_loss":0.0,"gold_gain":0.0,"event_name":"The Cleric","player_choice":"Card Removal","floor":2.0,"gold_loss":75.0,"damage_taken":0.0},{"damage_healed":0.0,"max_hp_gain":0.0,"max_hp_loss":0.0,"gold_gain":0.0,"event_name":"Big Fish","player_choice":"Box","floor":4.0,"gold_loss":0.0,"damage_taken":0.0,"relics_obtained":["PreservedInsect"],"cards_obtained":["Regret"]},{"cards_removed":["Regret"],"damage_healed":0.0,"max_hp_gain":0.0,"max_hp_loss":0.0,"gold_gain":0.0,"event_name":"Living Wall","player_choice":"Forget","floor":5.0,"gold_loss":0.0,"damage_taken":0.0},{"damage_healed":0.0,"max_hp_gain":0.0,"max_hp_loss":0.0,"gold_gain":75.0,"event_name":"Golden Wing","player_choice":"Gained Gold","floor":13.0,"gold_loss":0.0,"damage_taken":0.0}],"is_beta":false,"boss_relics":[],"items_purged_floors":[],"is_endless":false,"potions_floor_spawned":[3,7],"killed_by":"Slime Boss","ascension_level":20}