{"gold_per_floor":[110,110,121,121,132,158,158,188,188,205,280,295,295,307,307,383,383,402,402,402,108,133,166,166,266,345,379,394,394,344,357,357,433,433,449,349,361,374,596,596,596],"floor_reached":41,"playtime":1850,"items_purged":["Strike_R","Strike_R"],"score":932,"play_id":"f44e462d-e8e7-4d22-ba8c-9b3e76961e6d","local_time":"20190307171628","is_ascension_mode":true,"campfire_choices":[{"data":"Barricade","floor":7.0,"key":"SMITH"},{"floor":13.0,"key":"REST"},{"data":"Combust","floor":15.0,"key":"SMITH"},{"data":"Disarm","floor":24.0,"key":"SMITH"},{"data":"True Grit","floor":29.0,"key":"SMITH"},{"data":"Feel No Pain","floor":32.0,"key":"SMITH"},{"data":"Flex","floor":40,"key":"SMITH"}],"neow_cost":"NONE","seed_source_timestamp":4883896785100,"circlet_count":0,"master_deck":["AscendersBane","Defend_R","Defend_R","Defend_R","Bash","Whirlwind+1","Power Through","Combust+1","Barricade+1","Battle Trance","Shockwave","Flex+1","Offering","Disarm+1","Shrug It Off","True Grit+1","Feel No Pain+1","Metallicize","Fiend Fire+1","Shrug It Off+1"],"special_seed":0,"relics":["Burning Blood","NeowsBlessing","Ice Cream","Self Forming Clay","Ornamental Fan","Philosopher\u0027s Stone","Centennial Puzzle","Red Mask","Oddly Smooth Stone","Thread and Needle","Pantograph","Molten Egg 2","Kunai","Empty Cage"],"potions_floor_usage":[37,41],"damage_taken":[{"damage":0.0,"enemies":"2 Louse","floor":1.0,"turns":1.0},{"damage":0.0,"enemies":"Jaw Worm","floor":3.0,"turns":1.0},{"damage":0.0,"enemies":"Cultist","floor":5.0,"turns":1.0},{"damage":38.0,"enemies":"3 Sentries","floor":6.0,"turns":6.0},{"damage":21.0,"enemies":"Gremlin Nob","floor":8.0,"turns":4.0},{"damage":14.0,"enemies":"Lots of Slimes","floor":10.0,"turns":2.0},{"damage":6.0,"enemies":"Blue Slaver","floor":12.0,"turns":7.0},{"damage":15.0,"enemies":"Large Slime","floor":14.0,"turns":8.0},{"damage":19.0,"enemies":"Slime Boss","floor":16.0,"turns":9.0},{"damage":0.0,"enemies":"2 Thieves","floor":18.0,"turns":2.0},{"damage":0.0,"enemies":"Spheric Guardian","floor":19.0,"turns":1.0},{"damage":5.0,"enemies":"Masked Bandits","floor":22.0,"turns":2.0},{"damage":19.0,"enemies":"Slavers","floor":23.0,"turns":2.0},{"damage":6.0,"enemies":"Colosseum Slavers","floor":25.0,"turns":1.0},{"damage":6.0,"enemies":"Colosseum Nobs","floor":25.0,"turns":1.0},{"damage":11.0,"enemies":"Book of Stabbing","floor":27.0,"turns":5.0},{"damage":18.0,"enemies":"Shelled Parasite and Fungi","floor":28.0,"turns":5.0},{"damage":6.0,"enemies":"Sentry and Sphere","floor":31.0,"turns":10.0},{"damage":10,"enemies":"Automaton","floor":33,"turns":14},{"damage":6,"enemies":"Orb Walker","floor":35,"turns":3},{"damage":10,"enemies":"3 Darklings","floor":37,"turns":3},{"damage":12,"enemies":"Jaw Worm Horde","floor":38,"turns":3},{"damage":31,"enemies":"Giant Head","floor":41,"turns":12}],"seed_played":"5309040727148549155","potions_obtained":[{"floor":5.0,"key":"LiquidBronze"},{"floor":6.0,"key":"SteroidPotion"},{"floor":10.0,"key":"SmokeBomb"},{"floor":14.0,"key":"Energy Potion"},{"floor":18.0,"key":"Energy Potion"},{"floor":27.0,"key":"Weak Potion"},{"floor":28.0,"key":"Energy Potion"},{"floor":35,"key":"Fire Potion"},{"floor":37,"key":"Poison Potion"}],"is_trial":false,"path_per_floor":["M","?","M","?","M","E","R","E","T","M","?","M","R","M","R","B",null,"M","M","?","$","?","E","R","?","T","E","M","R","?","M","R","B",null,"M","$","M","M","?","R","E"],"character_chosen":"IRONCLAD","items_purchased":["Fire Potion","Centennial Puzzle"],"campfire_rested":1,"item_purchase_floors":[21,21],"current_hp_per_floor":[74,67,73,73,75,43,43,28,28,20,9,9,31,22,22,9,59,65,71,71,71,72,59,59,59,59,54,42,42,42,42,42,63,72,72,72,68,62,62,62,31],"gold":596,"neow_bonus":"THREE_ENEMY_KILL","is_prod":false,"is_daily":false,"chose_seed":false,"campfire_upgraded":6,"win_rate":0,"timestamp":1551946588,"path_taken":["M","?","M","?","?","E","R","E","T","?","?","M","R","M","R","BOSS","M","M","?","$","?","E","R","?","T","E","M","R","?","M","R","BOSS","M","$","?","M","?","R","E"],"build_version":"2019-01-23","purchased_purges":2,"victory":false,"max_hp_per_floor":[75,75,75,75,75,75,75,75,75,75,75,75,75,75,75,75,75,75,75,75,75,75,75,75,75,75,75,75,75,75,75,75,75,75,75,75,75,75,75,75,75],"card_choices":[{"not_picked":["Warcry","Armaments"],"picked":"Whirlwind","floor":1.0},{"not_picked":["Clothesline","Anger"],"picked":"Power Through","floor":3.0},{"not_picked":["Clothesline","Burning Pact"],"picked":"Combust","floor":5.0},{"not_picked":["Twin Strike","Perfected Strike"],"picked":"Barricade","floor":6.0},{"not_picked":["Pummel","Cleave"],"picked":"Battle Trance","floor":8.0},{"not_picked":["Dual Wield","Searing Blow","Clothesline"],"picked":"SKIP","floor":10.0},{"not_picked":["Rupture","Blood for Blood"],"picked":"Shockwave","floor":12.0},{"not_picked":["Fire Breathing","Heavy Blade"],"picked":"Flex","floor":14.0},{"not_picked":["Immolate","Limit Break"],"picked":"Offering","floor":16.0},{"not_picked":["Sword Boomerang+1","Uppercut"],"picked":"Disarm","floor":18.0},{"not_picked":["Cleave","Burning Pact"],"picked":"Shrug It Off","floor":22.0},{"not_picked":["Bloodletting","Flex","Sword Boomerang+1"],"picked":"SKIP","floor":23.0},{"not_picked":["Perfected Strike","Carnage"],"picked":"True Grit","floor":25.0},{"not_picked":["Anger+1","Blood for Blood+1","Infernal Blade"],"picked":"SKIP","floor":27.0},{"not_picked":["Flex","Shrug It Off+1"],"picked":"Feel No Pain","floor":28.0},{"not_picked":["Flex","Havoc"],"picked":"Metallicize","floor":31.0},{"not_picked":["Juggernaut","Exhume"],"picked":"Fiend Fire+1","floor":33},{"not_picked":["Clothesline+1","Thunderclap+1","Metallicize"],"picked":"SKIP","floor":35},{"not_picked":["Clash+1","Sever Soul+1","Bloodletting"],"picked":"SKIP","floor":37},{"not_picked":["Heavy Blade+1","Flame Barrier"],"picked":"Shrug It Off+1","floor":38}],"player_experience":2049476,"relics_obtained":[{"floor":6.0,"key":"Ice Cream"},{"floor":8.0,"key":"Self Forming Clay"},{"floor":9.0,"key":"Ornamental Fan"},{"floor":22.0,"key":"Red Mask"},{"floor":23.0,"key":"Oddly Smooth Stone"},{"floor":25.0,"key":"Thread and Needle"},{"floor":25.0,"key":"Pantograph"},{"floor":26.0,"key":"Molten Egg 2"},{"floor":27.0,"key":"Kunai"}],"event_choices":[{"cards_removed":["Strike_R"],"damage_healed":0.0,"max_hp_gain":0.0,"max_hp_loss":0.0,"gold_gain":0.0,"event_name":"Golden Wing","player_choice":"Card Removal","floor":2.0,"gold_loss":0.0,"damage_taken":7.0},{"damage_healed":0.0,"max_hp_gain":0.0,"max_hp_loss":0.0,"gold_gain":0.0,"event_name":"Upgrade Shrine","player_choice":"Upgraded","floor":4.0,"gold_loss":0.0,"damage_taken":0.0,"cards_upgraded":["Whirlwind"]},{"damage_healed":0.0,"max_hp_gain":0.0,"max_hp_loss":0.0,"gold_gain":75.0,"event_name":"World of Goop","player_choice":"Gather Gold","floor":11.0,"gold_loss":0.0,"damage_taken":11.0},{"cards_removed":["Strike_R"],"damage_healed":0.0,"max_hp_gain":0.0,"max_hp_loss":0.0,"gold_gain":0.0,"event_name":"Back to Basics","player_choice":"Elegance","floor":20.0,"gold_loss":0.0,"damage_taken":0.0},{"damage_healed":0.0,"max_hp_gain":0.0,"max_hp_loss":0.0,"gold_gain":0.0,"event_name":"Masked Bandits","player_choice":"Fought Bandits","floor":22.0,"gold_loss":0.0,"damage_taken":0.0},{"damage_healed":0.0,"max_hp_gain":0.0,"max_hp_loss":0.0,"gold_gain":0.0,"event_name":"Colosseum","player_choice":"Fight","floor":25.0,"gold_loss":0.0,"damage_taken":0.0},{"damage_healed":0.0,"max_hp_gain":0.0,"max_hp_loss":0.0,"gold_gain":0.0,"event_name":"Colosseum","player_choice":"Fought Nobs","floor":25.0,"gold_loss":0.0,"damage_taken":0.0},{"damage_healed":0.0,"max_hp_gain":0.0,"max_hp_loss":0.0,"gold_gain":0.0,"event_name":"The Joust","player_choice":"Bet on Murderer","floor":30.0,"gold_loss":50.0,"damage_taken":0.0},{"damage_healed":0,"gold_gain":222,"player_choice":"Wore Mask","damage_taken":0,"max_hp_gain":0,"max_hp_loss":0,"event_name":"Tomb of Lord Red Mask","floor":39,"gold_loss":0}],"is_beta":false,"boss_relics":[{"not_picked":["Astrolabe","Busted Crown"],"picked":"Philosopher\u0027s Stone"},{"not_picked":["Calling Bell","Orrery"],"picked":"Empty Cage"}],"items_purged_floors":[21,36],"is_endless":false,"potions_floor_spawned":[5,6,10,14,16,18,23,25,27,28,35,37],"killed_by":"Giant Head","ascension_level":20}