{"path_per_floor":["M","M","?","M","$","E","M","E","T","M","M","M","R","M","R","B",null,"M","?","?","M","?","E","M"],"character_chosen":"IRONCLAD","items_purchased":[],"gold_per_floor":[113,124,74,84,84,110,124,150,173,186,204,221,221,236,236,333,333,346,346,261,274,274,299,318,318],"floor_reached":25,"campfire_rested":2,"playtime":1242,"current_hp_per_floor":[78,80,80,79,79,41,47,33,33,22,19,25,49,37,61,36,69,66,66,66,72,72,24,16,0],"items_purged":[],"gold":318,"score":320,"play_id":"64165273-9014-44d3-981d-b42e9cf1ce22","local_time":"20180331115735","is_prod":false,"is_daily":false,"is_ascension_mode":true,"campfire_upgraded":0,"timestamp":1522486655,"path_taken":["M","M","?","M","$","E","M","E","T","M","M","M","R","M","R","BOSS","M","?","?","?","?","E","M","?"],"build_version":"2018-03-29v2","purchased_purges":0,"victory":false,"master_deck":["Strike_R","Strike_R","Strike_R","Strike_R","Strike_R","Defend_R","Defend_R","Defend_R","Bash","Clash","Dropkick","Intimidate","Inflame","Spot Weakness","Searing Blow","Heavy Blade","Dropkick","Limit Break","Thunderclap+1","Iron Wave+1","Searing Blow+1","Rage"],"max_hp_per_floor":[80,80,80,80,80,80,80,80,80,80,80,80,80,80,80,80,80,80,80,80,80,80,80,80,80],"relics":["Burning Blood","Blue Candle","Pantograph","Bag of Preparation","Cursed Key","The Courier","Bronze Scales","Matryoshka"],"card_choices":[{"not_picked":["Wild Strike","Hemokinesis"],"picked":"Clash","floor":0},{"not_picked":["Second Wind","Thunderclap"],"picked":"Dropkick","floor":1},{"not_picked":["Pommel Strike","Sever Soul"],"picked":"Intimidate","floor":6},{"not_picked":["Cleave","Warcry"],"picked":"Inflame","floor":7},{"not_picked":["Battle Trance","Warcry"],"picked":"Spot Weakness","floor":8},{"not_picked":["Reckless Charge","Flame Barrier"],"picked":"Searing Blow","floor":10},{"not_picked":["Twin Strike","Body Slam"],"picked":"Heavy Blade","floor":11},{"not_picked":["Cleave","Burning Pact"],"picked":"Dropkick","floor":14},{"not_picked":["Double Tap","Reaper"],"picked":"Limit Break","floor":16},{"not_picked":["Rage","Twin Strike"],"picked":"Thunderclap","floor":18},{"not_picked":["Clash","Ghostly Armor"],"picked":"Iron Wave","floor":21},{"not_picked":["Flex","Body Slam"],"picked":"Searing Blow","floor":23},{"not_picked":["Anger","Reaper"],"picked":"Rage","floor":24}],"player_experience":327691,"potions_floor_usage":[2,6,8,10,12,16,21,24],"damage_taken":[{"damage":0,"enemies":"2 Louse","floor":1,"turns":2},{"damage":0,"enemies":"Small Slimes","floor":2,"turns":3},{"damage":7,"enemies":"Jaw Worm","floor":4,"turns":2},{"damage":44,"enemies":"3 Sentries","floor":6,"turns":10},{"damage":0,"enemies":"Exordium Wildlife","floor":7,"turns":3},{"damage":20,"enemies":"Lagavulin","floor":8,"turns":4},{"damage":17,"enemies":"Large Slime","floor":10,"turns":5},{"damage":9,"enemies":"Blue Slaver","floor":11,"turns":3},{"damage":0,"enemies":"Lots of Slimes","floor":12,"turns":1},{"damage":18,"enemies":"Large Slime","floor":14,"turns":3},{"damage":50,"enemies":"The Guardian","floor":16,"turns":7},{"damage":9,"enemies":"Shell Parasite","floor":18,"turns":2},{"damage":0,"enemies":"Spheric Guardian","floor":21,"turns":2},{"damage":54,"enemies":"Slavers","floor":23,"turns":5},{"damage":14,"enemies":"Snecko","floor":24,"turns":4},{"damage":22,"enemies":"3 Cultists","floor":25,"turns":3}],"event_choices":[{"event_name":"The Cleric","player_choice":"Card Removal","floor":3,"damage_taken":0},{"event_name":"The Mausoleum","player_choice":"Yes","floor":19,"damage_taken":0},{"event_name":"Addict","player_choice":"Obtained Relic","floor":20,"damage_taken":0},{"event_name":"Ghosts","player_choice":"Ignored","floor":22,"damage_taken":0}],"boss_relics":[{"not_picked":["Eternal Feather","Black Star"],"picked":"Cursed Key"}],"potions_floor_spawned":[1,2,6,8,11,14,18,23],"seed_played":"6795589947343371115","killed_by":"3 Cultists","ascension_level":7,"is_trial":false}