{"gold_per_floor":[116,75,86,96,96,96,126,126,126,141,153,153,172,189,189,267,267,280,114,114,114,29,29,29,29,29,58,78,128,148,166,166,166],"floor_reached":33,"playtime":1757,"items_purged":[],"score":507,"play_id":"f512282f-d516-46ae-84ce-08024098c454","local_time":"20190328195146","is_ascension_mode":true,"campfire_choices":[{"floor":6.0,"key":"REST"},{"floor":8.0,"key":"REST"},{"floor":15.0,"key":"REST"},{"floor":23.0,"key":"REST"},{"floor":25.0,"key":"REST"},{"floor":32,"key":"REST"}],"neow_cost":"NONE","seed_source_timestamp":1229036400556974,"circlet_count":0,"master_deck":["AscendersBane","Zap","Dualcast","Defragment","Hello World","Ball Lightning","Capacitor","Sunder","Storm","Compile Driver","Echo Form","Defragment","Hello World","Amplify","Sunder","Defragment","Machine Learning","Coolheaded","Core Surge","Conserve Battery","Melter","Capacitor","Melter","Chill","Self Repair","Seek","Capacitor","Force Field","Cold Snap"],"special_seed":0,"relics":["Cracked Core","Smiling Mask","Darkstone Periapt","Orichalcum","Pandora\u0027s Box","Shovel","Ice Cream"],"potions_floor_usage":[],"damage_taken":[{"damage":3.0,"enemies":"Small Slimes","floor":1.0,"turns":3.0},{"damage":11.0,"enemies":"Cultist","floor":3.0,"turns":4.0},{"damage":8.0,"enemies":"2 Louse","floor":4.0,"turns":3.0},{"damage":26.0,"enemies":"Gremlin Nob","floor":7.0,"turns":4.0},{"damage":10.0,"enemies":"Blue Slaver","floor":10.0,"turns":3.0},{"damage":6.0,"enemies":"Looter","floor":11.0,"turns":3.0},{"damage":12.0,"enemies":"Exordium Thugs","floor":13.0,"turns":3.0},{"damage":18.0,"enemies":"Exordium Wildlife","floor":14.0,"turns":2.0},{"damage":21.0,"enemies":"Hexaghost","floor":16.0,"turns":9.0},{"damage":21.0,"enemies":"Shell Parasite","floor":18.0,"turns":4.0},{"damage":30,"enemies":"Gremlin Leader","floor":27,"turns":7},{"damage":11,"enemies":"3 Byrds","floor":28,"turns":4},{"damage":30,"enemies":"Cultist and Chosen","floor":30,"turns":6},{"damage":20,"enemies":"Centurion and Healer","floor":31,"turns":4},{"damage":45,"enemies":"Collector","floor":33,"turns":7}],"seed_played":"-5766360400134012425","potions_obtained":[{"floor":1.0,"key":"Weak Potion"},{"floor":10.0,"key":"Regen Potion"},{"floor":11.0,"key":"Energy Potion"},{"floor":13.0,"key":"Energy Potion"}],"is_trial":false,"path_per_floor":["M","$","M","M","?","R","E","R","T","M","M","?","M","M","R","B",null,"M","$","?","?","$","R","?","R","T","E","M","?","M","M","R","B"],"character_chosen":"DEFECT","items_purchased":["Hello World","Melter","Capacitor","Self Repair"],"campfire_rested":6,"item_purchase_floors":[2,19,19,22],"current_hp_per_floor":[61,61,50,42,42,63,37,58,58,48,51,51,39,21,42,21,59,38,38,38,38,38,59,59,71,71,55,58,58,28,22,43,0],"gold":166,"neow_bonus":"RANDOM_COMMON_RELIC","is_prod":false,"is_daily":false,"chose_seed":false,"campfire_upgraded":0,"win_rate":0,"timestamp":1553795506,"path_taken":["M","$","M","M","?","R","E","R","T","?","M","?","M","M","R","BOSS","M","$","?","?","$","R","?","R","T","E","?","?","?","M","R","BOSS"],"build_version":"2019-01-23","purchased_purges":0,"victory":false,"max_hp_per_floor":[71,71,71,71,71,71,71,71,71,71,71,71,71,71,71,71,71,71,71,71,71,71,71,71,71,71,71,71,71,71,71,71,71],"card_choices":[{"not_picked":["Reprogram","Darkness"],"picked":"Defragment","floor":1.0},{"not_picked":["Stack","Steam Power"],"picked":"Ball Lightning","floor":3.0},{"not_picked":["Reinforced Body","Consume"],"picked":"Capacitor","floor":4.0},{"not_picked":["Auto Shields","Cold Snap"],"picked":"Storm","floor":7.0},{"not_picked":["Beam Cell","Hologram"],"picked":"Compile Driver","floor":10.0},{"not_picked":["Steam","Stack"],"picked":"Echo Form","floor":11.0},{"not_picked":["Force Field","Steam"],"picked":"Defragment","floor":13.0},{"not_picked":["Beam Cell","Ball Lightning"],"picked":"Hello World","floor":14.0},{"not_picked":["Machine Learning","Thunder Strike"],"picked":"Amplify","floor":16.0},{"not_picked":["Stack+1","Aggregate"],"picked":"Conserve Battery","floor":18.0},{"not_picked":["Streamline+1","Rebound"],"picked":"Seek","floor":27},{"not_picked":["Hologram","Beam Cell"],"picked":"Capacitor","floor":28},{"not_picked":["Rip and Tear","Go for the Eyes+1"],"picked":"Force Field","floor":30},{"not_picked":["Go for the Eyes","Lockon"],"picked":"Cold Snap","floor":31}],"player_experience":1141596,"relics_obtained":[{"floor":7.0,"key":"Darkstone Periapt"},{"floor":9.0,"key":"Orichalcum"},{"floor":26.0,"key":"Shovel"},{"floor":27,"key":"Ice Cream"}],"event_choices":[{"damage_healed":0.0,"max_hp_gain":0.0,"max_hp_loss":0.0,"gold_gain":0.0,"cards_transformed":["Defend_B"],"event_name":"Transmorgrifier","player_choice":"Transformed","floor":5.0,"gold_loss":0.0,"damage_taken":0.0,"cards_obtained":["Sunder"]},{"damage_healed":0.0,"max_hp_gain":0.0,"max_hp_loss":0.0,"gold_gain":0.0,"event_name":"Shining Light","player_choice":"Ignored","floor":12.0,"gold_loss":0.0,"damage_taken":0.0},{"damage_healed":0.0,"max_hp_gain":0.0,"max_hp_loss":0.0,"gold_gain":0.0,"event_name":"Back to Basics","player_choice":"Simplicity","floor":20.0,"gold_loss":0.0,"damage_taken":0.0,"cards_upgraded":[]},{"damage_healed":0.0,"max_hp_gain":0.0,"max_hp_loss":0.0,"gold_gain":0.0,"cards_transformed":["Blizzard","All For One"],"event_name":"Drug Dealer","player_choice":"Became Test Subject","floor":21.0,"gold_loss":0.0,"damage_taken":0.0,"cards_obtained":["Melter","Chill"]},{"damage_healed":0.0,"max_hp_gain":0.0,"max_hp_loss":0.0,"gold_gain":0.0,"event_name":"N\u0027loth","player_choice":"Ignored","floor":24.0,"gold_loss":0.0,"damage_taken":0.0},{"damage_healed":0,"gold_gain":50,"player_choice":"Pray","damage_taken":0,"max_hp_gain":0,"max_hp_loss":0,"event_name":"Golden Shrine","floor":29,"gold_loss":0}],"is_beta":false,"boss_relics":[{"not_picked":["Cursed Key","Snecko Eye"],"picked":"Pandora\u0027s Box"}],"items_purged_floors":[],"is_endless":false,"potions_floor_spawned":[1,10,11,13],"killed_by":"Collector","ascension_level":18}