{"gold_per_floor":[119,394,162,182,182,207,35,35,35,35,68,68,92,130,130,226,226,239,264,284,79,79],"floor_reached":22,"playtime":836,"items_purged":["Regret"],"score":554,"play_id":"fe180062-7dad-4cae-9698-54acd398fb96","local_time":"20190404131757","is_ascension_mode":true,"campfire_choices":[{"data":"Zap","floor":8,"key":"SMITH"},{"data":"Defragment","floor":15,"key":"SMITH"}],"neow_cost":"NONE","seed_source_timestamp":525915313686799,"circlet_count":0,"master_deck":["AscendersBane","Strike_B","Strike_B","Strike_B","Defend_B","Defend_B","Defend_B","Defend_B","Zap+1","Dualcast","Cold Snap","Cold Snap","Reboot","Double Energy","Genetic Algorithm","Defragment+1","White Noise","Amplify","Redo+1","Glacier+1","Defragment"],"relics":["Cracked Core","NeowsBlessing","PreservedInsect","Potion Belt","Juzu Bracelet","Calipers","Pear","Golden Idol","Pantograph","White Beast Statue","Bag of Preparation"],"potions_floor_usage":[14,20,22,22,22,22],"damage_taken":[{"damage":0,"enemies":"Small Slimes","floor":1,"turns":1},{"damage":0,"enemies":"Cultist","floor":4,"turns":1},{"damage":0,"enemies":"Gremlin Nob","floor":6,"turns":1},{"damage":4,"enemies":"3 Sentries","floor":11,"turns":7},{"damage":0,"enemies":"Jaw Worm","floor":13,"turns":3},{"damage":8,"enemies":"Gremlin Nob","floor":14,"turns":3},{"damage":0,"enemies":"The Guardian","floor":16,"turns":16},{"damage":35,"enemies":"Shell Parasite","floor":18,"turns":3},{"damage":20,"enemies":"Spheric Guardian","floor":19,"turns":6},{"damage":13,"enemies":"Chosen and Byrds","floor":20,"turns":9},{"damage":0,"enemies":"Cultist and Chosen","floor":22,"turns":5}],"seed_played":"4879892168323417157","potions_obtained":[{"floor":1,"key":"Poison Potion"},{"floor":11,"key":"Dexterity Potion"},{"floor":13,"key":"Energy Potion"},{"floor":18,"key":"SpeedPotion"},{"floor":19,"key":"Explosive Potion"},{"floor":20,"key":"Dexterity Potion"}],"is_trial":false,"path_per_floor":["M","?","$","M","?","E","$","R","T","$","E","?","M","E","R","B",null,"M","M","M","$","M"],"character_chosen":"DEFECT","items_purchased":["PreservedInsect","Juzu Bracelet","Defragment","Bag of Preparation"],"campfire_rested":0,"item_purchase_floors":[3,7,21,21],"current_hp_per_floor":[64,64,64,64,64,64,64,64,64,64,70,42,42,34,34,59,76,41,21,8,8,8],"gold":79,"neow_bonus":"THREE_ENEMY_KILL","is_prod":false,"is_daily":false,"chose_seed":false,"campfire_upgraded":2,"win_rate":0,"timestamp":1554351477,"path_taken":["M","?","?","M","?","E","$","R","T","?","E","?","M","E","R","BOSS","M","M","M","$","M"],"build_version":"2019-01-23","purchased_purges":1,"victory":false,"max_hp_per_floor":[71,71,71,71,71,71,71,71,71,71,81,81,81,81,81,81,81,81,81,81,81,81],"card_choices":[{"not_picked":["Aggregate","Recycle"],"picked":"Cold Snap","floor":1},{"not_picked":["Rebound","Storm"],"picked":"Cold Snap","floor":4},{"not_picked":["Rebound","Auto Shields"],"picked":"Double Energy","floor":6},{"not_picked":["Stack","Redo"],"picked":"Genetic Algorithm","floor":11},{"not_picked":["Sweeping Beam","Redo"],"picked":"Defragment","floor":13},{"not_picked":["Conserve Battery","Sweeping Beam"],"picked":"White Noise","floor":14},{"not_picked":["Reboot","Machine Learning"],"picked":"Amplify","floor":16},{"not_picked":["Rebound","Genetic Algorithm"],"picked":"Redo+1","floor":18},{"not_picked":["Steam Power","Cold Snap+1"],"picked":"Glacier+1","floor":19},{"not_picked":["Sweeping Beam","Reprogram","Redo"],"picked":"SKIP","floor":20}],"player_experience":2858386,"relics_obtained":[{"floor":6,"key":"Potion Belt"},{"floor":9,"key":"Calipers"},{"floor":11,"key":"Pear"},{"floor":14,"key":"Pantograph"}],"event_choices":[{"damage_healed":0,"gold_gain":275,"player_choice":"Desecrate","damage_taken":0,"max_hp_gain":0,"max_hp_loss":0,"event_name":"Golden Shrine","floor":2,"gold_loss":0,"cards_obtained":["Regret"]},{"damage_healed":0,"gold_gain":0,"cards_transformed":["Strike_B"],"player_choice":"Change","damage_taken":0,"max_hp_gain":0,"max_hp_loss":0,"event_name":"Living Wall","floor":5,"gold_loss":0,"cards_obtained":["Reboot"]},{"damage_healed":0,"gold_gain":0,"player_choice":"Take Damage","damage_taken":28,"relics_obtained":["Golden Idol"],"max_hp_gain":0,"max_hp_loss":0,"event_name":"Golden Idol","floor":12,"gold_loss":0}],"is_beta":false,"boss_relics":[{"not_picked":["Busted Crown","Runic Pyramid"],"picked":"White Beast Statue"}],"items_purged_floors":[3],"is_endless":false,"potions_floor_spawned":[1,11,13,18,19,20],"killed_by":"Cultist and Chosen","ascension_level":20}