{"gold_per_floor":[118,68,68,143,155,155,175,175,247,265,278,339,357,174,174,276,276,296,296,315,189,254,279,279,310,365,379,390,440,440,490],"floor_reached":31,"playtime":1955,"items_purged":[],"score":302,"play_id":"55d370ea-e0c1-4b0b-9b4c-9562ce5d09f8","local_time":"20190228181032","is_ascension_mode":false,"campfire_choices":[{"data":"Cloak And Dagger","floor":6.0,"key":"SMITH"},{"floor":8.0,"key":"REST"},{"floor":15,"key":"REST"},{"floor":24,"key":"REST"},{"floor":30,"key":"REST"}],"neow_cost":"NONE","seed_source_timestamp":791309265992735,"circlet_count":0,"master_deck":["Defend_G","Defend_G","Defend_G","Defend_G","Strike_G","Strike_G","Strike_G","Strike_G","Strike_G","Survivor","Neutralize","Cloak And Dagger+1","Blade Dance","Finisher","Noxious Fumes+1","Escape Plan","Masterful Stab","Slice","A Thousand Cuts","Caltrops","Finisher","BootSequence"],"special_seed":0,"relics":["Ring of the Snake","Mercury Hourglass","Tiny Chest","Potion Belt","Lizard Tail","SsserpentHead","Peace Pipe","Calipers","Boot"],"potions_floor_usage":[11,16,20,22,23,23,25,31],"damage_taken":[{"damage":0.0,"enemies":"2 Louse","floor":1.0,"turns":2.0},{"damage":0.0,"enemies":"Small Slimes","floor":5.0,"turns":4.0},{"damage":0.0,"enemies":"Jaw Worm","floor":7.0,"turns":4.0},{"damage":0,"enemies":"Exordium Wildlife","floor":10,"turns":3},{"damage":5,"enemies":"Exordium Thugs","floor":11,"turns":4},{"damage":8,"enemies":"3 Sentries","floor":12,"turns":8},{"damage":0,"enemies":"Large Slime","floor":13,"turns":6},{"damage":52,"enemies":"The Guardian","floor":16,"turns":13},{"damage":4,"enemies":"Chosen","floor":18,"turns":4},{"damage":6,"enemies":"Shell Parasite","floor":20,"turns":7},{"damage":9,"enemies":"Snake Plant","floor":22,"turns":4},{"damage":0,"enemies":"Gremlin Leader","floor":23,"turns":6},{"damage":61,"enemies":"Book of Stabbing","floor":25,"turns":8},{"damage":18,"enemies":"Snecko","floor":27,"turns":5},{"damage":30,"enemies":"Centurion and Healer","floor":28,"turns":6},{"damage":28,"enemies":"Shelled Parasite and Fungi","floor":31,"turns":4}],"seed_played":"6992086391970912031","potions_obtained":[{"floor":0.0,"key":"PowerPotion"},{"floor":0.0,"key":"SkillPotion"},{"floor":0.0,"key":"SteroidPotion"},{"floor":12,"key":"PowerPotion"},{"floor":16,"key":"SkillPotion"},{"floor":25,"key":"Explosive Potion"}],"is_trial":false,"path_per_floor":["M","?","$","?","M","R","M","R","T","M","M","E","M","$","R","B",null,"M","?","M","$","M","E","R","E","T","M","M","?","R","M"],"character_chosen":"THE_SILENT","items_purchased":["Finisher","Potion Belt","Block Potion","Dexterity Potion","Masterful Stab"],"campfire_rested":4,"item_purchase_floors":[14,14,21,21,21],"current_hp_per_floor":[70,70,70,59,59,59,59,70,70,70,65,57,57,57,70,18,70,66,66,60,60,51,51,70,9,9,35,5,5,26,0],"gold":490,"neow_bonus":"THREE_SMALL_POTIONS","is_prod":false,"is_daily":false,"chose_seed":false,"campfire_upgraded":1,"win_rate":0,"timestamp":1551370232,"path_taken":["M","?","$","?","M","R","M","R","T","M","M","E","M","?","R","BOSS","M","?","M","?","?","E","R","E","T","M","M","?","R","?"],"build_version":"2019-01-23","purchased_purges":0,"victory":false,"max_hp_per_floor":[70,70,70,70,70,70,70,70,70,70,70,70,70,70,70,70,70,70,70,70,70,70,70,70,70,70,70,70,70,70,70],"card_choices":[{"not_picked":["Choke","PiercingWail"],"picked":"Cloak And Dagger","floor":1.0},{"not_picked":["Dagger Spray","Acrobatics","Distraction"],"picked":"SKIP","floor":5.0},{"not_picked":["Deflect","PiercingWail","Dagger Throw"],"picked":"SKIP","floor":7.0},{"not_picked":["Leg Sweep","Well Laid Plans","Acrobatics"],"picked":"SKIP","floor":10},{"not_picked":["Eviscerate","Masterful Stab"],"picked":"Blade Dance","floor":11},{"not_picked":["Backflip","Terror","Dash"],"picked":"SKIP","floor":12},{"not_picked":["Quick Slash","Dash","Bane"],"picked":"SKIP","floor":13},{"not_picked":["Grand Finale","Tools of the Trade"],"picked":"Unload","floor":16},{"not_picked":["Setup","Predator+1"],"picked":"Noxious Fumes+1","floor":18},{"not_picked":["Skewer+1","PiercingWail"],"picked":"Escape Plan","floor":20},{"not_picked":["Reflex+1","Deadly Poison","Dagger Throw"],"picked":"SKIP","floor":22},{"not_picked":["Deadly Poison+1","Prepared+1"],"picked":"Slice","floor":23},{"not_picked":["Setup","Slice"],"picked":"A Thousand Cuts","floor":25},{"not_picked":["Poisoned Stab","Slice+1"],"picked":"Caltrops","floor":27},{"not_picked":["Predator","Deadly Poison+1"],"picked":"Finisher","floor":28}],"player_experience":1006298,"relics_obtained":[{"floor":9.0,"key":"Mercury Hourglass"},{"floor":12,"key":"Tiny Chest"},{"floor":23,"key":"Peace Pipe"},{"floor":25,"key":"Calipers"},{"floor":26,"key":"Boot"}],"event_choices":[{"cards_removed":["Defend_G"],"damage_healed":0.0,"max_hp_gain":0.0,"max_hp_loss":0.0,"gold_gain":0.0,"event_name":"The Cleric","player_choice":"Card Removal","floor":2.0,"gold_loss":50.0,"damage_taken":0.0},{"damage_healed":0.0,"max_hp_gain":0.0,"max_hp_loss":0.0,"gold_gain":75.0,"event_name":"World of Goop","player_choice":"Gather Gold","floor":4.0,"gold_loss":0.0,"damage_taken":11.0},{"damage_healed":0,"gold_gain":0,"player_choice":"Trade","damage_taken":0,"relics_obtained":["SsserpentHead"],"max_hp_gain":0,"max_hp_loss":0,"event_name":"FaceTrader","floor":19,"gold_loss":0},{"cards_removed":["Unload"],"damage_healed":0,"gold_gain":0,"player_choice":"Took Card","damage_taken":0,"max_hp_gain":0,"max_hp_loss":0,"event_name":"NoteForYourself","floor":29,"gold_loss":0,"cards_obtained":["BootSequence"]}],"is_beta":false,"boss_relics":[{"not_picked":["Ring of the Serpent","Runic Pyramid"],"picked":"Lizard Tail"}],"items_purged_floors":[],"is_endless":false,"potions_floor_spawned":[7,12,13,16,25],"killed_by":"Shelled Parasite and Fungi","ascension_level":0}