{"gold_per_floor":[119,134,284,4,19,52,52,84,152,152,171,203,203,233,233,312,312,327,327,327,327,327,327,345,378,378,378,251,266,39,51,51,125,125,142,142,242,294,294,294,367,379,453,472,472,472,472,797,797,797,797,797,797,63,96,96],"floor_reached":56,"playtime":3032,"items_purged":["Doubt","Strike_B","Rebound"],"score":2434,"play_id":"4ce5a9a4-20df-4561-9623-cc1574fbe716","local_time":"20190417153959","is_ascension_mode":true,"campfire_choices":[{"data":"Apotheosis","floor":7.0,"key":"SMITH"},{"floor":15.0,"key":"REST"},{"data":"Capacitor","floor":23.0,"key":"SMITH"},{"floor":27.0,"key":"REST"},{"data":"Defragment","floor":32.0,"key":"SMITH"},{"data":"Defend_B","floor":40.0,"key":"PURGE"},{"data":"Defend_B","floor":47.0,"key":"PURGE"},{"floor":49.0,"key":"RECALL"},{"data":"Zap","floor":53.0,"key":"PURGE"}],"neow_cost":"TEN_PERCENT_HP_LOSS","seed_source_timestamp":125524073020600,"circlet_count":0,"master_deck":["AscendersBane","Dualcast","Hologram","Apotheosis+1","Darkness+1","Capacitor+1","Glacier","Cold Snap","Chill","Echo Form","Ghostly","Ghostly","Ghostly","FTL","Chill","Defragment+1","Self Repair","Static Discharge"],"special_seed":0,"relics":["Cracked Core","FossilizedHelix","Smiling Mask","Cables","Regal Pillow","Dream Catcher","Nuclear Battery","Mercury Hourglass","Singing Bowl","Strange Spoon","Busted Crown","Girya","Peace Pipe","Sundial","Old Coin","Lantern","ClockworkSouvenir","Bag of Marbles","Oddly Smooth Stone"],"potions_floor_usage":[56],"damage_taken":[{"damage":2.0,"enemies":"Jaw Worm","floor":1.0,"turns":4.0},{"damage":3.0,"enemies":"2 Louse","floor":2.0,"turns":3.0},{"damage":6.0,"enemies":"Cultist","floor":5.0,"turns":3.0},{"damage":6.0,"enemies":"Gremlin Nob","floor":6.0,"turns":3.0},{"damage":0.0,"enemies":"Lagavulin","floor":8.0,"turns":5.0},{"damage":0.0,"enemies":"2 Fungi Beasts","floor":11.0,"turns":3.0},{"damage":38.0,"enemies":"Gremlin Nob","floor":12.0,"turns":5.0},{"damage":0.0,"enemies":"3 Sentries","floor":14.0,"turns":9.0},{"damage":0.0,"enemies":"The Guardian","floor":16.0,"turns":12.0},{"damage":0.0,"enemies":"Shell Parasite","floor":18.0,"turns":5.0},{"damage":0.0,"enemies":"Chosen","floor":24.0,"turns":6.0},{"damage":14.0,"enemies":"Book of Stabbing","floor":25.0,"turns":6.0},{"damage":0.0,"enemies":"3 Cultists","floor":29.0,"turns":5.0},{"damage":8.0,"enemies":"Snake Plant","floor":31.0,"turns":5.0},{"damage":0.0,"enemies":"Collector","floor":33.0,"turns":13.0},{"damage":1.0,"enemies":"Orb Walker","floor":35.0,"turns":5.0},{"damage":0.0,"enemies":"Mind Bloom Boss Battle","floor":37.0,"turns":8.0},{"damage":31.0,"enemies":"2 Orb Walkers","floor":38.0,"turns":7.0},{"damage":11.0,"enemies":"3 Darklings","floor":42.0,"turns":7.0},{"damage":0.0,"enemies":"Spire Growth","floor":44.0,"turns":5.0},{"damage":0.0,"enemies":"Giant Head","floor":48.0,"turns":11.0},{"damage":0.0,"enemies":"Awakened One","floor":50.0,"turns":13.0},{"damage":33.0,"enemies":"Time Eater","floor":51.0,"turns":20.0},{"damage":33.0,"enemies":"Shield and Spear","floor":55.0,"turns":16.0},{"damage":6,"enemies":"The Heart","floor":56,"turns":4}],"seed_played":"-1261732184055467528","potions_obtained":[{"floor":2.0,"key":"Explosive Potion"},{"floor":11.0,"key":"Block Potion"},{"floor":16.0,"key":"EssenceOfSteel"},{"floor":29.0,"key":"FocusPotion"},{"floor":31.0,"key":"SkillPotion"},{"floor":33.0,"key":"Regen Potion"},{"floor":35.0,"key":"Regen Potion"},{"floor":48.0,"key":"Energy Potion"}],"is_trial":false,"path_per_floor":["M","M","?","$","M","E","R","E","T","?","M","E","?","E","R","B",null,"M","?","?","?","?","R","M","E","T","R","$","M","$","M","R","B",null,"M","?","?","?","?","R","T","M","T","M","?","?","R","E","R","B","B",null,"R","$","E","B"],"character_chosen":"DEFECT","items_purchased":["Apotheosis","Defragment","Strange Spoon","Lantern","ClockworkSouvenir","FocusPotion","Bag of Marbles","Static Discharge"],"campfire_rested":2,"item_purchase_floors":[4,28,30,54,54,54,54,54],"current_hp_per_floor":[62,59,59,59,53,47,47,47,47,47,47,9,9,9,43,43,59,59,59,32,32,32,32,32,18,18,32,32,32,32,34,34,36,36,38,38,40,31,31,31,31,29,29,46,44,40,40,52,52,52,29,46,46,46,22,16],"gold":96,"neow_bonus":"REMOVE_TWO","is_prod":false,"is_daily":false,"chose_seed":false,"campfire_upgraded":3,"win_rate":0,"timestamp":1555483199,"path_taken":["M","M","?","$","M","E","R","E","T","?","M","E","?","E","R","BOSS","M","?","?","?","?","R","?","E","T","R","$","M","$","M","R","BOSS","M","?","?","?","?","R","?","M","T","?","?","?","R","E","R","BOSS","BOSS","R","$","E","BOSS"],"build_version":"2019-01-23","purchased_purges":3,"victory":false,"max_hp_per_floor":[64,64,64,64,64,64,64,64,64,64,64,64,64,64,64,64,64,64,64,32,32,32,32,32,32,32,32,32,32,32,34,34,36,36,38,38,40,42,42,42,42,44,44,46,44,50,50,52,52,52,52,52,52,52,54,54],"card_choices":[{"not_picked":["Go for the Eyes","Stack"],"picked":"Hologram","floor":1.0},{"not_picked":["Stack","Turbo"],"picked":"Rebound","floor":2.0},{"not_picked":["Go for the Eyes","Fusion","Rebound"],"picked":"SKIP","floor":5.0},{"not_picked":["Stack","Redo"],"picked":"Darkness","floor":6.0},{"not_picked":["Redo","Chill"],"picked":"Capacitor","floor":8.0},{"not_picked":["Doom and Gloom","Compile Driver"],"picked":"Glacier","floor":11.0},{"not_picked":["Rip and Tear","Doom and Gloom"],"picked":"Cold Snap","floor":12.0},{"not_picked":["Streamline","Beam Cell"],"picked":"Chill","floor":14.0},{"not_picked":["Meteor Strike","Hyperbeam"],"picked":"Echo Form","floor":16.0},{"not_picked":["Steam","Hello World","BootSequence"],"picked":"SKIP","floor":18.0},{"not_picked":["Beam Cell","Rebound","Sweeping Beam"],"picked":"SKIP","floor":24.0},{"not_picked":["Leap","Streamline","Gash"],"picked":"SKIP","floor":25.0},{"not_picked":["Stack","Steam"],"picked":"Chill","floor":27.0},{"not_picked":["Sweeping Beam","Steam"],"picked":"Self Repair","floor":29.0},{"not_picked":["Leap","Compile Driver+1","Streamline"],"picked":"Singing Bowl","floor":31.0},{"not_picked":["Hyperbeam","Thunder Strike","Machine Learning"],"picked":"Singing Bowl","floor":33.0},{"not_picked":["Compile Driver"],"picked":"Singing Bowl","floor":35.0},{"not_picked":["Sweeping Beam"],"picked":"Singing Bowl","floor":37.0},{"not_picked":["Rebound+1"],"picked":"Singing Bowl","floor":38.0},{"not_picked":["Skim"],"picked":"Singing Bowl","floor":42.0},{"not_picked":["BootSequence+1"],"picked":"Singing Bowl","floor":44.0},{"not_picked":["Dark Shackles"],"picked":"Singing Bowl","floor":46.0},{"not_picked":["Magnetism"],"picked":"Singing Bowl","floor":46.0},{"not_picked":["Mayhem"],"picked":"Singing Bowl","floor":46.0},{"not_picked":["Beam Cell+1"],"picked":"Singing Bowl","floor":48.0},{"not_picked":["Ball Lightning+1"],"picked":"Singing Bowl","floor":55.0}],"player_experience":3193491,"relics_obtained":[{"floor":6.0,"key":"FossilizedHelix"},{"floor":8.0,"key":"Smiling Mask"},{"floor":9.0,"key":"Cables"},{"floor":12.0,"key":"Regal Pillow"},{"floor":14.0,"key":"Dream Catcher"},{"floor":25.0,"key":"Mercury Hourglass"},{"floor":26.0,"key":"Singing Bowl"},{"floor":37.0,"key":"Girya"},{"floor":38.0,"key":"Peace Pipe"},{"floor":43.0,"key":"Sundial"},{"floor":48.0,"key":"Old Coin"},{"floor":55.0,"key":"Oddly Smooth Stone"}],"event_choices":[{"damage_healed":0.0,"max_hp_gain":0.0,"max_hp_loss":0.0,"gold_gain":150.0,"event_name":"Liars Game","player_choice":"AGREE","floor":3.0,"gold_loss":0.0,"damage_taken":0.0,"cards_obtained":["Doubt"]},{"damage_healed":0.0,"max_hp_gain":0.0,"max_hp_loss":0.0,"gold_gain":0.0,"cards_transformed":["Defend_B"],"event_name":"Living Wall","player_choice":"Change","floor":10.0,"gold_loss":0.0,"damage_taken":0.0,"cards_obtained":["Cold Snap"]},{"damage_healed":0.0,"max_hp_gain":0.0,"max_hp_loss":0.0,"gold_gain":0.0,"event_name":"Accursed Blacksmith","player_choice":"Forge","floor":13.0,"gold_loss":0.0,"damage_taken":0.0,"cards_upgraded":["Darkness"]},{"cards_removed":["Strike_B"],"damage_healed":0.0,"max_hp_gain":0.0,"max_hp_loss":0.0,"gold_gain":0.0,"event_name":"Back to Basics","player_choice":"Elegance","floor":19.0,"gold_loss":0.0,"damage_taken":0.0},{"damage_healed":0.0,"max_hp_gain":0.0,"max_hp_loss":32.0,"gold_gain":0.0,"event_name":"Ghosts","player_choice":"Became a Ghost","floor":20.0,"gold_loss":0.0,"damage_taken":0.0,"cards_obtained":["Ghostly","Ghostly","Ghostly"]},{"damage_healed":0.0,"max_hp_gain":0.0,"max_hp_loss":0.0,"gold_gain":0.0,"event_name":"Vampires","player_choice":"Ignored","floor":21.0,"gold_loss":0.0,"damage_taken":0.0},{"damage_healed":0.0,"max_hp_gain":0.0,"max_hp_loss":0.0,"gold_gain":0.0,"cards_transformed":["Strike_B"],"event_name":"Transmorgrifier","player_choice":"Transformed","floor":22.0,"gold_loss":0.0,"damage_taken":0.0,"cards_obtained":["FTL"]},{"cards_removed":["Cold Snap"],"damage_healed":0.0,"max_hp_gain":0.0,"max_hp_loss":0.0,"gold_gain":0.0,"event_name":"Falling","player_choice":"Removed Attack","floor":36.0,"gold_loss":0.0,"damage_taken":0.0},{"damage_healed":0.0,"max_hp_gain":0.0,"max_hp_loss":0.0,"gold_gain":0.0,"event_name":"MindBloom","player_choice":"Fight","floor":37.0,"gold_loss":0.0,"damage_taken":0.0},{"damage_healed":0.0,"max_hp_gain":0.0,"max_hp_loss":0.0,"gold_gain":0.0,"event_name":"Mysterious Sphere","player_choice":"Fight","floor":38.0,"gold_loss":0.0,"damage_taken":0.0},{"damage_healed":0.0,"max_hp_gain":0.0,"max_hp_loss":0.0,"gold_gain":0.0,"event_name":"Tomb of Lord Red Mask","player_choice":"Ignored","floor":39.0,"gold_loss":0.0,"damage_taken":0.0},{"damage_healed":0.0,"max_hp_gain":0.0,"max_hp_loss":2.0,"gold_gain":0.0,"event_name":"Winding Halls","player_choice":"Max HP","floor":45.0,"gold_loss":0.0,"damage_taken":0.0},{"damage_healed":0.0,"max_hp_gain":0.0,"max_hp_loss":0.0,"gold_gain":0.0,"event_name":"SensoryStone","player_choice":"Memory 3","floor":46.0,"gold_loss":0.0,"damage_taken":10.0}],"is_beta":false,"boss_relics":[{"not_picked":["Calling Bell","Runic Pyramid"],"picked":"Nuclear Battery"},{"not_picked":["FrozenCore","Lizard Tail"],"picked":"Busted Crown"}],"items_purged_floors":[4,28,54],"is_endless":false,"potions_floor_spawned":[2,11,16,24,29,31,33,35,37,48,55],"killed_by":"The Heart","ascension_level":20}