{"gold_per_floor":[219,233,233,11,11,47,62,93,167,205,226,79,99,99,99,99],"floor_reached":16,"playtime":810,"items_purged":["Strike_B"],"score":182,"play_id":"a6f7ed04-c27b-4a6e-b981-7339f879c1e0","local_time":"20181121084604","is_ascension_mode":true,"campfire_choices":[{"data":"Defragment","floor":15,"key":"SMITH"}],"neow_cost":"NONE","seed_source_timestamp":952689444533552,"circlet_count":0,"master_deck":["AscendersBane","Strike_B","Strike_B+1","Strike_B+1","Defend_B","Defend_B","Defend_B","Defend_B","Zap","Dualcast","FTL","Reinforced Body","Electrodynamics","Panacea","Ball Lightning","Compile Driver","Defragment+1","Conserve Battery","Genetic Algorithm"],"relics":["Cracked Core","Golden Idol","Emotion Chip","Orichalcum","Pantograph","Odd Mushroom"],"potions_floor_usage":[8,11,16,16,16],"damage_taken":[{"damage":0,"enemies":"2 Louse","floor":1,"turns":3},{"damage":0,"enemies":"Small Slimes","floor":2,"turns":2},{"damage":21,"enemies":"Gremlin Nob","floor":6,"turns":4},{"damage":0,"enemies":"Cultist","floor":7,"turns":2},{"damage":16,"enemies":"Lagavulin","floor":8,"turns":6},{"damage":0,"enemies":"The Mushroom Lair","floor":10,"turns":2},{"damage":0,"enemies":"Exordium Thugs","floor":11,"turns":4},{"damage":9,"enemies":"3 Louse","floor":13,"turns":2},{"damage":37,"enemies":"Slime Boss","floor":16,"turns":5}],"seed_played":"-1250712918387452411","potions_obtained":[{"floor":1,"key":"FocusPotion"},{"floor":6,"key":"PowerPotion"},{"floor":10,"key":"Fire Potion"},{"floor":11,"key":"SkillPotion"},{"floor":14,"key":"EntropicBrew"}],"is_trial":false,"path_per_floor":["M","M","?","$","?","E","M","E","T","?","M","$","M","?","R","B"],"character_chosen":"DEFECT","items_purchased":["Electrodynamics","Panacea","Genetic Algorithm"],"campfire_rested":0,"item_purchase_floors":[4,4,12],"current_hp_per_floor":[68,68,53,53,53,32,32,16,16,16,16,16,7,7,7,0],"gold":99,"neow_bonus":"HUNDRED_GOLD","is_prod":false,"is_daily":false,"chose_seed":false,"campfire_upgraded":1,"win_rate":0,"timestamp":1542761164,"path_taken":["M","M","?","$","?","E","M","E","T","?","M","$","M","?","R","BOSS"],"build_version":"2018-11-15","purchased_purges":1,"victory":false,"max_hp_per_floor":[75,75,75,75,69,69,69,69,69,69,69,69,69,69,69,69],"card_choices":[{"not_picked":["Stack","Blizzard"],"picked":"FTL","floor":1},{"not_picked":["Darkness","Recycle"],"picked":"Reinforced Body","floor":2},{"not_picked":["Self Repair","Meteor Strike"],"picked":"Ball Lightning","floor":6},{"not_picked":["Rip and Tear","Turbo","Barrage"],"picked":"SKIP","floor":7},{"not_picked":["Undo","Rebound"],"picked":"Compile Driver","floor":8},{"not_picked":["Coolheaded","Steam"],"picked":"Defragment","floor":10},{"not_picked":["Hologram","Chaos"],"picked":"Conserve Battery","floor":11},{"not_picked":["Genetic Algorithm","Rebound","Conserve Battery"],"picked":"SKIP","floor":13}],"player_experience":508031,"relics_obtained":[{"floor":6,"key":"Emotion Chip"},{"floor":8,"key":"Orichalcum"},{"floor":9,"key":"Pantograph"},{"floor":10,"key":"Odd Mushroom"}],"event_choices":[{"damage_healed":0,"gold_gain":0,"player_choice":"Entered Light","damage_taken":15,"max_hp_gain":0,"max_hp_loss":0,"event_name":"Shining Light","floor":3,"gold_loss":0,"cards_upgraded":["Strike_B","Strike_B"]},{"damage_healed":0,"gold_gain":0,"player_choice":"Lose Max HP","damage_taken":0,"relics_obtained":["Golden Idol"],"max_hp_gain":0,"max_hp_loss":6,"event_name":"Golden Idol","floor":5,"gold_loss":0},{"damage_healed":0,"gold_gain":0,"player_choice":"Fought Mushrooms","damage_taken":0,"max_hp_gain":0,"max_hp_loss":0,"event_name":"Mushrooms","floor":10,"gold_loss":0},{"damage_healed":0,"gold_gain":0,"player_choice":"Got Potions","damage_taken":0,"max_hp_gain":0,"max_hp_loss":0,"event_name":"Lab","floor":14,"gold_loss":0}],"is_beta":true,"boss_relics":[],"items_purged_floors":[12],"is_endless":false,"potions_floor_spawned":[1,6,10,11,13],"killed_by":"Slime Boss","ascension_level":13}