{"path_per_floor":["M","?","M","?","M","R","?","E","T","R","M","M","M","M","R","B",null,"M","?","?","M","?","R","$","M","T","R","?","E","R","M","R"],"character_chosen":"DEFECT","items_purchased":["Capacitor","Oddly Smooth Stone"],"gold_per_floor":[116,116,136,86,106,106,206,231,231,231,247,262,272,290,290,385,385,402,402,402,419,419,419,222,233,233,233,233,265,265,281,281,281],"floor_reached":33,"campfire_rested":1,"playtime":1076,"current_hp_per_floor":[68,73,71,71,68,68,68,33,33,33,40,50,58,58,58,25,66,47,47,47,38,38,38,38,39,39,39,39,12,36,32,32,0],"items_purged":[],"gold":281,"score":360,"play_id":"feac0789-5fd7-44d2-8884-a8fe41f1d5aa","local_time":"20180517211038","is_prod":false,"is_daily":false,"chose_seed":false,"is_ascension_mode":true,"campfire_upgraded":3,"timestamp":1526562638,"campfire_choices":[{"data":"Sunder","floor":6,"key":"SMITH"},{"data":"1","floor":10,"key":"LIFT"},{"data":"Zap","floor":15,"key":"SMITH"},{"data":"2","floor":23,"key":"LIFT"},{"data":"3","floor":27,"key":"LIFT"},{"floor":30,"key":"REST"},{"data":"Dualcast","floor":32,"key":"SMITH"}],"path_taken":["M","?","M","?","M","R","?","E","T","R","M","?","M","M","R","BOSS","M","?","?","M","?","R","$","?","T","R","?","E","R","M","R","BOSS"],"build_version":"2018-05-16","seed_source_timestamp":535523460188989,"purchased_purges":1,"victory":false,"master_deck":["Strike_B+1","Strike_B+1","Strike_B+1","Defend_B+1","Defend_B+1","Defend_B+1","Defend_B+1","Zap+1","Dualcast+1","FTL","Sunder+1","Self Repair+1","Electrodynamics+1","FTL","Thunder Strike+1","Barrage+1","Capacitor+1","Skim+1","BootSequence"],"max_hp_per_floor":[75,80,80,80,80,80,80,80,80,80,80,80,80,80,80,80,80,80,80,80,80,80,80,80,80,80,80,80,80,80,80,80,80],"relics":["Cracked Core","Frozen Egg 2","Girya","Sozu","Oddly Smooth Stone","Darkstone Periapt","Letter Opener"],"card_choices":[{"not_picked":["Lockon","Go for the Eyes"],"picked":"FTL","floor":1},{"not_picked":["Streamline","Hologram"],"picked":"Sunder","floor":3},{"not_picked":["Steam","Capacitor","Reprogram"],"picked":"SKIP","floor":5},{"not_picked":["Static Discharge","Turbo"],"picked":"Self Repair","floor":8},{"not_picked":["Steam Power","Go for the Eyes","Axe Kick"],"picked":"SKIP","floor":11},{"not_picked":["Sweeping Beam","Go for the Eyes"],"picked":"Electrodynamics+1","floor":12},{"not_picked":["Hologram","Beam Cell","Go for the Eyes"],"picked":"SKIP","floor":13},{"not_picked":["Leap","Coolheaded"],"picked":"FTL","floor":14},{"not_picked":["Multi-Cast","Creative AI+1"],"picked":"Thunder Strike","floor":16},{"not_picked":["Doom and Gloom","Steam"],"picked":"Barrage","floor":18},{"not_picked":["Stack","Go for the Eyes+1","Streamline"],"picked":"SKIP","floor":21},{"not_picked":["Streamline","Darkness+1"],"picked":"Skim+1","floor":25},{"not_picked":["Steam","Steam Power","Coolheaded"],"picked":"SKIP","floor":29},{"not_picked":["Rebound","Axe Kick"],"picked":"BootSequence","floor":31}],"player_experience":387821,"potions_floor_usage":[16,16,29,33],"damage_taken":[{"damage":0,"enemies":"2 Louse","floor":1,"turns":2},{"damage":2,"enemies":"Jaw Worm","floor":3,"turns":3},{"damage":3,"enemies":"Small Slimes","floor":5,"turns":3},{"damage":35,"enemies":"Lagavulin","floor":8,"turns":4},{"damage":3,"enemies":"Blue Slaver","floor":11,"turns":3},{"damage":0,"enemies":"2 Fungi Beasts","floor":12,"turns":2},{"damage":2,"enemies":"Exordium Thugs","floor":13,"turns":4},{"damage":0,"enemies":"3 Louse","floor":14,"turns":1},{"damage":43,"enemies":"Hexaghost","floor":16,"turns":6},{"damage":29,"enemies":"2 Thieves","floor":18,"turns":4},{"damage":19,"enemies":"Shell Parasite","floor":21,"turns":4},{"damage":9,"enemies":"Snecko","floor":25,"turns":4},{"damage":37,"enemies":"Slavers","floor":29,"turns":4},{"damage":14,"enemies":"Centurion and Healer","floor":31,"turns":3},{"damage":44,"enemies":"Collector","floor":33,"turns":5}],"relics_obtained":[{"floor":8,"key":"Frozen Egg 2"},{"floor":9,"key":"Girya"},{"floor":26,"key":"Darkstone Periapt"},{"floor":29,"key":"Letter Opener"}],"event_choices":[{"event_name":"Big Fish","player_choice":"Donut","floor":2,"damage_taken":0},{"event_name":"The Cleric","player_choice":"Card Removal","floor":4,"damage_taken":0},{"event_name":"Golden Shrine","player_choice":"Pray","floor":7,"damage_taken":0},{"event_name":"Back to Basics","player_choice":"Simplicity","floor":19,"damage_taken":0},{"event_name":"Vampires","player_choice":"Ignored","floor":20,"damage_taken":0},{"event_name":"Accursed Blacksmith","player_choice":"Forge","floor":22,"damage_taken":0},{"event_name":"Upgrade Shrine","player_choice":"Upgraded","floor":28,"damage_taken":0}],"boss_relics":[{"not_picked":["Tiny House","Runic Pyramid"],"picked":"Sozu"}],"potions_floor_spawned":[1,11,13,16,18,25],"seed_played":"-8576067041462909139","killed_by":"Collector","ascension_level":7,"potions_obtained":[{"floor":1,"key":"Explosive Potion"},{"floor":11,"key":"AttackPotion"},{"floor":13,"key":"GamblersBrew"},{"floor":16,"key":"Swift Potion"}],"is_trial":false}