{"gold_per_floor":[219,100,119,129,148,148,248,274,297,297,7,18,49,61,73,190,202,228,55,71,89,103,103,138,138,138,138,138],"floor_reached":28,"playtime":1410,"items_purged":["Decay"],"score":397,"play_id":"fb59294b-ce65-4191-8dbc-90b76f114fa0","local_time":"20180908194210","is_ascension_mode":true,"campfire_choices":[{"data":"Doom and Gloom","floor":6,"key":"SMITH"},{"data":"Redo","floor":10,"key":"SMITH"},{"floor":15,"key":"REST"},{"data":"Echo Form","floor":23,"key":"SMITH"},{"data":"Sunder","floor":25,"key":"SMITH"},{"data":"Fusion","floor":27,"key":"SMITH"}],"neow_cost":"NONE","seed_source_timestamp":2078088035344475,"circlet_count":0,"master_deck":["Strike_B","Strike_B","Strike_B","Strike_B","Defend_B","Defend_B","Defend_B","Defend_B","Zap+1","Dualcast","AscendersBane","Rebound","Self Repair","Redo+1","Doom and Gloom+1","Self Repair","Ball Lightning","Ball Lightning","Echo Form+1","Parasite","Parasite","Glacier","Fusion+1","Compile Driver+1","Self Repair","Heatsinks","Sunder+1"],"relics":["Cracked Core","Anchor","Happy Flower","Gremlin Horn","MawBank","Calling Bell","FossilizedHelix","Dodecahedron","Dream Catcher","Frozen Egg 2","Peace Pipe"],"potions_floor_usage":[8,13,20,21,22],"damage_taken":[{"damage":0,"enemies":"Small Slimes","floor":1,"turns":2},{"damage":1,"enemies":"Cultist","floor":3,"turns":4},{"damage":4,"enemies":"Jaw Worm","floor":4,"turns":3},{"damage":7,"enemies":"Looter","floor":5,"turns":4},{"damage":10,"enemies":"Gremlin Nob","floor":8,"turns":3},{"damage":4,"enemies":"Red Slaver","floor":12,"turns":3},{"damage":28,"enemies":"Lagavulin","floor":13,"turns":5},{"damage":53,"enemies":"The Guardian","floor":16,"turns":8},{"damage":8,"enemies":"Chosen","floor":18,"turns":5},{"damage":18,"enemies":"Shell Parasite","floor":20,"turns":5},{"damage":0,"enemies":"Centurion and Healer","floor":21,"turns":5},{"damage":22,"enemies":"Chosen and Byrds","floor":22,"turns":6},{"damage":24,"enemies":"Gremlin Leader","floor":24,"turns":7},{"damage":72,"enemies":"Book of Stabbing","floor":28,"turns":5}],"seed_played":"-1461109599994727663","potions_obtained":[{"floor":1,"key":"Regen Potion"},{"floor":13,"key":"Ancient Potion"},{"floor":20,"key":"Fire Potion"}],"is_trial":false,"path_per_floor":["M","$","M","M","M","R","?","E","T","R","$","M","E","?","R","B",null,"M","$","M","M","M","R","E","R","T","R"],"character_chosen":"DEFECT","items_purchased":["Self Repair","PowerPotion","Gremlin Horn","Block Potion","Glacier","Fusion"],"campfire_rested":1,"item_purchase_floors":[2,2,11,11,19,19],"current_hp_per_floor":[68,68,74,75,75,75,75,72,72,72,72,75,61,61,75,36,65,57,57,60,74,73,73,70,70,70,70,0],"gold":138,"neow_bonus":"HUNDRED_GOLD","is_prod":false,"is_daily":false,"chose_seed":false,"campfire_upgraded":5,"win_rate":0,"timestamp":1536424930,"path_taken":["M","$","M","M","M","R","?","E","T","R","$","M","E","?","R","BOSS","M","$","M","?","M","R","E","R","T","R","E"],"build_version":"2018-09-06","purchased_purges":1,"victory":false,"max_hp_per_floor":[75,75,75,75,75,75,75,75,75,75,75,75,75,75,75,75,75,75,75,75,75,75,75,75,75,75,75,75],"card_choices":[{"not_picked":["Rip and Tear","Leap"],"picked":"Rebound","floor":1},{"not_picked":["BootSequence","Hologram"],"picked":"Redo","floor":3},{"not_picked":["Sweeping Beam","Conserve Battery"],"picked":"Doom and Gloom","floor":4},{"not_picked":["Hologram","Beam Cell"],"picked":"Self Repair","floor":5},{"not_picked":["Turbo","Compile Driver","Multi-Cast"],"picked":"SKIP","floor":8},{"not_picked":["FTL","Cold Snap"],"picked":"Ball Lightning","floor":12},{"not_picked":["Rebound","Sweeping Beam"],"picked":"Ball Lightning","floor":13},{"not_picked":["Biased Cognition","Amplify"],"picked":"Echo Form","floor":16},{"not_picked":["Sweeping Beam","Stack","Compile Driver"],"picked":"SKIP","floor":18},{"not_picked":["Go for the Eyes","Double Energy"],"picked":"Compile Driver+1","floor":20},{"not_picked":["Rip and Tear","Chill"],"picked":"Self Repair","floor":21},{"not_picked":["Auto Shields","BootSequence"],"picked":"Heatsinks","floor":22},{"not_picked":["Auto Shields","Steam"],"picked":"Sunder","floor":24}],"player_experience":695761,"relics_obtained":[{"floor":8,"key":"Anchor"},{"floor":9,"key":"Happy Flower"},{"floor":13,"key":"MawBank"},{"floor":17,"key":"FossilizedHelix"},{"floor":17,"key":"Dodecahedron"},{"floor":17,"key":"Dream Catcher"},{"floor":24,"key":"Frozen Egg 2"},{"floor":26,"key":"Peace Pipe"}],"event_choices":[{"event_name":"Golden Shrine","player_choice":"Pray","floor":7,"damage_taken":0},{"event_name":"Accursed Blacksmith","player_choice":"Forge","floor":14,"damage_taken":0}],"is_beta":false,"boss_relics":[{"not_picked":["Astrolabe","Pandora\u0027s Box"],"picked":"Calling Bell"}],"items_purged_floors":[19],"is_endless":false,"potions_floor_spawned":[1,12,13,20],"killed_by":"Book of Stabbing","ascension_level":12}