{"gold_per_floor":[117,117,117,192,342,375,375,385,456,40,50,61,61,61,61,134,134,134],"floor_reached":18,"playtime":607,"items_purged":["Doubt"],"score":366,"play_id":"9ef5d7c7-ef8b-4e0b-8d9e-42558ef19fa8","local_time":"20190424204310","is_ascension_mode":true,"campfire_choices":[{"data":"Feed","floor":7,"key":"SMITH"},{"floor":13,"key":"REST"},{"data":"Barricade","floor":15,"key":"SMITH"}],"neow_cost":"NONE","seed_source_timestamp":204697401801100,"circlet_count":0,"master_deck":["AscendersBane","Strike_R","Strike_R","Strike_R","Strike_R","Defend_R","Defend_R+1","Defend_R","Defend_R+1","Bash","Feed+1","Evolve","Whirlwind","Barricade+1","Seeing Red","Reaper","Parasite","Pain","Regret"],"relics":["Burning Blood","NeowsBlessing","Pantograph","Self Forming Clay","Tiny Chest","Calling Bell","Blood Vial","Kunai","FossilizedHelix"],"potions_floor_usage":[16,16],"damage_taken":[{"damage":0,"enemies":"2 Louse","floor":1,"turns":1},{"damage":0,"enemies":"Lagavulin","floor":6,"turns":2},{"damage":0,"enemies":"Small Slimes","floor":8,"turns":2},{"damage":19,"enemies":"Jaw Worm","floor":11,"turns":6},{"damage":44,"enemies":"Exordium Thugs","floor":12,"turns":7},{"damage":2,"enemies":"The Guardian","floor":16,"turns":12},{"damage":68,"enemies":"3 Byrds","floor":18,"turns":11}],"seed_played":"8482622409908991236","potions_obtained":[{"floor":11,"key":"Weak Potion"},{"floor":12,"key":"PowerPotion"}],"is_trial":false,"path_per_floor":["M","?","?","?","?","E","R","M","T","$","M","M","R","$","R","B",null,"M"],"character_chosen":"IRONCLAD","items_purchased":["Whirlwind","Tiny Chest","Barricade"],"campfire_rested":1,"item_purchase_floors":[10,10,10],"current_hp_per_floor":[74,74,51,40,40,49,49,59,59,59,50,16,43,43,43,72,86,30],"gold":134,"neow_bonus":"THREE_ENEMY_KILL","is_prod":false,"is_daily":false,"chose_seed":false,"campfire_upgraded":2,"win_rate":0,"timestamp":1556106190,"path_taken":["M","?","?","?","?","E","R","?","T","$","M","M","R","?","R","BOSS","M"],"build_version":"2019-01-23","purchased_purges":1,"victory":false,"max_hp_per_floor":[75,75,75,75,75,78,78,82,82,82,86,90,90,90,90,90,90,94],"card_choices":[{"not_picked":["Flex","Wild Strike","Warcry"],"picked":"SKIP","floor":1},{"not_picked":["Dropkick","Burning Pact","Wild Strike"],"picked":"SKIP","floor":6},{"not_picked":["Wild Strike","Perfected Strike"],"picked":"Evolve","floor":8},{"not_picked":["Headbutt","Armaments"],"picked":"Seeing Red","floor":11},{"not_picked":["Headbutt","Flex","Clothesline"],"picked":"SKIP","floor":12},{"not_picked":["Brutality","Double Tap"],"picked":"Reaper","floor":16}],"player_experience":3352539,"relics_obtained":[{"floor":6,"key":"Pantograph"},{"floor":9,"key":"Self Forming Clay"},{"floor":17,"key":"Blood Vial"},{"floor":17,"key":"Kunai"},{"floor":17,"key":"FossilizedHelix"}],"event_choices":[{"damage_healed":0,"gold_gain":0,"cards_transformed":["Strike_R"],"player_choice":"Change","damage_taken":0,"max_hp_gain":0,"max_hp_loss":0,"event_name":"Living Wall","floor":2,"gold_loss":0,"cards_obtained":["Feed"]},{"damage_healed":0,"gold_gain":0,"player_choice":"Entered Light","damage_taken":23,"max_hp_gain":0,"max_hp_loss":0,"event_name":"Shining Light","floor":3,"gold_loss":0,"cards_upgraded":["Defend_R","Defend_R"]},{"damage_healed":0,"gold_gain":75,"player_choice":"Gather Gold","damage_taken":11,"max_hp_gain":0,"max_hp_loss":0,"event_name":"World of Goop","floor":4,"gold_loss":0},{"damage_healed":0,"gold_gain":150,"player_choice":"AGREE","damage_taken":0,"max_hp_gain":0,"max_hp_loss":0,"event_name":"Liars Game","floor":5,"gold_loss":0,"cards_obtained":["Doubt"]}],"is_beta":false,"boss_relics":[{"not_picked":["Tiny House","Black Blood"],"picked":"Calling Bell"}],"items_purged_floors":[10],"is_endless":false,"potions_floor_spawned":[11,12],"killed_by":"3 Byrds","ascension_level":20}