{"gold_per_floor":[114,125,36,1,28,40,52,104,116,39,39,39,63,63,63,152,152,165,165,188,212,225,225,225,225,225,225,245,265,115,136,136,234,234,253,277,277,48,48,81,206,126,126,166,166,166],"floor_reached":46,"playtime":1865,"items_purged":["Beam Cell","Zap"],"score":973,"play_id":"b9af1986-94de-4cdf-a174-bbb32b970db4","local_time":"20190408185550","is_ascension_mode":true,"campfire_choices":[{"data":"Loop","floor":6.0,"key":"SMITH"},{"data":"Consume","floor":11.0,"key":"SMITH"},{"data":"Creative AI","floor":15.0,"key":"SMITH"},{"floor":23.0,"key":"REST"},{"data":"Loop","floor":25.0,"key":"SMITH"},{"data":"Capacitor","floor":27.0,"key":"SMITH"},{"data":"Defragment","floor":32.0,"key":"SMITH"}],"neow_cost":"NONE","seed_source_timestamp":146004570182000,"circlet_count":0,"master_deck":["AscendersBane","Dualcast","Consume+1","Loop+1","Cold Snap","Capacitor+1","Creative AI+1","Glacier+1","Sweeping Beam","FTL","Genetic Algorithm+1","Lockon","FTL","Echo Form","Consume+1","Loop+1","Capacitor","Turbo+1","Self Repair","Defragment+1","Loop","Turbo+1","Electrodynamics","Reinforced Body+1","Blizzard","Dark Shackles+1","Purity+1","Madness+1","Darkness+1","Pain"],"special_seed":0,"relics":["Cracked Core","Oddly Smooth Stone","MawBank","Golden Idol","Potion Belt","Toxic Egg 2","Pandora\u0027s Box","Cables","Cursed Key","Medical Kit","The Courier","StoneCalendar","Mummified Hand"],"potions_floor_usage":[44],"damage_taken":[{"damage":5.0,"enemies":"Jaw Worm","floor":1.0,"turns":4.0},{"damage":2.0,"enemies":"2 Louse","floor":2.0,"turns":3.0},{"damage":22.0,"enemies":"Lagavulin","floor":8.0,"turns":7.0},{"damage":2.0,"enemies":"Small Slimes","floor":13.0,"turns":4.0},{"damage":7.0,"enemies":"The Guardian","floor":16.0,"turns":15.0},{"damage":11.0,"enemies":"Spheric Guardian","floor":18.0,"turns":7.0},{"damage":13.0,"enemies":"Chosen","floor":20.0,"turns":10.0},{"damage":0.0,"enemies":"Snecko","floor":21.0,"turns":10.0},{"damage":31.0,"enemies":"Centurion and Healer","floor":22.0,"turns":10.0},{"damage":21.0,"enemies":"Sentry and Sphere","floor":28.0,"turns":7.0},{"damage":0.0,"enemies":"Snecko","floor":29.0,"turns":6.0},{"damage":24.0,"enemies":"Snake Plant","floor":31.0,"turns":6.0},{"damage":7.0,"enemies":"Champ","floor":33.0,"turns":14.0},{"damage":15.0,"enemies":"3 Shapes","floor":35.0,"turns":5.0},{"damage":9.0,"enemies":"3 Darklings","floor":36.0,"turns":5.0},{"damage":54.0,"enemies":"Giant Head","floor":40.0,"turns":11.0},{"damage":0,"enemies":"Mind Bloom Boss Battle","floor":41,"turns":12},{"damage":17,"enemies":"Nemesis","floor":44,"turns":5},{"damage":17,"enemies":"4 Shapes","floor":46,"turns":3}],"seed_played":"517213906355605391","potions_obtained":[{"floor":2.0,"key":"Energy Potion"},{"floor":16.0,"key":"LiquidBronze"},{"floor":20.0,"key":"Energy Potion"},{"floor":21.0,"key":"Fire Potion"},{"floor":31.0,"key":"SkillPotion"},{"floor":35.0,"key":"Swift Potion"},{"floor":41,"key":"SpeedPotion"}],"is_trial":false,"path_per_floor":["M","M","$","?","T","R","?","E","T","$","R","?","M","?","R","B",null,"M","?","M","M","M","R","?","R","T","R","M","M","$","M","R","B",null,"M","M","?","$","?","E","?","$","T","E","T","M"],"character_chosen":"DEFECT","items_purchased":["Loop","Capacitor","Loop","Medical Kit"],"campfire_rested":1,"item_purchase_floors":[3,10,30,38],"current_hp_per_floor":[59,57,57,71,71,71,47,25,25,25,25,25,23,23,23,16,57,46,46,33,33,2,23,81,81,81,81,60,74,74,57,57,64,77,69,74,74,74,64,24,38,38,38,21,21,4],"gold":166,"neow_bonus":"RANDOM_COMMON_RELIC","is_prod":false,"is_daily":false,"chose_seed":false,"campfire_upgraded":6,"win_rate":0,"timestamp":1554717350,"path_taken":["M","M","$","?","?","R","?","E","T","?","R","?","?","?","R","BOSS","M","?","M","M","?","R","?","R","T","R","M","?","$","M","R","BOSS","M","M","?","$","?","E","?","$","T","E","?","?"],"build_version":"2019-01-23","purchased_purges":2,"victory":false,"max_hp_per_floor":[71,71,71,71,71,71,71,71,71,71,71,71,71,71,71,71,71,71,71,71,71,71,71,81,81,81,81,81,81,81,81,81,81,81,81,81,81,81,81,81,81,81,81,81,81,81],"card_choices":[{"not_picked":["Barrage","Rebound","Genetic Algorithm"],"picked":"SKIP","floor":1.0},{"not_picked":["Compile Driver","Lockon"],"picked":"Consume","floor":2.0},{"not_picked":["Redo","Stack"],"picked":"Cold Snap","floor":8.0},{"not_picked":["Barrage","Compile Driver"],"picked":"Glacier+1","floor":13.0},{"not_picked":["Buffer","Multi-Cast+1"],"picked":"Core Surge","floor":16.0},{"not_picked":["Go for the Eyes","Leap+1"],"picked":"Consume+1","floor":18.0},{"not_picked":["Leap+1","Redo+1"],"picked":"Capacitor","floor":20.0},{"not_picked":["Cold Snap+1","Barrage"],"picked":"Turbo+1","floor":21.0},{"not_picked":["Fusion+1","Stack+1","Skim+1"],"picked":"SKIP","floor":22.0},{"not_picked":["Sweeping Beam","Redo+1"],"picked":"Self Repair","floor":28.0},{"not_picked":["Sweeping Beam","Turbo+1"],"picked":"Defragment","floor":29.0},{"not_picked":["Machine Learning","Beam Cell"],"picked":"Turbo+1","floor":31.0},{"not_picked":["Creative AI","Multi-Cast+1"],"picked":"Electrodynamics","floor":33.0},{"not_picked":["Double Energy+1","Steam+1"],"picked":"Reinforced Body+1","floor":35.0},{"not_picked":["Skim+1","Steam+1"],"picked":"Blizzard","floor":36.0},{"not_picked":["Good Instincts+1","Violence+1"],"picked":"Dark Shackles+1","floor":39.0},{"not_picked":["Madness+1","Dramatic Entrance"],"picked":"Purity+1","floor":39.0},{"not_picked":["Discovery+1","The Bomb+1"],"picked":"Madness+1","floor":39.0},{"not_picked":["Conserve Battery+1","Rebound","Steam+1"],"picked":"SKIP","floor":40.0},{"not_picked":["Recycle+1","Redo+1"],"picked":"Darkness+1","floor":41},{"not_picked":["Compile Driver+1","Steam+1","Scrape"],"picked":"SKIP","floor":44}],"player_experience":2982061,"relics_obtained":[{"floor":5.0,"key":"MawBank"},{"floor":8.0,"key":"Potion Belt"},{"floor":9.0,"key":"Toxic Egg 2"},{"floor":26.0,"key":"Cables"},{"floor":40.0,"key":"The Courier"},{"floor":41,"key":"StoneCalendar"},{"floor":44,"key":"Mummified Hand"}],"event_choices":[{"damage_healed":17.0,"max_hp_gain":0.0,"max_hp_loss":0.0,"gold_gain":0.0,"event_name":"The Cleric","player_choice":"Healed","floor":4.0,"gold_loss":35.0,"damage_taken":0.0},{"damage_healed":0.0,"max_hp_gain":0.0,"max_hp_loss":0.0,"gold_gain":0.0,"event_name":"Golden Idol","player_choice":"Take Damage","floor":7.0,"gold_loss":0.0,"damage_taken":24.0,"relics_obtained":["Golden Idol"]},{"damage_healed":0.0,"max_hp_gain":0.0,"max_hp_loss":0.0,"gold_gain":0.0,"cards_transformed":["Strike_B"],"event_name":"Transmorgrifier","player_choice":"Transformed","floor":12.0,"gold_loss":0.0,"damage_taken":0.0,"cards_obtained":["Creative AI"]},{"damage_healed":0.0,"max_hp_gain":0.0,"max_hp_loss":0.0,"gold_gain":0.0,"event_name":"Liars Game","player_choice":"Ignored","floor":14.0,"gold_loss":0.0,"damage_taken":0.0},{"damage_healed":0.0,"max_hp_gain":0.0,"max_hp_loss":0.0,"gold_gain":0.0,"event_name":"Match and Keep!","player_choice":"1 cards matched","floor":19.0,"gold_loss":0.0,"damage_taken":0.0,"cards_obtained":["Loop"]},{"cards_removed":["Core Surge"],"damage_healed":48.0,"max_hp_gain":10.0,"max_hp_loss":0.0,"gold_gain":0.0,"event_name":"Bonfire Elementals","player_choice":"Offered Rare","floor":24.0,"gold_loss":0.0,"damage_taken":0.0},{"damage_healed":0.0,"max_hp_gain":0.0,"max_hp_loss":0.0,"gold_gain":0.0,"event_name":"Tomb of Lord Red Mask","player_choice":"Ignored","floor":37.0,"gold_loss":0.0,"damage_taken":0.0},{"damage_healed":0.0,"max_hp_gain":0.0,"max_hp_loss":0.0,"gold_gain":0.0,"event_name":"SensoryStone","player_choice":"Memory 3","floor":39.0,"gold_loss":0.0,"damage_taken":10.0},{"damage_healed":0,"gold_gain":0,"player_choice":"Fight","damage_taken":0,"max_hp_gain":0,"max_hp_loss":0,"event_name":"MindBloom","floor":41,"gold_loss":0}],"is_beta":false,"boss_relics":[{"not_picked":["Black Star","Orrery"],"picked":"Pandora\u0027s Box"},{"not_picked":["Velvet Choker","Lizard Tail"],"picked":"Cursed Key"}],"items_purged_floors":[30,42],"is_endless":false,"potions_floor_spawned":[2,16,20,21,31,35,41],"killed_by":"4 Shapes","ascension_level":20}