{"gold_per_floor":[110,110,128,138,53,53,73,73,152,152,172,183,183,211,211,284,334,345,270,270,210,28,28,56,75,75,75],"floor_reached":27,"playtime":1177,"items_purged":["Writhe"],"score":499,"play_id":"34798235-7fcc-462f-a2e1-c90a57fc88b0","local_time":"20190421141023","is_ascension_mode":true,"campfire_choices":[{"data":"Defragment","floor":6,"key":"SMITH"},{"data":"Zap","floor":8,"key":"SMITH"},{"data":"Conserve Battery","floor":10,"key":"SMITH"},{"floor":13,"key":"REST"},{"data":"Static Discharge","floor":15,"key":"SMITH"},{"floor":23,"key":"REST"}],"neow_cost":"NONE","seed_source_timestamp":851234566706617,"circlet_count":0,"master_deck":["AscendersBane","Strike_B","Strike_B+1","Strike_B","Strike_B","Defend_B","Defend_B","Defend_B","Defend_B","Zap+1","Dualcast","Cold Snap","Ball Lightning+1","FTL","Defragment+1","Conserve Battery+1","Static Discharge+1","White Noise+1","Blizzard+1","Creative AI","Chill","Static Discharge","Storm","Conserve Battery","Glacier","Undo+1"],"special_seed":0,"relics":["Cracked Core","Lantern","Molten Egg 2","Bag of Marbles","Tiny House","Juzu Bracelet","Question Card","Blue Candle","Whetstone"],"potions_floor_usage":[11,12,18,18,27],"damage_taken":[{"damage":5.0,"enemies":"Small Slimes","floor":1.0,"turns":4.0},{"damage":0,"enemies":"Jaw Worm","floor":3,"turns":3},{"damage":0,"enemies":"Cultist","floor":4,"turns":3},{"damage":2,"enemies":"2 Fungi Beasts","floor":7,"turns":3},{"damage":8,"enemies":"Large Slime","floor":11,"turns":5},{"damage":0,"enemies":"Lots of Slimes","floor":12,"turns":1},{"damage":0,"enemies":"Lagavulin","floor":14,"turns":6},{"damage":32,"enemies":"Hexaghost","floor":16,"turns":5},{"damage":21,"enemies":"Shell Parasite","floor":18,"turns":12},{"damage":56,"enemies":"Gremlin Leader","floor":24,"turns":6},{"damage":0,"enemies":"Chosen","floor":25,"turns":5},{"damage":14,"enemies":"Shelled Parasite and Fungi","floor":27,"turns":2}],"seed_played":"6286291528375291091","potions_obtained":[{"floor":3,"key":"Explosive Potion"},{"floor":7,"key":"EssenceOfSteel"},{"floor":14,"key":"Ancient Potion"},{"floor":16,"key":"FocusPotion"},{"floor":24,"key":"SkillPotion"}],"is_trial":false,"path_per_floor":["M","?","M","M","$","R","M","R","T","R","M","M","R","E","R","B",null,"M","$","?","?","$","R","E","M","T","M"],"character_chosen":"DEFECT","items_purchased":["Defragment","Static Discharge","Storm","Conserve Battery"],"campfire_rested":2,"item_purchase_floors":[5,19,22,22],"current_hp_per_floor":[59,59,59,59,59,59,57,57,57,57,49,49,70,70,70,38,68,47,47,47,47,47,69,13,13,13,0],"gold":75,"neow_bonus":"RANDOM_COMMON_RELIC","is_prod":false,"is_daily":false,"chose_seed":false,"campfire_upgraded":4,"win_rate":0,"timestamp":1555845023,"path_taken":["M","?","M","M","?","R","M","R","T","R","M","?","R","E","R","BOSS","M","$","?","?","$","R","E","M","T","M"],"build_version":"2019-01-23","purchased_purges":1,"victory":false,"max_hp_per_floor":[71,71,71,71,71,71,71,71,71,71,71,71,71,71,71,71,76,76,76,76,76,76,76,76,76,76,76],"card_choices":[{"not_picked":["Streamline","Conserve Battery"],"picked":"Cold Snap","floor":1.0},{"not_picked":["Steam","Capacitor"],"picked":"Ball Lightning","floor":3},{"not_picked":["Hologram","Sweeping Beam"],"picked":"FTL","floor":4},{"not_picked":["Lockon","Compile Driver"],"picked":"Conserve Battery","floor":7},{"not_picked":["Steam","Melter+1"],"picked":"Static Discharge","floor":11},{"not_picked":["Redo","Streamline+1"],"picked":"White Noise","floor":12},{"not_picked":["Recycle","Beam Cell+1"],"picked":"Blizzard+1","floor":14},{"not_picked":["Rainbow","Core Surge+1"],"picked":"Creative AI","floor":16},{"not_picked":["Turbo","Streamline+1"],"picked":"Chill","floor":17},{"not_picked":["Lockon+1","Hologram","Go for the Eyes+1"],"picked":"SKIP","floor":18},{"not_picked":["Skim+1","Blizzard+1","Double Energy"],"picked":"Glacier","floor":24},{"not_picked":["Recycle","Doom and Gloom+1","Rebound+1"],"picked":"Undo+1","floor":25}],"player_experience":1229425,"relics_obtained":[{"floor":9,"key":"Molten Egg 2"},{"floor":14,"key":"Bag of Marbles"},{"floor":24,"key":"Blue Candle"},{"floor":26,"key":"Whetstone"}],"event_choices":[{"damage_healed":0.0,"max_hp_gain":0.0,"max_hp_loss":0.0,"gold_gain":0.0,"event_name":"Golden Wing","player_choice":"Ignored","floor":2.0,"gold_loss":0.0,"damage_taken":0.0},{"damage_healed":0,"gold_gain":0,"player_choice":"Opened","damage_taken":0,"relics_obtained":["Juzu Bracelet"],"max_hp_gain":0,"max_hp_loss":0,"event_name":"The Mausoleum","floor":20,"gold_loss":0,"cards_obtained":["Writhe"]},{"damage_healed":0,"gold_gain":0,"player_choice":"Paid Gold","damage_taken":0,"relics_obtained":["Question Card"],"max_hp_gain":0,"max_hp_loss":0,"event_name":"WeMeetAgain","floor":21,"gold_loss":60}],"is_beta":false,"boss_relics":[{"not_picked":["Pandora\u0027s Box","Inserter"],"picked":"Tiny House"}],"items_purged_floors":[22],"is_endless":false,"potions_floor_spawned":[3,7,14,16,24],"killed_by":"Shelled Parasite and Fungi","ascension_level":19}