{"gold_per_floor":[115,115,115,130,140,140,152,185,185,201,50,60,77,2,2,2],"floor_reached":16,"playtime":721,"items_purged":[],"score":151,"play_id":"e2e824a7-a5cc-4979-b071-4e1dfe4ae95d","local_time":"20180709221421","is_ascension_mode":true,"campfire_choices":[{"data":"Wild Strike","floor":6,"key":"SMITH"},{"floor":15,"key":"REST"}],"neow_cost":"NONE","seed_source_timestamp":351559274422118,"circlet_count":0,"master_deck":["Strike_R","Strike_R","Strike_R","Strike_R","Strike_R","Defend_R","Defend_R","Defend_R","Defend_R","Bash","Corruption","Wild Strike+1","Disarm","Reaper","Wild Strike","Clash","Ghostly Armor","Sentinel"],"relics":["Burning Blood","NeowsBlessing","Blood Vial","Frozen Egg 2","Bronze Scales","Vajra"],"potions_floor_usage":[8,8,12],"damage_taken":[{"damage":0,"enemies":"Jaw Worm","floor":1,"turns":1},{"damage":0,"enemies":"Small Slimes","floor":4,"turns":1},{"damage":0,"enemies":"2 Louse","floor":5,"turns":1},{"damage":12,"enemies":"2 Fungi Beasts","floor":7,"turns":4},{"damage":45,"enemies":"Lagavulin","floor":8,"turns":6},{"damage":15,"enemies":"Large Slime","floor":10,"turns":7},{"damage":10,"enemies":"Red Slaver","floor":12,"turns":4},{"damage":12,"enemies":"2 Fungi Beasts","floor":13,"turns":3},{"damage":91,"enemies":"The Guardian","floor":16,"turns":16}],"seed_played":"-2040034931688465032","potions_obtained":[{"floor":5,"key":"BloodPotion"},{"floor":7,"key":"Poison Potion"},{"floor":10,"key":"EssenceOfSteel"}],"is_trial":false,"path_per_floor":["M","?","?","M","M","R","M","E","T","M","$","M","M","$","R"],"character_chosen":"IRONCLAD","items_purchased":["Vajra","Sentinel"],"campfire_rested":1,"item_purchase_floors":[11,14],"current_hp_per_floor":[78,78,71,79,80,80,74,45,45,38,38,41,47,47,71,0],"gold":2,"neow_bonus":"THREE_ENEMY_KILL","is_prod":false,"is_daily":false,"chose_seed":false,"campfire_upgraded":1,"win_rate":0,"timestamp":1531163661,"path_taken":["M","?","?","M","M","R","M","E","T","?","$","M","M","$","R","BOSS"],"build_version":"2018-07-05","purchased_purges":0,"victory":false,"max_hp_per_floor":[80,80,80,80,80,80,80,80,80,80,80,80,80,80,80,80],"card_choices":[{"not_picked":["Armaments","Warcry","Clothesline"],"picked":"SKIP","floor":1},{"not_picked":["Sentinel","Pummel"],"picked":"Corruption","floor":4},{"not_picked":["Pommel Strike","Searing Blow"],"picked":"Wild Strike","floor":5},{"not_picked":["Iron Wave","Power Through"],"picked":"Disarm","floor":7},{"not_picked":["Clash","Reckless Charge"],"picked":"Reaper","floor":8},{"not_picked":["Shrug It Off","Rampage"],"picked":"Wild Strike","floor":10},{"not_picked":["Anger","Heavy Blade"],"picked":"Clash","floor":12},{"not_picked":["Corruption+1","Wild Strike"],"picked":"Ghostly Armor","floor":13}],"player_experience":553149,"relics_obtained":[{"floor":8,"key":"Frozen Egg 2"},{"floor":9,"key":"Bronze Scales"}],"event_choices":[{"event_name":"Big Fish","player_choice":"Box","floor":2,"damage_taken":0},{"event_name":"Golden Wing","player_choice":"Card Removal","floor":3,"damage_taken":0}],"boss_relics":[],"items_purged_floors":[],"is_endless":false,"potions_floor_spawned":[5,7,10],"killed_by":"The Guardian","ascension_level":9}