{"gold_per_floor":[119,132,132,54,54,89,102,115,170,170,170,170,184,197,197,274,274,293,293,13,13,24,24,50,50,50,50,50,50,70,70,70,70],"floor_reached":33,"playtime":1185,"items_purged":[],"score":547,"play_id":"99a66861-deb3-49a1-b5ea-fc07b3f2da5f","local_time":"20190317184034","is_ascension_mode":true,"campfire_choices":[{"floor":12,"key":"REST"},{"data":"Storm","floor":15,"key":"SMITH"},{"floor":23,"key":"REST"},{"floor":25,"key":"REST"},{"floor":27,"key":"REST"},{"floor":29,"key":"REST"},{"floor":32,"key":"REST"}],"neow_cost":"NONE","seed_source_timestamp":274962670184089,"circlet_count":0,"master_deck":["AscendersBane","Strike_B","Strike_B","Strike_B","Strike_B","Defend_B","Defend_B","Defend_B+1","Defend_B+1","Zap","Dualcast","Leap","Redo","Storm+1","Cold Snap","Defragment+1","Conserve Battery","Leap","Biased Cognition+1","Core Surge","BootSequence","Capacitor+1","Seek","Auto Shields","Redo","Conserve Battery"],"relics":["Cracked Core","NeowsBlessing","StoneCalendar","Frozen Egg 2","Vajra","War Paint","Inserter","Ornamental Fan","Meat on the Bone"],"potions_floor_usage":[8,13,16,22,24],"damage_taken":[{"damage":0,"enemies":"Small Slimes","floor":1,"turns":1},{"damage":0,"enemies":"Cultist","floor":2,"turns":1},{"damage":0,"enemies":"Gremlin Nob","floor":6,"turns":1},{"damage":0,"enemies":"2 Louse","floor":7,"turns":2},{"damage":9,"enemies":"Exordium Wildlife","floor":8,"turns":3},{"damage":1,"enemies":"Gremlin Gang","floor":13,"turns":6},{"damage":6,"enemies":"Large Slime","floor":14,"turns":3},{"damage":27,"enemies":"Hexaghost","floor":16,"turns":7},{"damage":12,"enemies":"Spheric Guardian","floor":18,"turns":4},{"damage":16,"enemies":"Colosseum Slavers","floor":19,"turns":4},{"damage":10,"enemies":"3 Byrds","floor":22,"turns":4},{"damage":32,"enemies":"Gremlin Leader","floor":24,"turns":5},{"damage":54,"enemies":"Cultist and Chosen","floor":30,"turns":7},{"damage":55,"enemies":"Automaton","floor":33,"turns":6}],"seed_played":"176736912914359228","potions_obtained":[{"floor":2,"key":"EntropicBrew"},{"floor":6,"key":"SpeedPotion"},{"floor":8,"key":"Poison Potion"},{"floor":13,"key":"FocusPotion"},{"floor":22,"key":"SpeedPotion"},{"floor":30,"key":"SmokeBomb"}],"is_trial":false,"path_per_floor":["M","M","?","$","T","E","M","M","T","?","?","R","M","M","R","B",null,"M","?","$","?","M","R","E","R","T","R","$","R","M","?","R","B"],"character_chosen":"DEFECT","items_purchased":["Storm","Capacitor+1","Seek","Fire Potion"],"campfire_rested":6,"item_purchase_floors":[4,20,20,20],"current_hp_per_floor":[64,64,64,64,64,64,64,55,55,55,55,71,70,64,64,37,63,51,35,35,35,25,46,14,35,35,56,56,71,29,29,50,0],"gold":70,"neow_bonus":"THREE_ENEMY_KILL","is_prod":false,"is_daily":false,"chose_seed":false,"campfire_upgraded":1,"win_rate":0,"timestamp":1552840834,"path_taken":["M","M","?","$","?","E","M","M","T","?","?","R","?","M","R","BOSS","M","?","$","?","?","R","E","R","T","R","$","R","M","?","R","BOSS"],"build_version":"2019-01-23","purchased_purges":0,"victory":false,"max_hp_per_floor":[71,71,71,71,71,71,71,71,71,71,71,71,71,71,71,71,71,71,71,71,71,71,71,71,71,71,71,71,71,71,71,71,71],"card_choices":[{"not_picked":["Stack","Rebound"],"picked":"Leap","floor":1},{"not_picked":["Streamline","Sweeping Beam"],"picked":"Redo","floor":2},{"not_picked":["Tempest","Leap"],"picked":"Cold Snap","floor":6},{"not_picked":["Machine Learning+1","Chaos"],"picked":"Defragment+1","floor":7},{"not_picked":["Gash","Reprogram"],"picked":"Conserve Battery","floor":8},{"not_picked":["Steam","Compile Driver"],"picked":"Leap","floor":13},{"not_picked":["Coolheaded","Leap"],"picked":"Biased Cognition+1","floor":14},{"not_picked":["Hyperbeam","Reboot"],"picked":"Core Surge","floor":16},{"not_picked":["Recycle","Streamline+1"],"picked":"BootSequence","floor":18},{"not_picked":["Lockon","Undo+1"],"picked":"Auto Shields","floor":22},{"not_picked":["Hologram","Go for the Eyes"],"picked":"Redo","floor":24},{"not_picked":["Stack","Hologram"],"picked":"Conserve Battery","floor":30}],"player_experience":1105231,"relics_obtained":[{"floor":5,"key":"Frozen Egg 2"},{"floor":6,"key":"Vajra"},{"floor":9,"key":"War Paint"},{"floor":24,"key":"Ornamental Fan"},{"floor":26,"key":"Meat on the Bone"}],"event_choices":[{"damage_healed":0,"gold_gain":0,"player_choice":"Gave Potion","damage_taken":0,"relics_obtained":["StoneCalendar"],"max_hp_gain":0,"max_hp_loss":0,"event_name":"WeMeetAgain","floor":3,"gold_loss":0},{"damage_healed":0,"gold_gain":0,"player_choice":"Ignored","damage_taken":0,"max_hp_gain":0,"max_hp_loss":0,"event_name":"Shining Light","floor":10,"gold_loss":0},{"damage_healed":0,"gold_gain":0,"player_choice":"Ignored","damage_taken":0,"max_hp_gain":0,"max_hp_loss":0,"event_name":"Purifier","floor":11,"gold_loss":0},{"damage_healed":0,"gold_gain":0,"player_choice":"Fight","damage_taken":0,"max_hp_gain":0,"max_hp_loss":0,"event_name":"Colosseum","floor":19,"gold_loss":0},{"damage_healed":0,"gold_gain":0,"player_choice":"Fled From Nobs","damage_taken":0,"max_hp_gain":0,"max_hp_loss":0,"event_name":"Colosseum","floor":19,"gold_loss":0},{"damage_healed":0,"gold_gain":0,"player_choice":"0 cards matched","damage_taken":0,"max_hp_gain":0,"max_hp_loss":0,"event_name":"Match and Keep!","floor":21,"gold_loss":0,"cards_obtained":[]},{"damage_healed":0,"gold_gain":0,"player_choice":"Ignored","damage_taken":0,"max_hp_gain":0,"max_hp_loss":0,"event_name":"Beggar","floor":31,"gold_loss":0}],"is_beta":false,"boss_relics":[{"not_picked":["Runic Dome","Busted Crown"],"picked":"Inserter"}],"items_purged_floors":[],"is_endless":false,"potions_floor_spawned":[2,6,8,13,22,30],"killed_by":"Automaton","ascension_level":18}