{"path_per_floor":["M","M","M","$","M","R","E","M","T","?","M","$","M","M","R","B",null,"M","$","?","?","$","R","M","M","T","?","M","M","$"],"character_chosen":"THE_SILENT","items_purchased":["Strawberry"],"gold_per_floor":[112,127,141,141,156,156,184,201,201,201,220,145,160,175,175,271,301,282,182,107,107,107,107,126,138,138,138,158,178,28],"floor_reached":31,"campfire_rested":3,"playtime":2128,"current_hp_per_floor":[70,70,69,69,48,69,54,38,38,38,36,36,35,19,40,17,75,63,63,63,49,49,73,42,32,32,32,1,19,26],"items_purged":["Strike_G","Strike_G"],"gold":28,"score":266,"play_id":"1c467070-fbda-4836-9d74-0fe56409ba94","is_prod":false,"is_daily":false,"is_ascension_mode":false,"campfire_upgraded":0,"path_taken":["M","?","M","$","M","R","E","M","T","?","M","$","M","?","R","BOSS","M","$","?","?","$","R","M","M","T","?","M","M","$","M"],"build_version":"2018-02-08-PROD1","purchased_purges":2,"victory":false,"master_deck":["Defend_G","Defend_G","Defend_G","Defend_G","Defend_G","Strike_G","Strike_G","Survivor","Neutralize","Noxious Fumes","Deadly Poison","Noxious Fumes","Poisoned Stab","Bane","Catalyst","Night Terror","Poisoned Stab","Bane","Bouncing Flask+1"],"max_hp_per_floor":[70,70,70,70,70,70,70,70,70,70,70,70,70,70,70,70,75,75,75,75,80,80,80,80,80,80,80,80,80,87],"relics":["Lizard Tail","Bronze Scales","Torii","Tiny House","Thread and Needle","Strawberry"],"card_choices":[{"not_picked":["Slice","Well Laid Plans"],"picked":"Noxious Fumes"},{"not_picked":["Predator","Outmaneuver"],"picked":"Deadly Poison"},{"not_picked":["Quick Slash","Night Terror"],"picked":"Noxious Fumes"},{"not_picked":["Deadly Poison","Dodge and Roll"],"picked":"Poisoned Stab"},{"not_picked":["Deflect","Slice"],"picked":"Bane"},{"not_picked":["Deflect","Infinite Blades"],"picked":"Catalyst"},{"not_picked":["Die Die Die","Phantasmal Killer"],"picked":"Night Terror"},{"not_picked":["Leg Sweep","Deflect"],"picked":"Poisoned Stab"},{"not_picked":["Calculated Gamble","Underhanded Strike"],"picked":"Bane"},{"not_picked":["Acrobatics","Bane"],"picked":"Bouncing Flask"}],"player_experience":123382,"potions_floor_usage":[5,7,8,13,18,25,28],"damage_taken":[{"damage":0,"enemies":"Blue Slaver","floor":1,"turns":6},{"damage":0,"enemies":"2 Louse","floor":2,"turns":2},{"damage":1,"enemies":"Cultist","floor":3,"turns":4},{"damage":21,"enemies":"Gremlin Gang","floor":5,"turns":7},{"damage":15,"enemies":"3 Sentries","floor":7,"turns":7},{"damage":16,"enemies":"Exordium Thugs","floor":8,"turns":4},{"damage":2,"enemies":"Looter","floor":11,"turns":4},{"damage":1,"enemies":"Exordium Wildlife","floor":13,"turns":4},{"damage":16,"enemies":"Exordium Thugs","floor":14,"turns":4},{"damage":23,"enemies":"The Guardian","floor":16,"turns":8},{"damage":12,"enemies":"2 Thieves","floor":18,"turns":4},{"damage":31,"enemies":"Spheric Guardian","floor":24,"turns":5},{"damage":10,"enemies":"Snake Plant","floor":25,"turns":4},{"damage":31,"enemies":"3 Cultists","floor":28,"turns":6},{"damage":22,"enemies":"Centurion and Healer","floor":29,"turns":6},{"damage":35,"enemies":"Cultist and Chosen","floor":31,"turns":6}],"event_choices":[{"event_name":"Shining Light","player_choice":"Ignored","floor":10,"damage_taken":0},{"event_name":"Beggar","player_choice":"Gave Gold","floor":20,"damage_taken":0},{"event_name":"Forgotten Altar","player_choice":"Shed Blood","floor":21,"damage_taken":0},{"event_name":"Vampires","player_choice":"Ignored","floor":27,"damage_taken":0}],"boss_relics":[{"not_picked":["Cursed Key","Runic Pyramid"],"picked":"Tiny House"}],"potions_floor_spawned":[1,5,7,11,24,25],"seed_played":"-7318583273923354910","killed_by":"Cultist and Chosen","ascension_level":0,"is_trial":false}