{"gold_per_floor":[114,114,128,145,145,145,172,231,231,231,262,179,179,189,189,263,263,279,295,307,47,60,60,60,60,60,60,60,70,85,85],"floor_reached":31,"playtime":1371,"items_purged":[],"score":466,"play_id":"327a49c0-23b0-4d52-a075-66e1afc8e4a1","local_time":"20190412180833","is_ascension_mode":true,"campfire_choices":[{"data":"Ball Lightning","floor":6,"key":"SMITH"},{"floor":10,"key":"REST"},{"data":"Self Repair","floor":13,"key":"SMITH"},{"data":"Cold Snap","floor":15,"key":"SMITH"},{"floor":23,"key":"REST"},{"floor":28,"key":"REST"}],"neow_cost":"NONE","seed_source_timestamp":87789286058628,"circlet_count":0,"master_deck":["AscendersBane","Strike_B","Strike_B","Strike_B","Strike_B","Defend_B","Defend_B","Defend_B","Defend_B","Zap","Dualcast","Ball Lightning+1","Static Discharge+1","Cold Snap+1","Force Field","Self Repair+1","Conserve Battery","Creative AI","Sunder","Barrage","Melter+1","Storm","Ball Lightning","Biased Cognition","Shame","Cold Snap","Defragment+1"],"relics":["Cracked Core","Happy Flower","Pantograph","Orichalcum","Black Star","Strawberry","MutagenicStrength","Nilry\u0027s Codex","Torii","Frozen Egg 2"],"potions_floor_usage":[4,11,11,16,18,22,29,30],"damage_taken":[{"damage":0,"enemies":"Small Slimes","floor":1,"turns":2},{"damage":2,"enemies":"2 Louse","floor":3,"turns":2},{"damage":0,"enemies":"Jaw Worm","floor":4,"turns":2},{"damage":29,"enemies":"3 Sentries","floor":7,"turns":6},{"damage":11,"enemies":"Lagavulin","floor":11,"turns":6},{"damage":10,"enemies":"Blue Slaver","floor":14,"turns":3},{"damage":21,"enemies":"The Guardian","floor":16,"turns":9},{"damage":29,"enemies":"2 Thieves","floor":18,"turns":4},{"damage":9,"enemies":"Spheric Guardian","floor":19,"turns":4},{"damage":36,"enemies":"Centurion and Healer","floor":20,"turns":9},{"damage":10,"enemies":"Cultist and Chosen","floor":22,"turns":5},{"damage":11,"enemies":"Snecko","floor":29,"turns":4},{"damage":17,"enemies":"Snake Plant","floor":30,"turns":3},{"damage":42,"enemies":"Cultist and Chosen","floor":31,"turns":4}],"seed_played":"-57004071419082241","potions_obtained":[{"floor":0,"key":"Poison Potion"},{"floor":0,"key":"Block Potion"},{"floor":4,"key":"Weak Potion"},{"floor":11,"key":"SpeedPotion"},{"floor":16,"key":"SpeedPotion"},{"floor":18,"key":"Fire Potion"},{"floor":19,"key":"LiquidBronze"},{"floor":22,"key":"Block Potion"},{"floor":29,"key":"LiquidBronze"}],"is_trial":false,"path_per_floor":["M","?","M","M","?","R","E","?","T","R","E","$","R","M","R","B",null,"M","M","M","$","M","R","?","?","T","?","R","M","M","M"],"character_chosen":"DEFECT","items_purchased":["Self Repair","Storm","Ball Lightning","Strawberry"],"campfire_rested":3,"item_purchase_floors":[12,21,21,21],"current_hp_per_floor":[64,69,67,67,67,67,38,38,38,60,49,49,49,49,49,63,73,54,55,29,36,36,60,60,39,39,39,63,52,35,0],"gold":85,"neow_bonus":"THREE_SMALL_POTIONS","is_prod":false,"is_daily":false,"chose_seed":false,"campfire_upgraded":3,"win_rate":0,"timestamp":1555081713,"path_taken":["M","?","M","M","?","R","E","?","T","R","E","$","R","M","R","BOSS","M","M","M","$","M","R","?","?","T","?","R","?","M","M"],"build_version":"2019-01-23","purchased_purges":0,"victory":false,"max_hp_per_floor":[71,76,76,76,76,76,76,76,76,76,76,76,76,76,76,76,76,76,76,76,83,83,83,83,83,83,83,83,83,83,83],"card_choices":[{"not_picked":["Tempest","FTL"],"picked":"Ball Lightning","floor":1},{"not_picked":["Stack","Beam Cell"],"picked":"Static Discharge","floor":3},{"not_picked":["Blizzard","All For One"],"picked":"Cold Snap","floor":4},{"not_picked":["Reprogram","Reinforced Body","Steam Power"],"picked":"SKIP","floor":7},{"not_picked":["Multi-Cast","Streamline"],"picked":"Force Field","floor":11},{"not_picked":["Auto Shields","Aggregate"],"picked":"Conserve Battery","floor":14},{"not_picked":["Multi-Cast","Meteor Strike"],"picked":"Creative AI","floor":16},{"not_picked":["Beam Cell","Streamline"],"picked":"Sunder","floor":18},{"not_picked":["Coolheaded","Hologram"],"picked":"Barrage","floor":19},{"not_picked":["Go for the Eyes","Gash"],"picked":"Melter+1","floor":20},{"not_picked":["BootSequence","Leap"],"picked":"Biased Cognition","floor":22},{"not_picked":["Stack+1","Coolheaded"],"picked":"Cold Snap","floor":29},{"not_picked":["Blizzard","Undo"],"picked":"Defragment+1","floor":30}],"player_experience":1189430,"relics_obtained":[{"floor":7,"key":"Happy Flower"},{"floor":9,"key":"Pantograph"},{"floor":11,"key":"Orichalcum"},{"floor":25,"key":"Nilry\u0027s Codex"},{"floor":26,"key":"Torii"}],"event_choices":[{"damage_healed":0,"gold_gain":0,"player_choice":"Donut","damage_taken":0,"max_hp_gain":5,"max_hp_loss":0,"event_name":"Big Fish","floor":2,"gold_loss":0},{"damage_healed":0,"gold_gain":0,"player_choice":"Grow","damage_taken":0,"max_hp_gain":0,"max_hp_loss":0,"event_name":"Living Wall","floor":5,"gold_loss":0,"cards_upgraded":["Static Discharge"]},{"damage_healed":0,"gold_gain":59,"player_choice":"Gained Gold","damage_taken":0,"max_hp_gain":0,"max_hp_loss":0,"event_name":"Golden Wing","floor":8,"gold_loss":0},{"damage_healed":0,"gold_gain":0,"player_choice":"Inject Mutagens","damage_taken":0,"relics_obtained":["MutagenicStrength"],"max_hp_gain":0,"max_hp_loss":0,"event_name":"Drug Dealer","floor":24,"gold_loss":0},{"damage_healed":0,"gold_gain":0,"player_choice":"Obtained Book","damage_taken":21,"max_hp_gain":0,"max_hp_loss":0,"event_name":"Cursed Tome","floor":25,"gold_loss":0},{"damage_healed":0,"gold_gain":0,"player_choice":"Stole Relic","damage_taken":0,"relics_obtained":["Frozen Egg 2"],"max_hp_gain":0,"max_hp_loss":0,"event_name":"Addict","floor":27,"gold_loss":0,"cards_obtained":["Shame"]}],"is_beta":false,"boss_relics":[{"not_picked":["Eternal Feather","White Beast Statue"],"picked":"Black Star"}],"items_purged_floors":[],"is_endless":false,"potions_floor_spawned":[4,11,16,18,19,22,29],"killed_by":"Cultist and Chosen","ascension_level":18}