{"gold_per_floor":[115,190,210,68,68,68,87,113,137,153,166,166,200,300,300,395,395,410,410,410,410,85,85,98,126,126,126,55,55,71,87,87,87],"floor_reached":33,"playtime":1237,"items_purged":["Defend_R"],"score":462,"play_id":"65a70dd3-1d50-492d-bc73-5833b5386e58","local_time":"20180731002459","is_ascension_mode":true,"campfire_choices":[{"data":"Whirlwind","floor":6,"key":"SMITH"},{"data":"Disarm","floor":12,"key":"SMITH"},{"data":"Sword Boomerang","floor":15,"key":"SMITH"},{"data":"True Grit","floor":23,"key":"SMITH"},{"data":"Feel No Pain","floor":27,"key":"SMITH"},{"data":"Burning Pact","floor":29,"key":"SMITH"},{"data":"Armaments","floor":32,"key":"SMITH"}],"neow_cost":"NONE","seed_source_timestamp":1320244349415211,"circlet_count":0,"master_deck":["Strike_R","Strike_R","Strike_R+1","Strike_R","Strike_R","Defend_R","Defend_R","Defend_R","Bash","AscendersBane","Impervious","Cleave","Clash+1","Inflame","Whirlwind+1","Disarm+1","Spot Weakness","Sword Boomerang+1","Clothesline","Thunderclap","Feel No Pain+1","True Grit+1","Metallicize+1","Burning Pact+1","Armaments+1"],"relics":["Burning Blood","Bronze Scales","Bag of Marbles","Red Skull","Mark of Pain","Bag of Preparation","Champion Belt","Gremlin Horn"],"potions_floor_usage":[10,13,18,25,30],"damage_taken":[{"damage":7,"enemies":"Jaw Worm","floor":1,"turns":4},{"damage":7,"enemies":"Small Slimes","floor":3,"turns":4},{"damage":1,"enemies":"Cultist","floor":7,"turns":3},{"damage":9,"enemies":"3 Sentries","floor":8,"turns":4},{"damage":7,"enemies":"Lots of Slimes","floor":10,"turns":3},{"damage":9,"enemies":"Red Slaver","floor":11,"turns":4},{"damage":13,"enemies":"Gremlin Nob","floor":13,"turns":3},{"damage":18,"enemies":"The Guardian","floor":16,"turns":7},{"damage":8,"enemies":"Spheric Guardian","floor":18,"turns":4},{"damage":16,"enemies":"Shell Parasite","floor":24,"turns":5},{"damage":0,"enemies":"Slavers","floor":25,"turns":1},{"damage":0,"enemies":"Chosen and Byrds","floor":30,"turns":3},{"damage":1,"enemies":"Centurion and Healer","floor":31,"turns":5},{"damage":57,"enemies":"Automaton","floor":33,"turns":8}],"seed_played":"3375128765790902507","potions_obtained":[{"floor":1,"key":"FearPotion"},{"floor":3,"key":"Swift Potion"},{"floor":10,"key":"PowerPotion"},{"floor":24,"key":"AttackPotion"},{"floor":25,"key":"SteroidPotion"}],"is_trial":false,"path_per_floor":["M","?","M","$","?","R","M","E","T","M","M","R","E","?","R","B",null,"M","?","?","?","$","R","M","E","T","R","$","R","M","M","R"],"character_chosen":"IRONCLAD","items_purchased":["Inflame","Whirlwind","Feel No Pain","True Grit","Bag of Preparation","Burning Pact"],"campfire_rested":0,"item_purchase_floors":[4,4,22,22,22,28],"current_hp_per_floor":[71,60,59,59,43,43,48,45,45,44,41,41,34,34,34,22,66,64,64,49,49,49,49,39,45,45,45,45,45,51,56,56,0],"gold":87,"neow_bonus":"ONE_RANDOM_RARE_CARD","is_prod":false,"is_daily":false,"chose_seed":false,"campfire_upgraded":7,"win_rate":0,"timestamp":1532967899,"path_taken":["M","?","?","?","?","R","?","E","T","M","M","R","E","?","R","BOSS","M","?","?","?","$","R","M","E","T","R","?","R","M","M","R","BOSS"],"build_version":"2018-07-26","purchased_purges":1,"victory":false,"max_hp_per_floor":[80,80,80,80,80,80,80,80,80,80,80,80,80,80,80,80,80,80,80,85,85,85,85,85,85,85,85,85,85,85,85,85,85],"card_choices":[{"not_picked":["Combust","Warcry"],"picked":"Cleave","floor":1},{"not_picked":["Shrug It Off","Iron Wave"],"picked":"Clash","floor":3},{"not_picked":["Flame Barrier","Flex"],"picked":"Disarm","floor":7},{"not_picked":["Perfected Strike","Sever Soul"],"picked":"Spot Weakness","floor":8},{"not_picked":["Rampage","Clash"],"picked":"Sword Boomerang","floor":10},{"not_picked":["Combust","Dark Embrace"],"picked":"Clothesline","floor":11},{"not_picked":["Pommel Strike","Cleave"],"picked":"Thunderclap","floor":13},{"not_picked":["Clothesline","Perfected Strike","Twin Strike"],"picked":"SKIP","floor":18},{"not_picked":["Anger+1","Power Through+1"],"picked":"Metallicize+1","floor":24},{"not_picked":["Immolate","Clothesline","Warcry"],"picked":"SKIP","floor":25},{"not_picked":["Havoc+1","Ghostly Armor","Rage"],"picked":"SKIP","floor":30},{"not_picked":["Headbutt","Anger"],"picked":"Armaments","floor":31}],"player_experience":456672,"relics_obtained":[{"floor":8,"key":"Bronze Scales"},{"floor":9,"key":"Bag of Marbles"},{"floor":13,"key":"Red Skull"},{"floor":25,"key":"Champion Belt"},{"floor":26,"key":"Gremlin Horn"}],"event_choices":[{"event_name":"World of Goop","player_choice":"Gather Gold","floor":2,"damage_taken":0},{"event_name":"Shining Light","player_choice":"Entered Light","floor":5,"damage_taken":0},{"event_name":"Wheel of Change","player_choice":"Gold","floor":14,"damage_taken":0},{"event_name":"Drug Dealer","player_choice":"Ignored","floor":19,"damage_taken":0},{"event_name":"Forgotten Altar","player_choice":"Shed Blood","floor":20,"damage_taken":0},{"event_name":"Ghosts","player_choice":"Ignored","floor":21,"damage_taken":0}],"is_beta":true,"boss_relics":[{"not_picked":["Snecko Eye","Orrery"],"picked":"Mark of Pain"}],"items_purged_floors":[22],"is_endless":false,"potions_floor_spawned":[1,3,10,24,25],"killed_by":"Automaton","ascension_level":11}