{"gold_per_floor":[113,131,145,145,145,145,178,178,257,40,64,64,107,128,128,224,224,238,88,88,88,107,107],"floor_reached":23,"playtime":681,"items_purged":[],"score":398,"play_id":"09781fd3-62c9-4553-8a8c-e53deff86906","local_time":"20190301151551","is_ascension_mode":true,"campfire_choices":[{"data":"Zap","floor":6,"key":"SMITH"},{"data":"Beam Cell","floor":8,"key":"SMITH"},{"data":"Dualcast","floor":15,"key":"SMITH"}],"neow_cost":"NONE","seed_source_timestamp":13117170014100,"circlet_count":0,"master_deck":["AscendersBane","Strike_B","Strike_B","Strike_B","Strike_B","Defend_B","Defend_B","Defend_B","Defend_B","Zap+1","Dualcast+1","Beam Cell+1","Ball Lightning","BootSequence","Self Repair","Coolheaded","Electrodynamics","Consume","Chill","Loop"],"relics":["Cracked Core","NeowsBlessing","Golden Idol","Pen Nib","Darkstone Periapt","Runic Capacitor","Bronze Scales","Philosopher\u0027s Stone"],"potions_floor_usage":[13,16,16,21,23],"damage_taken":[{"damage":0,"enemies":"Cultist","floor":1,"turns":1},{"damage":0,"enemies":"Small Slimes","floor":2,"turns":1},{"damage":0,"enemies":"2 Louse","floor":3,"turns":1},{"damage":20,"enemies":"Lagavulin","floor":7,"turns":5},{"damage":6,"enemies":"Blue Slaver","floor":11,"turns":4},{"damage":35,"enemies":"3 Sentries","floor":13,"turns":6},{"damage":1,"enemies":"2 Fungi Beasts","floor":14,"turns":3},{"damage":9,"enemies":"The Guardian","floor":16,"turns":12},{"damage":33,"enemies":"2 Thieves","floor":18,"turns":4},{"damage":2,"enemies":"Colosseum Slavers","floor":21,"turns":3},{"damage":24,"enemies":"Spheric Guardian","floor":22,"turns":4},{"damage":0,"enemies":"Slavers","floor":23,"turns":1}],"seed_played":"6341203876097774618","potions_obtained":[{"floor":2,"key":"Explosive Potion"},{"floor":7,"key":"PowerPotion"},{"floor":13,"key":"Fire Potion"},{"floor":16,"key":"Block Potion"},{"floor":18,"key":"SpeedPotion"}],"is_trial":false,"path_per_floor":["M","M","M","?","?","R","E","R","T","$","M","$","E","M","R","B",null,"M","$","?","?","M","E"],"character_chosen":"DEFECT","items_purchased":["Runic Capacitor","Consume","Chill"],"campfire_rested":0,"item_purchase_floors":[10,19,19],"current_hp_per_floor":[64,64,64,64,64,64,44,44,44,44,38,38,10,16,16,14,52,26,26,26,31,14,14],"gold":107,"neow_bonus":"THREE_ENEMY_KILL","is_prod":false,"is_daily":false,"chose_seed":false,"campfire_upgraded":3,"win_rate":0,"timestamp":1551420951,"path_taken":["M","?","M","?","?","R","E","R","T","$","M","?","E","M","R","BOSS","M","$","?","?","M","E"],"build_version":"2019-01-23","purchased_purges":0,"victory":false,"max_hp_per_floor":[71,71,71,71,64,64,64,64,64,64,64,64,64,64,64,64,64,64,64,64,64,64,64],"card_choices":[{"not_picked":["Steam","Go for the Eyes"],"picked":"Beam Cell","floor":1},{"not_picked":["Scrape","Stack"],"picked":"Ball Lightning","floor":2},{"not_picked":["Auto Shields","Barrage","Ball Lightning"],"picked":"SKIP","floor":3},{"not_picked":["Redo","Conserve Battery"],"picked":"BootSequence","floor":7},{"not_picked":["Compile Driver","Multi-Cast"],"picked":"Self Repair","floor":11},{"not_picked":["Stack","Ball Lightning","Redo"],"picked":"SKIP","floor":13},{"not_picked":["Streamline","Conserve Battery"],"picked":"Coolheaded","floor":14},{"not_picked":["Biased Cognition","Machine Learning"],"picked":"Electrodynamics","floor":16},{"not_picked":["Rebound","Heatsinks","Ball Lightning"],"picked":"SKIP","floor":18},{"not_picked":["Sweeping Beam","Stack","Scrape"],"picked":"SKIP","floor":22}],"player_experience":1918333,"relics_obtained":[{"floor":7,"key":"Pen Nib"},{"floor":9,"key":"Darkstone Periapt"},{"floor":13,"key":"Bronze Scales"}],"event_choices":[{"damage_healed":0,"gold_gain":0,"player_choice":"Ignored","damage_taken":0,"max_hp_gain":0,"max_hp_loss":0,"event_name":"Liars Game","floor":4,"gold_loss":0},{"damage_healed":0,"gold_gain":0,"player_choice":"Lose Max HP","damage_taken":0,"relics_obtained":["Golden Idol"],"max_hp_gain":0,"max_hp_loss":7,"event_name":"Golden Idol","floor":5,"gold_loss":0},{"damage_healed":0,"gold_gain":0,"player_choice":"Read","damage_taken":0,"max_hp_gain":0,"max_hp_loss":0,"event_name":"The Library","floor":20,"gold_loss":0,"cards_obtained":["Loop"]},{"damage_healed":0,"gold_gain":0,"player_choice":"Fight","damage_taken":0,"max_hp_gain":0,"max_hp_loss":0,"event_name":"Colosseum","floor":21,"gold_loss":0},{"damage_healed":0,"gold_gain":0,"player_choice":"Fled From Nobs","damage_taken":0,"max_hp_gain":0,"max_hp_loss":0,"event_name":"Colosseum","floor":21,"gold_loss":0}],"is_beta":false,"boss_relics":[{"not_picked":["Lizard Tail","Black Star"],"picked":"Philosopher\u0027s Stone"}],"items_purged_floors":[],"is_endless":false,"potions_floor_spawned":[2,7,13,16,18],"killed_by":"Slavers","ascension_level":20}