{"gold_per_floor":[20,20,20,20,295,295,322,336,416,432,443,455,455,489,489,489],"floor_reached":16,"playtime":304,"items_purged":[],"score":220,"play_id":"eb8f83be-60ab-450b-af76-7e1b61c24b82","local_time":"20190405193209","is_ascension_mode":true,"campfire_choices":[{"data":"Zap","floor":6,"key":"SMITH"},{"floor":13,"key":"REST"},{"data":"Buffer","floor":15,"key":"SMITH"}],"neow_cost":"NO_GOLD","seed_source_timestamp":635301249777600,"circlet_count":0,"master_deck":["AscendersBane","Strike_B","Strike_B","Strike_B","Strike_B","Defend_B","Defend_B","Defend_B","Defend_B","Zap+1","Dualcast","Darkness+1","Regret","Ball Lightning","White Noise","Steam","Buffer+1"],"relics":["Cracked Core","Emotion Chip","Boot","Blue Candle","Potion Belt"],"potions_floor_usage":[14],"damage_taken":[{"damage":1,"enemies":"2 Louse","floor":1,"turns":3},{"damage":24,"enemies":"Lagavulin","floor":7,"turns":6},{"damage":2,"enemies":"Cultist","floor":8,"turns":3},{"damage":0,"enemies":"Small Slimes","floor":10,"turns":3},{"damage":14,"enemies":"Red Slaver","floor":11,"turns":2},{"damage":10,"enemies":"3 Louse","floor":12,"turns":3},{"damage":15,"enemies":"Gremlin Nob","floor":14,"turns":3},{"damage":11,"enemies":"The Guardian","floor":16,"turns":7}],"seed_played":"-2463738127818517628","potions_obtained":[{"floor":1,"key":"SpeedPotion"},{"floor":8,"key":"GamblersBrew"}],"is_trial":false,"path_per_floor":["M","?","$","?","?","R","E","M","T","M","M","M","R","E","R","B"],"character_chosen":"DEFECT","items_purchased":[],"campfire_rested":1,"item_purchase_floors":[],"current_hp_per_floor":[63,63,63,63,63,63,39,37,37,37,23,13,34,19,19,8],"gold":489,"neow_bonus":"ONE_RARE_RELIC","is_prod":false,"is_daily":false,"chose_seed":false,"campfire_upgraded":2,"win_rate":0,"timestamp":1554460329,"path_taken":["M","?","?","?","?","R","E","?","T","M","M","M","R","E","R","BOSS"],"build_version":"2019-01-23","purchased_purges":0,"victory":false,"max_hp_per_floor":[71,71,71,71,71,71,71,71,71,71,71,71,71,71,71,71],"card_choices":[{"not_picked":["Blizzard","Hologram"],"picked":"Darkness","floor":1},{"not_picked":["Rebound","Auto Shields"],"picked":"Ball Lightning","floor":7},{"not_picked":["Reinforced Body","Reprogram"],"picked":"White Noise","floor":8},{"not_picked":["Ball Lightning","Doom and Gloom"],"picked":"Steam","floor":10},{"not_picked":["Fusion","Reprogram","Static Discharge"],"picked":"SKIP","floor":11},{"not_picked":["Fusion","Reprogram","Static Discharge"],"picked":"SKIP","floor":11},{"not_picked":["Barrage","Compile Driver","Turbo"],"picked":"SKIP","floor":12},{"not_picked":["Conserve Battery","BootSequence"],"picked":"Buffer","floor":14}],"player_experience":2894378,"relics_obtained":[{"floor":7,"key":"Boot"},{"floor":9,"key":"Blue Candle"},{"floor":14,"key":"Potion Belt"}],"event_choices":[{"damage_healed":0,"gold_gain":0,"player_choice":"Upgraded","damage_taken":0,"max_hp_gain":0,"max_hp_loss":0,"event_name":"Upgrade Shrine","floor":2,"gold_loss":0,"cards_upgraded":["Darkness"]},{"damage_healed":0,"gold_gain":0,"player_choice":"Leave","damage_taken":0,"max_hp_gain":0,"max_hp_loss":0,"event_name":"The Cleric","floor":4,"gold_loss":0},{"damage_healed":0,"gold_gain":275,"player_choice":"Desecrate","damage_taken":0,"max_hp_gain":0,"max_hp_loss":0,"event_name":"Golden Shrine","floor":5,"gold_loss":0,"cards_obtained":["Regret"]}],"is_beta":false,"boss_relics":[],"items_purged_floors":[],"is_endless":false,"potions_floor_spawned":[1,8,11],"killed_by":"The Guardian","ascension_level":20}