{"gold_per_floor":[114,133,58,58,28,57,15,15,15,15,15],"floor_reached":11,"playtime":246,"items_purged":[],"score":138,"play_id":"16cdf5d6-9d4a-4773-ba63-0ee8cc8c8dbc","local_time":"20190331195840","is_ascension_mode":true,"campfire_choices":[{"data":"Fiend Fire","floor":8,"key":"SMITH"},{"data":"Bash","floor":10,"key":"SMITH"}],"neow_cost":"TEN_PERCENT_HP_LOSS","seed_source_timestamp":204947599109600,"circlet_count":0,"master_deck":["AscendersBane","Strike_R","Strike_R","Strike_R","Defend_R","Defend_R","Defend_R","Defend_R","Bash+1","Fiend Fire+1","Entrench"],"relics":["Burning Blood","Anchor"],"potions_floor_usage":[6,6,6,11],"damage_taken":[{"damage":0,"enemies":"Small Slimes","floor":1,"turns":2},{"damage":6,"enemies":"Jaw Worm","floor":2,"turns":4},{"damage":40,"enemies":"Lagavulin","floor":6,"turns":7},{"damage":25,"enemies":"3 Sentries","floor":11,"turns":4}],"seed_played":"2407304841474707301","potions_obtained":[{"floor":1,"key":"FearPotion"},{"floor":5,"key":"EntropicBrew"}],"is_trial":false,"path_per_floor":["M","M","?","?","?","E","$","R","T","R","E"],"character_chosen":"IRONCLAD","items_purchased":["Entrench"],"campfire_rested":0,"item_purchase_floors":[7],"current_hp_per_floor":[68,68,68,61,61,27,27,27,27,27,2],"gold":15,"neow_bonus":"THREE_RARE_CARDS","is_prod":false,"is_daily":false,"chose_seed":false,"campfire_upgraded":2,"win_rate":0,"timestamp":1554029920,"path_taken":["M","M","?","?","?","E","$","R","T","R","E"],"build_version":"2019-01-23","purchased_purges":0,"victory":false,"max_hp_per_floor":[68,68,68,68,68,68,68,68,68,68,68],"card_choices":[{"not_picked":["Reaper","Immolate"],"picked":"Fiend Fire","floor":0},{"not_picked":["Reckless Charge","Perfected Strike","Flex"],"picked":"SKIP","floor":1},{"not_picked":["Iron Wave","Clash","Sword Boomerang"],"picked":"SKIP","floor":2},{"not_picked":["Bludgeon","Havoc","Disarm"],"picked":"SKIP","floor":6}],"player_experience":2783697,"relics_obtained":[{"floor":6,"key":"Anchor"}],"event_choices":[{"cards_removed":["Strike_R"],"damage_healed":0,"gold_gain":0,"player_choice":"Card Removal","damage_taken":0,"max_hp_gain":0,"max_hp_loss":0,"event_name":"The Cleric","floor":3,"gold_loss":75},{"cards_removed":["Strike_R"],"damage_healed":0,"gold_gain":0,"player_choice":"Card Removal","damage_taken":7,"max_hp_gain":0,"max_hp_loss":0,"event_name":"Golden Wing","floor":4,"gold_loss":0},{"damage_healed":0,"gold_gain":0,"player_choice":"Bought 2 Potions","damage_taken":0,"max_hp_gain":0,"max_hp_loss":0,"event_name":"The Woman in Blue","floor":5,"gold_loss":0}],"is_beta":false,"boss_relics":[],"items_purged_floors":[],"is_endless":false,"potions_floor_spawned":[1],"killed_by":"3 Sentries","ascension_level":20}