{"path_per_floor":["M","M","$","?","M","R","?","M","T","R","T","R","M","M","R","B",null,"M","?"],"character_chosen":"DEFECT","items_purchased":["Storm"],"gold_per_floor":[111,124,85,53,71,71,128,145,219,219,242,242,258,275,275,380,380,390,390,390],"floor_reached":20,"campfire_rested":4,"playtime":995,"item_purchase_floors":[3],"current_hp_per_floor":[75,75,75,75,63,75,29,29,29,51,51,73,66,50,72,22,75,37,37,0],"items_purged":[],"gold":390,"score":197,"play_id":"c4253402-10fc-469b-8ccd-1c4e74d3d7b6","local_time":"20180607212832","is_prod":false,"is_daily":false,"chose_seed":false,"is_ascension_mode":true,"campfire_upgraded":0,"win_rate":0,"timestamp":1528396112,"campfire_choices":[{"floor":6,"key":"REST"},{"floor":10,"key":"REST"},{"floor":12,"key":"REST"},{"floor":15,"key":"REST"}],"path_taken":["M","M","?","?","M","R","?","M","T","R","?","R","?","M","R","BOSS","M","?","M"],"build_version":"2018-05-31","seed_source_timestamp":1465773432593913,"purchased_purges":0,"victory":false,"master_deck":["Strike_B","Strike_B","Strike_B","Strike_B","Defend_B","Defend_B","Defend_B","Defend_B","Zap","Dualcast","Reboot","Ball Lightning","Fusion","Storm","Sweeping Beam","Double Energy","Steam","Double Energy+1","Consume+1","Rainbow+1","Recycle+1","Panacea+1","Gash"],"max_hp_per_floor":[75,75,75,75,75,75,75,75,75,75,75,75,75,75,75,75,75,75,75,75],"relics":["Cracked Core","Art of War","Toxic Egg 2","Ancient Tea Set","Eternal Feather"],"card_choices":[{"not_picked":["Sunder","Coolheaded"],"picked":"Ball Lightning","floor":1},{"not_picked":["Beam Cell","Rebound"],"picked":"Fusion","floor":2},{"not_picked":["Go for the Eyes","Hologram"],"picked":"Sweeping Beam","floor":5},{"not_picked":["Capacitor","Conserve Battery"],"picked":"Double Energy","floor":7},{"not_picked":["Doom and Gloom","Chaos"],"picked":"Steam","floor":8},{"not_picked":["Skim+1","Rebound"],"picked":"Double Energy+1","floor":13},{"not_picked":["Melter","Compile Driver"],"picked":"Consume+1","floor":14},{"not_picked":["Electrodynamics","Machine Learning"],"picked":"Rainbow+1","floor":16},{"not_picked":["Chaos+1","Static Discharge"],"picked":"Recycle+1","floor":18}],"player_experience":477535,"potions_floor_usage":[7,8,16,18,18],"damage_taken":[{"damage":0,"enemies":"Cultist","floor":1,"turns":3},{"damage":0,"enemies":"2 Louse","floor":2,"turns":2},{"damage":12,"enemies":"Jaw Worm","floor":5,"turns":2},{"damage":46,"enemies":"Lagavulin Event","floor":7,"turns":6},{"damage":0,"enemies":"Lots of Slimes","floor":8,"turns":2},{"damage":7,"enemies":"3 Louse","floor":13,"turns":3},{"damage":16,"enemies":"Looter","floor":14,"turns":4},{"damage":50,"enemies":"Hexaghost","floor":16,"turns":9},{"damage":38,"enemies":"3 Byrds","floor":18,"turns":5},{"damage":39,"enemies":"Shell Parasite","floor":20,"turns":5}],"relics_obtained":[{"floor":7,"key":"Art of War"},{"floor":9,"key":"Toxic Egg 2"},{"floor":11,"key":"Ancient Tea Set"}],"event_choices":[{"event_name":"World of Goop","player_choice":"Left","floor":4,"damage_taken":0},{"event_name":"Dead Adventurer","player_choice":"Searched \u00271\u0027 times","floor":7,"damage_taken":0},{"event_name":"Match and Keep!","player_choice":"2 cards matched","floor":19,"damage_taken":0}],"boss_relics":[{"not_picked":["Lizard Tail","Ectoplasm"],"picked":"Eternal Feather"}],"items_purged_floors":[],"potions_floor_spawned":[5,7,7,14,16],"seed_played":"4397205088240223263","killed_by":"Shell Parasite","ascension_level":4,"potions_obtained":[{"floor":5,"key":"Ancient Potion"},{"floor":7,"key":"AttackPotion"},{"floor":7,"key":"Dexterity Potion"},{"floor":14,"key":"LiquidBronze"},{"floor":16,"key":"EssenceOfSteel"}],"is_trial":false}