{"path_per_floor":["M","M","?","?","M","E","R","M","T","M","?","M","M","?","R","B",null,"M","?","?","$","T","R","E","?","T","R","M","E","R","M","R","B",null,"M","M","$","?","M","R","?","?","T","R","?","R","M","M","R"],"character_chosen":"IRONCLAD","items_purchased":["Gremlin Horn","Swift Strike","Headbutt","Double Tap","Flash of Steel"],"gold_per_floor":[18,37,112,287,307,334,334,349,349,363,363,377,388,388,388,488,488,501,501,426,44,68,68,94,9,9,9,25,58,58,71,71,176,176,186,196,24,24,40,40,40,40,40,40,0,0,20,39,39,39],"floor_reached":50,"campfire_rested":7,"playtime":5861,"current_hp_per_floor":[84,88,77,77,81,61,89,83,83,89,89,84,81,81,81,32,79,94,47,47,47,47,47,28,28,28,45,52,29,46,35,52,24,49,44,44,44,37,25,42,42,42,42,57,57,57,57,8,25,0],"items_purged":[],"gold":39,"score":698,"play_id":"42826b6a-482f-436a-b88e-d390db41333f","local_time":"20180331212032","is_prod":false,"is_daily":false,"is_ascension_mode":true,"campfire_upgraded":3,"timestamp":1522520432,"path_taken":["M","M","?","?","M","E","R","M","T","M","?","M","M","?","R","BOSS","M","?","?","$","?","R","E","?","T","R","M","E","R","?","R","BOSS","M","M","$","?","?","R","?","?","T","R","?","R","M","M","R","BOSS"],"build_version":"2018-03-29v2","purchased_purges":0,"victory":false,"master_deck":["Strike_R","Strike_R","Strike_R","Strike_R","Defend_R","Defend_R","Defend_R","Bash","Anger","Searing Blow","Iron Wave","Spot Weakness+1","Demon Form+1","Clash+1","Rampage+1","Limit Break+1","Body Slam+1","Ghostly","Ghostly+1","Ghostly","Ghostly","Ghostly","Swift Strike+1","Headbutt+1","Inflame","Clash+1","Infernal Blade+1","Headbutt+1","Offering","Pain","Normality","Writhe","Flame Barrier","Blood for Blood+1","Double Tap","Flash of Steel+1","Madness","Madness","Burning Pact","Panache","Heavy Blade+1","Iron Wave+1","Body Slam+1"],"max_hp_per_floor":[94,94,94,94,94,94,94,94,94,94,94,94,94,94,94,94,94,94,47,47,47,47,47,57,57,57,57,57,57,57,57,57,57,57,57,57,57,57,57,57,57,57,57,57,57,57,57,57,57,57],"relics":["Burning Blood","Mango","Kunai","Molten Egg 2","Spirit Poop","Sozu","Gremlin Horn","Blood Vial","Pear","Unceasing Top","Anchor","Ice Cream","Calling Bell","Prayer Wheel","Dodecahedron","Orichalcum","Ginger","Red Mask"],"card_choices":[{"not_picked":["Havoc","True Grit"],"picked":"Anger","floor":1},{"not_picked":["Disarm","Dual Wield"],"picked":"Searing Blow","floor":2},{"not_picked":["Armaments","Shrug It Off"],"picked":"Iron Wave","floor":5},{"not_picked":["Headbutt","Reckless Charge"],"picked":"Spot Weakness","floor":6},{"not_picked":["Hemokinesis","Feel No Pain"],"picked":"Demon Form","floor":8},{"not_picked":["Reckless Charge","Headbutt"],"picked":"Clash","floor":10},{"not_picked":["Sword Boomerang","Rupture"],"picked":"Rampage","floor":13},{"not_picked":["Juggernaut","Dark Embrace"],"picked":"Limit Break","floor":16},{"not_picked":["Disarm","Infernal Blade"],"picked":"Body Slam","floor":18},{"not_picked":["Clothesline","Carnage"],"picked":"Inflame","floor":24},{"not_picked":["Havoc","Clothesline"],"picked":"Clash","floor":28},{"not_picked":["Dual Wield","Power Through"],"picked":"Infernal Blade","floor":29},{"not_picked":["Perfected Strike","Pommel Strike"],"picked":"Headbutt","floor":31},{"not_picked":["Barricade","Juggernaut"],"picked":"Offering","floor":33},{"not_picked":["Thunderclap","Perfected Strike"],"picked":"Flame Barrier","floor":35},{"not_picked":["Sentinel","Flex"],"picked":"Blood for Blood","floor":36},{"not_picked":["Warcry","Dual Wield"],"picked":"Burning Pact","floor":39},{"not_picked":["Master of Strategy","Deep Breath"],"picked":"Panache","floor":41},{"not_picked":["Bloodletting","Twin Strike"],"picked":"Heavy Blade","floor":43},{"not_picked":["Disarm","Clash"],"picked":"Iron Wave","floor":47},{"not_picked":["Sword Boomerang","Rupture"],"picked":"Body Slam","floor":48}],"player_experience":339809,"potions_floor_usage":[6,10,18,18],"damage_taken":[{"damage":8,"enemies":"Jaw Worm","floor":1,"turns":5},{"damage":2,"enemies":"2 Louse","floor":2,"turns":4},{"damage":2,"enemies":"Small Slimes","floor":5,"turns":4},{"damage":26,"enemies":"3 Sentries","floor":6,"turns":7},{"damage":12,"enemies":"Looter","floor":8,"turns":3},{"damage":0,"enemies":"2 Fungi Beasts","floor":10,"turns":2},{"damage":11,"enemies":"Exordium Thugs","floor":12,"turns":5},{"damage":9,"enemies":"3 Louse","floor":13,"turns":4},{"damage":55,"enemies":"Hexaghost","floor":16,"turns":7},{"damage":0,"enemies":"3 Byrds","floor":18,"turns":4},{"damage":35,"enemies":"Slavers","floor":24,"turns":8},{"damage":1,"enemies":"Shell Parasite","floor":28,"turns":3},{"damage":31,"enemies":"Book of Stabbing","floor":29,"turns":5},{"damage":19,"enemies":"Snecko","floor":31,"turns":5},{"damage":36,"enemies":"Automaton","floor":33,"turns":8},{"damage":13,"enemies":"3 Shapes","floor":35,"turns":5},{"damage":8,"enemies":"Orb Walker","floor":36,"turns":3},{"damage":20,"enemies":"3 Darklings","floor":39,"turns":5},{"damage":4,"enemies":"Maw","floor":47,"turns":6},{"damage":55,"enemies":"4 Shapes","floor":48,"turns":4},{"damage":36,"enemies":"Awakened One","floor":50,"turns":3}],"event_choices":[{"event_name":"World of Goop","player_choice":"Gather Gold","floor":3,"damage_taken":0},{"event_name":"Liars Game","player_choice":"agreed","floor":4,"damage_taken":0},{"event_name":"Bonfire Elementals","player_choice":"CURSE","floor":11,"damage_taken":0},{"event_name":"Upgrade Shrine","player_choice":"Upgraded","floor":14,"damage_taken":0},{"event_name":"Ghosts","player_choice":"Became a Ghost","floor":19,"damage_taken":0},{"event_name":"Beggar","player_choice":"Gave Gold","floor":20,"damage_taken":0},{"event_name":"Addict","player_choice":"Obtained Relic","floor":25,"damage_taken":0},{"event_name":"Winding Halls","player_choice":"Embrace Madness","floor":38,"damage_taken":0},{"event_name":"SensoryStone","player_choice":"Memory 1","floor":41,"damage_taken":0},{"event_name":"Tomb of Lord Red Mask","player_choice":"Paid","floor":45,"damage_taken":0}],"boss_relics":[{"not_picked":["Eternal Feather","White Beast Statue"],"picked":"Sozu"},{"not_picked":["Runic Cube","Orrery"],"picked":"Calling Bell"}],"potions_floor_spawned":[5,6,13,16,18,28,33,35,36],"seed_played":"6797408515552559738","killed_by":"Awakened One","ascension_level":7,"is_trial":false}