{"gold_per_floor":[361,1,11,21,21,21,41,68,68,68,96,116,134,153,153,252,252,269,148,148,167,3,29,29],"floor_reached":24,"playtime":1429,"items_purged":["Injury","Shame","Regret"],"score":390,"play_id":"ec42cfe9-d483-4667-9513-d8b90224df99","local_time":"20181108142610","is_ascension_mode":true,"campfire_choices":[{"data":"True Grit","floor":6,"key":"SMITH"},{"data":"Body Slam","floor":15,"key":"SMITH"}],"neow_cost":"CURSE","seed_source_timestamp":1293718902919429,"circlet_count":0,"master_deck":["AscendersBane","Strike_R","Strike_R","Strike_R","Strike_R","Strike_R","Defend_R","Defend_R","Defend_R","Defend_R","Bash","True Grit+1","Carnage","Twin Strike","Pommel Strike","Rage","Clothesline","Barricade+1","Body Slam+1","Feed","Decay","Entrench","Shrug It Off","Armaments","Feel No Pain","Headbutt"],"relics":["Burning Blood","Vajra","Incense Burner","StoneCalendar","Pocketwatch","Strawberry","Calling Bell","Pen Nib","The Courier","Charon\u0027s Ashes","Potion Belt"],"potions_floor_usage":[2,11,16,16,23,23],"damage_taken":[{"damage":6,"enemies":"Cultist","floor":1,"turns":3},{"damage":5,"enemies":"Jaw Worm","floor":3,"turns":3},{"damage":0,"enemies":"2 Louse","floor":4,"turns":2},{"damage":11,"enemies":"Looter","floor":7,"turns":3},{"damage":21,"enemies":"Lagavulin","floor":8,"turns":5},{"damage":28,"enemies":"Gremlin Nob","floor":11,"turns":4},{"damage":2,"enemies":"2 Fungi Beasts","floor":12,"turns":4},{"damage":1,"enemies":"Blue Slaver","floor":13,"turns":3},{"damage":4,"enemies":"3 Louse","floor":14,"turns":4},{"damage":27,"enemies":"Hexaghost","floor":16,"turns":8},{"damage":37,"enemies":"Shell Parasite","floor":18,"turns":6},{"damage":15,"enemies":"Spheric Guardian","floor":21,"turns":6},{"damage":33,"enemies":"Gremlin Leader","floor":23,"turns":8},{"damage":16,"enemies":"Snake Plant","floor":24,"turns":1}],"seed_played":"5189512478304609104","potions_obtained":[{"floor":7,"key":"LiquidBronze"},{"floor":8,"key":"PowerPotion"},{"floor":13,"key":"SkillPotion"},{"floor":16,"key":"Weak Potion"},{"floor":18,"key":"Block Potion"}],"is_trial":false,"path_per_floor":["M","$","M","M","?","R","M","E","T","$","E","M","M","M","R","B",null,"M","$","?","M","$","E","M"],"character_chosen":"IRONCLAD","items_purchased":["Vajra","Carnage","Fruit Juice","Shrug It Off","Feel No Pain"],"campfire_rested":0,"item_purchase_floors":[2,2,2,19,22],"current_hp_per_floor":[72,77,78,84,84,84,79,64,64,64,49,53,58,60,60,39,79,48,48,48,42,42,15,0],"gold":29,"neow_bonus":"TWO_FIFTY_GOLD","is_prod":false,"is_daily":false,"chose_seed":false,"campfire_upgraded":2,"win_rate":0,"timestamp":1541658370,"path_taken":["M","$","M","?","?","R","?","E","T","?","E","M","?","M","R","BOSS","M","$","?","?","$","E","M"],"build_version":"2018-11-06","purchased_purges":3,"victory":false,"max_hp_per_floor":[80,85,85,85,85,85,85,85,85,85,92,92,92,92,92,92,92,92,92,92,95,95,95,95],"card_choices":[{"not_picked":["Pommel Strike","Clash"],"picked":"True Grit","floor":1},{"not_picked":["Wild Strike","Clothesline"],"picked":"Twin Strike","floor":3},{"not_picked":["Warcry","Blood for Blood"],"picked":"Inflame","floor":4},{"not_picked":["Blood for Blood","Clash"],"picked":"Pommel Strike","floor":7},{"not_picked":["Combust","Infernal Blade"],"picked":"Rage","floor":8},{"not_picked":["Rupture","Power Through"],"picked":"Clothesline","floor":11},{"not_picked":["True Grit","Reckless Charge"],"picked":"Barricade","floor":12},{"not_picked":["Pommel Strike","Clash"],"picked":"Body Slam","floor":13},{"not_picked":["Warcry","Clothesline","Sword Boomerang"],"picked":"SKIP","floor":14},{"not_picked":["Offering","Double Tap"],"picked":"Feed","floor":16},{"not_picked":["Iron Wave+1","Carnage"],"picked":"Entrench","floor":18},{"not_picked":["Thunderclap+1","Rage"],"picked":"Armaments","floor":21},{"not_picked":["Pummel","Rupture"],"picked":"Headbutt","floor":23}],"player_experience":502923,"relics_obtained":[{"floor":8,"key":"StoneCalendar"},{"floor":9,"key":"Pocketwatch"},{"floor":11,"key":"Strawberry"},{"floor":17,"key":"Pen Nib"},{"floor":17,"key":"The Courier"},{"floor":17,"key":"Charon\u0027s Ashes"},{"floor":23,"key":"Potion Belt"}],"event_choices":[{"cards_removed":["Inflame"],"damage_healed":0,"gold_gain":0,"player_choice":"Gave Card","damage_taken":0,"relics_obtained":["Incense Burner"],"max_hp_gain":0,"max_hp_loss":0,"event_name":"WeMeetAgain","floor":5,"gold_loss":0},{"damage_healed":0,"gold_gain":0,"player_choice":"Upgraded","damage_taken":0,"max_hp_gain":0,"max_hp_loss":0,"event_name":"Upgrade Shrine","floor":20,"gold_loss":0,"cards_upgraded":["Barricade"]}],"is_beta":true,"boss_relics":[{"not_picked":["Eternal Feather","Runic Pyramid"],"picked":"Calling Bell"}],"items_purged_floors":[2,19,22],"is_endless":false,"potions_floor_spawned":[7,8,13,14,16,18],"killed_by":"Snake Plant","ascension_level":12}