{"path_per_floor":["M","M","M","M","M","R","E","M","T","R","M","R","M","M","R","B",null,"M","?","M","$","M","R","E","R","T","M"],"character_chosen":"IRONCLAD","items_purchased":["Lee\u0027s Waffle"],"gold_per_floor":[12,32,49,66,81,81,114,124,124,124,140,140,151,165,165,261,261,274,274,285,19,38,38,65,65,92,103],"floor_reached":28,"campfire_rested":6,"playtime":4821,"current_hp_per_floor":[80,77,78,67,59,80,52,14,14,38,44,68,64,59,80,12,80,56,56,46,87,51,77,38,64,64,12],"items_purged":["Defend_R"],"gold":103,"score":309,"play_id":"cca11639-0f37-4b69-bd8b-52f58e655972","is_prod":false,"is_daily":false,"is_ascension_mode":true,"campfire_upgraded":0,"path_taken":["M","M","?","M","M","R","E","M","T","R","M","R","M","M","R","BOSS","M","?","?","$","M","R","E","R","T","M","E"],"build_version":"2018-02-22-PROD2","purchased_purges":1,"victory":false,"master_deck":["Strike_R","Strike_R","Strike_R","Strike_R","Strike_R","Defend_R","Defend_R","Defend_R","Bash","Twin Strike","Rampage","Sword Boomerang","Combust","Armaments","Sword Boomerang","Iron Wave","Iron Wave","Flex","Exhume","Pommel Strike","Iron Wave","Armaments","Spot Weakness","Twin Strike","Thunderclap+1","Iron Wave","Iron Wave","Rupture","Spot Weakness+1"],"max_hp_per_floor":[80,80,80,80,80,80,80,80,80,80,80,80,80,80,80,80,80,80,80,80,87,87,87,87,87,87,87],"relics":["Burning Blood","Gambling Chip","Shuriken","Shovel","Orrery","Lee\u0027s Waffle","Centennial Puzzle","Ancient Tea Set"],"card_choices":[{"not_picked":["Rage","Brutality"],"picked":"Twin Strike"},{"not_picked":["Wild Strike","Clash"],"picked":"Rampage"},{"not_picked":["Burning Pact","Bloodletting"],"picked":"Sword Boomerang"},{"not_picked":["Wild Strike","Body Slam"],"picked":"Combust"},{"not_picked":["Burning Pact","Second Wind"],"picked":"Armaments"},{"not_picked":["Power Through","Flame Barrier"],"picked":"Sword Boomerang"},{"not_picked":["Power Through","Uppercut"],"picked":"Iron Wave"},{"not_picked":["Evolve","Flex"],"picked":"Iron Wave"},{"not_picked":["Dropkick","Cleave"],"picked":"Flex"},{"not_picked":["Immolate","Barricade"],"picked":"Exhume"},{"not_picked":["Havoc","Sentinel"],"picked":"Pommel Strike"},{"not_picked":["Blood for Blood","Shrug It Off"],"picked":"Iron Wave"},{"not_picked":["Sword Boomerang","Shrug It Off"],"picked":"Armaments"},{"not_picked":["Anger","Twin Strike"],"picked":"Spot Weakness"},{"not_picked":["Dual Wield","Reckless Charge"],"picked":"Twin Strike"},{"not_picked":["Ghostly Armor","Combust"],"picked":"Thunderclap"},{"not_picked":["Thunderclap","Second Wind"],"picked":"Iron Wave"},{"not_picked":["Thunderclap","Havoc"],"picked":"Iron Wave"},{"not_picked":["Perfected Strike","Clothesline"],"picked":"Rupture"},{"not_picked":["Juggernaut","Dual Wield"],"picked":"Spot Weakness"}],"player_experience":188206,"potions_floor_usage":[4,7,11,16,16,18,20,24,24],"damage_taken":[{"damage":6,"enemies":"Cultist","floor":1,"turns":3},{"damage":9,"enemies":"Jaw Worm","floor":2,"turns":3},{"damage":5,"enemies":"Small Slimes","floor":3,"turns":3},{"damage":17,"enemies":"Exordium Wildlife","floor":4,"turns":4},{"damage":14,"enemies":"Lots of Slimes","floor":5,"turns":3},{"damage":34,"enemies":"Lagavulin","floor":7,"turns":5},{"damage":44,"enemies":"Exordium Thugs","floor":8,"turns":6},{"damage":0,"enemies":"Large Slime","floor":11,"turns":7},{"damage":10,"enemies":"Gremlin Gang","floor":13,"turns":4},{"damage":11,"enemies":"Blue Slaver","floor":14,"turns":4},{"damage":74,"enemies":"Hexaghost","floor":16,"turns":12},{"damage":30,"enemies":"Shell Parasite","floor":18,"turns":7},{"damage":16,"enemies":"2 Thieves","floor":20,"turns":5},{"damage":42,"enemies":"3 Cultists","floor":22,"turns":6},{"damage":45,"enemies":"Gremlin Leader","floor":24,"turns":7},{"damage":58,"enemies":"Cultist and Chosen","floor":27,"turns":7},{"damage":15,"enemies":"Book of Stabbing","floor":28,"turns":2}],"event_choices":[{"event_name":"Beggar","player_choice":"Ignored","floor":19,"damage_taken":0}],"boss_relics":[{"not_picked":["Mark of Pain","Runic Dome"],"picked":"Orrery"}],"potions_floor_spawned":[3,4,8,13,14,16,18,20,22],"seed_played":"4205138086705107453","killed_by":"Book of Stabbing","ascension_level":3,"is_trial":false}