{"gold_per_floor":[115,115,135,151,171,171,201,201,201,201,227,243,253,19,19,19],"floor_reached":16,"playtime":470,"items_purged":["Strike_R"],"score":224,"play_id":"eeb0432a-c705-4660-8332-343f2411a657","local_time":"20190228194214","is_ascension_mode":true,"campfire_choices":[{"data":"Bash","floor":6,"key":"SMITH"},{"data":"True Grit","floor":8,"key":"SMITH"},{"data":"Feel No Pain","floor":10,"key":"SMITH"},{"data":"Panacea","floor":15,"key":"SMITH"}],"neow_cost":"NONE","seed_source_timestamp":212797508321300,"circlet_count":0,"master_deck":["AscendersBane","Strike_R","Strike_R","Strike_R","Strike_R","Defend_R","Defend_R","Defend_R","Defend_R","Bash+1","Evolve","True Grit+1","Feel No Pain+1","Panacea+1","Flex"],"relics":["Burning Blood","NeowsBlessing","Red Skull","Charon\u0027s Ashes","Frozen Egg 2","Dream Catcher"],"potions_floor_usage":[7,11,16],"damage_taken":[{"damage":0,"enemies":"2 Louse","floor":1,"turns":1},{"damage":0,"enemies":"Cultist","floor":3,"turns":1},{"damage":0,"enemies":"Small Slimes","floor":4,"turns":1},{"damage":6,"enemies":"2 Fungi Beasts","floor":5,"turns":4},{"damage":29,"enemies":"Gremlin Nob","floor":7,"turns":4},{"damage":24,"enemies":"Lagavulin","floor":11,"turns":8},{"damage":9,"enemies":"Blue Slaver","floor":12,"turns":5},{"damage":10,"enemies":"Large Slime","floor":13,"turns":4},{"damage":26,"enemies":"The Guardian","floor":16,"turns":17}],"seed_played":"-2903907088732792341","potions_obtained":[{"floor":1,"key":"SkillPotion"},{"floor":4,"key":"Strength Potion"},{"floor":13,"key":"Fire Potion"}],"is_trial":false,"path_per_floor":["M","?","M","M","M","R","E","R","T","R","E","M","M","$","R","B"],"character_chosen":"IRONCLAD","items_purchased":["Panacea","Flex"],"campfire_rested":0,"item_purchase_floors":[14,14],"current_hp_per_floor":[74,74,75,75,75,75,52,52,52,52,34,31,27,27,27,1],"gold":19,"neow_bonus":"THREE_ENEMY_KILL","is_prod":false,"is_daily":false,"chose_seed":false,"campfire_upgraded":4,"win_rate":0,"timestamp":1551350534,"path_taken":["M","?","M","?","M","R","E","R","T","R","E","?","M","$","R","BOSS"],"build_version":"2019-01-23","purchased_purges":1,"victory":false,"max_hp_per_floor":[75,75,75,75,75,75,75,75,75,75,75,75,75,75,75,75],"card_choices":[{"not_picked":["Headbutt","Pummel"],"picked":"Evolve","floor":1},{"not_picked":["Rage","Armaments","Flex"],"picked":"SKIP","floor":3},{"not_picked":["Intimidate","Clash"],"picked":"True Grit","floor":4},{"not_picked":["Body Slam","Dual Wield"],"picked":"Feel No Pain","floor":5},{"not_picked":["Berserk","Clash","Armaments"],"picked":"SKIP","floor":7},{"not_picked":["Hemokinesis","Cleave","Heavy Blade"],"picked":"SKIP","floor":11},{"not_picked":["Twin Strike","Perfected Strike","Anger"],"picked":"SKIP","floor":12},{"not_picked":["Armaments","Rupture+1","Rage"],"picked":"SKIP","floor":13}],"player_experience":1900677,"relics_obtained":[{"floor":2,"key":"Red Skull"},{"floor":7,"key":"Charon\u0027s Ashes"},{"floor":9,"key":"Frozen Egg 2"},{"floor":11,"key":"Dream Catcher"}],"event_choices":[{"damage_healed":0,"gold_gain":0,"player_choice":"Relic","damage_taken":0,"max_hp_gain":0,"max_hp_loss":0,"event_name":"Wheel of Change","floor":2,"gold_loss":0}],"is_beta":false,"boss_relics":[],"items_purged_floors":[14],"is_endless":false,"potions_floor_spawned":[1,4,13],"killed_by":"The Guardian","ascension_level":20}