{"gold_per_floor":[115,80,100,114,114,114,129,160,160,160,170,170,228,228,228,228],"floor_reached":16,"playtime":447,"items_purged":[],"score":200,"play_id":"f21f385f-4290-4fc9-a7e5-1cb96ff6a675","local_time":"20190228143736","is_ascension_mode":true,"campfire_choices":[{"data":"Zap","floor":6,"key":"SMITH"},{"data":"Biased Cognition","floor":10,"key":"SMITH"},{"data":"Recycle","floor":12,"key":"SMITH"},{"floor":15,"key":"REST"}],"neow_cost":"PERCENT_DAMAGE","seed_source_timestamp":194543234457300,"circlet_count":0,"master_deck":["AscendersBane","Strike_B","Strike_B","Strike_B","Strike_B","Defend_B","Defend_B","Defend_B","Defend_B","Zap+1","Dualcast","Leap","Biased Cognition+1","Conserve Battery","Pain","Chill","Recycle+1","Streamline","Loop","Parasite"],"relics":["Cracked Core","Calipers","WarpedTongs","Kunai","Shuriken","Bag of Marbles"],"potions_floor_usage":[8,13],"damage_taken":[{"damage":2,"enemies":"Jaw Worm","floor":1,"turns":3},{"damage":0,"enemies":"Cultist","floor":3,"turns":4},{"damage":6,"enemies":"2 Louse","floor":4,"turns":2},{"damage":14,"enemies":"Exordium Thugs","floor":7,"turns":5},{"damage":20,"enemies":"3 Sentries","floor":8,"turns":7},{"damage":3,"enemies":"Large Slime","floor":11,"turns":4},{"damage":17,"enemies":"Gremlin Nob","floor":13,"turns":4},{"damage":18,"enemies":"Hexaghost","floor":16,"turns":9}],"seed_played":"-1581488762198341225","potions_obtained":[{"floor":3,"key":"Strength Potion"},{"floor":8,"key":"EssenceOfSteel"}],"is_trial":false,"path_per_floor":["M","?","M","M","?","R","M","E","T","R","M","R","?","?","R","B"],"character_chosen":"DEFECT","items_purchased":[],"campfire_rested":1,"item_purchase_floors":[],"current_hp_per_floor":[44,61,61,55,55,55,41,21,21,21,18,18,1,1,22,4],"gold":228,"neow_bonus":"ONE_RARE_RELIC","is_prod":false,"is_daily":false,"chose_seed":false,"campfire_upgraded":3,"win_rate":0,"timestamp":1551332256,"path_taken":["M","?","M","M","?","R","?","E","T","R","M","R","?","?","R","BOSS"],"build_version":"2019-01-23","purchased_purges":0,"victory":false,"max_hp_per_floor":[71,71,71,71,71,71,71,71,71,71,71,71,71,71,71,71],"card_choices":[{"not_picked":["Steam","Go for the Eyes"],"picked":"Leap","floor":1},{"not_picked":["Steam","Sweeping Beam"],"picked":"Biased Cognition","floor":3},{"not_picked":["Stack","Steam"],"picked":"Conserve Battery","floor":4},{"not_picked":["Redo","Conserve Battery","Auto Shields"],"picked":"SKIP","floor":7},{"not_picked":["Darkness","Rainbow"],"picked":"Chill","floor":8},{"not_picked":["Chaos","Double Energy"],"picked":"Recycle","floor":11},{"not_picked":["Ball Lightning","Conserve Battery"],"picked":"Streamline","floor":13}],"player_experience":1882946,"relics_obtained":[{"floor":8,"key":"Kunai"},{"floor":9,"key":"Shuriken"},{"floor":13,"key":"Bag of Marbles"}],"event_choices":[{"damage_healed":17,"gold_gain":0,"player_choice":"Healed","damage_taken":0,"max_hp_gain":0,"max_hp_loss":0,"event_name":"The Cleric","floor":2,"gold_loss":35},{"damage_healed":0,"gold_gain":0,"player_choice":"Rummage","damage_taken":0,"relics_obtained":["WarpedTongs"],"max_hp_gain":0,"max_hp_loss":0,"event_name":"Accursed Blacksmith","floor":5,"gold_loss":0,"cards_obtained":["Pain"]},{"damage_healed":0,"gold_gain":0,"player_choice":"Searched \u00271\u0027 times","damage_taken":0,"max_hp_gain":0,"max_hp_loss":0,"event_name":"Dead Adventurer","floor":13,"gold_loss":0},{"damage_healed":0,"gold_gain":0,"player_choice":"2 cards matched","damage_taken":0,"max_hp_gain":0,"max_hp_loss":0,"event_name":"Match and Keep!","floor":14,"gold_loss":0,"cards_obtained":["Loop","Parasite"]}],"is_beta":false,"boss_relics":[],"items_purged_floors":[],"is_endless":false,"potions_floor_spawned":[3,8],"killed_by":"Hexaghost","ascension_level":20}