{"path_per_floor":["M","M","?","?","M","R","E","R","T","E","M","E","?","M","R"],"character_chosen":"IRONCLAD","items_purchased":[],"gold_per_floor":[109,123,123,123,141,141,171,171,194,221,236,262,337,349,349],"floor_reached":16,"campfire_rested":0,"playtime":820,"current_hp_per_floor":[78,80,80,80,80,80,66,66,66,54,60,53,42,52,52],"items_purged":[],"gold":349,"score":138,"play_id":"ed614c7f-261a-440e-95d3-0c1004f9269b","is_prod":false,"is_daily":false,"is_ascension_mode":true,"campfire_upgraded":3,"path_taken":["M","M","?","?","M","R","E","R","T","E","M","E","?","M","R","BOSS"],"build_version":"2018-02-23-BETA1","purchased_purges":0,"victory":false,"master_deck":["Strike_R","Strike_R","Strike_R","Strike_R","Strike_R","Defend_R","Defend_R","Defend_R","Bash","Ghostly Armor","Whirlwind+1","Body Slam","Feed+1","Uppercut+1","True Grit+1","Entrench+1","Metallicize"],"max_hp_per_floor":[80,80,80,80,80,80,80,80,80,84,84,84,84,88,88],"relics":["Burning Blood","Calipers","Anchor","Toxic Egg 2","Bag of Preparation"],"card_choices":[{"not_picked":["Flex","Flame Barrier"],"picked":"Ghostly Armor"},{"not_picked":["Shrug It Off","Clothesline"],"picked":"Whirlwind"},{"not_picked":["Combust","Sever Soul"],"picked":"Body Slam"},{"not_picked":["Wild Strike","Iron Wave"],"picked":"Feed"},{"not_picked":["Twin Strike","Headbutt"],"picked":"Uppercut"},{"not_picked":["Thunderclap","Heavy Blade"],"picked":"True Grit"},{"not_picked":["Armaments","Barricade"],"picked":"Entrench"},{"not_picked":["Body Slam","Thunderclap"],"picked":"Metallicize"}],"player_experience":98789,"potions_floor_usage":[7,7,12],"damage_taken":[{"damage":8,"enemies":"Jaw Worm","floor":1,"turns":4},{"damage":0,"enemies":"Cultist","floor":2,"turns":3},{"damage":0,"enemies":"Small Slimes","floor":5,"turns":3},{"damage":20,"enemies":"Gremlin Nob","floor":7,"turns":4},{"damage":22,"enemies":"3 Sentries","floor":10,"turns":8},{"damage":0,"enemies":"2 Fungi Beasts","floor":11,"turns":1},{"damage":13,"enemies":"Gremlin Nob","floor":12,"turns":4},{"damage":0,"enemies":"Looter","floor":14,"turns":2},{"damage":53,"enemies":"Hexaghost","floor":16,"turns":16}],"event_choices":[{"event_name":"The Lab","player_choice":"Got Potions","floor":3,"damage_taken":0},{"event_name":"Living Wall","player_choice":"Forget","floor":4,"damage_taken":0},{"event_name":"World of Goop","player_choice":"Gather Gold","floor":13,"damage_taken":0}],"boss_relics":[],"potions_floor_spawned":[1,7],"seed_played":"1900502672468178483","killed_by":"Hexaghost","ascension_level":3,"is_trial":false}