{"gold_per_floor":[119,194,369,386,403,423,423,195,195,215,232,85,85,85,85,182,182,192,92,191,191,208,208,7,22,22,34,62,62,79,94,94,199,199,218,218,218,218,229,229,79,79,158,170,170,0,0,16,16,16],"floor_reached":51,"playtime":766,"items_purged":["Strike_R","Strike_R","Strike_R","Strike_R"],"score":657,"play_id":"eab5aee0-fb13-45f3-b4b6-9369e4e3d0b4","local_time":"20190409134650","is_ascension_mode":false,"campfire_choices":[{"data":"Juggernaut","floor":15.0,"key":"SMITH"},{"data":"Rampage","floor":23.0,"key":"SMITH"},{"data":"Limit Break","floor":29,"key":"SMITH"},{"data":"Shockwave","floor":32,"key":"SMITH"},{"data":"Apotheosis","floor":40,"key":"SMITH"},{"data":"Fiend Fire","floor":42,"key":"SMITH"},{"data":"Shrug It Off","floor":47,"key":"SMITH"},{"data":"Inflame","floor":49,"key":"SMITH"}],"neow_cost":"NONE","seed_source_timestamp":214940474812400,"circlet_count":0,"master_deck":["Strike_R+1","Defend_R","Defend_R+1","Defend_R","Defend_R","Bash+1","Rampage+1","Juggernaut+1","Whirlwind+1","Offering+1","Shrug It Off+1","Limit Break+1","Whirlwind+1","Shockwave+1","True Grit+1","Fiend Fire+1","Apotheosis+1","Inflame+1"],"special_seed":0,"relics":["Burning Blood","NeowsBlessing","Blood Vial","Meat on the Bone","Bag of Preparation","Strawberry","Coffee Dripper","Matryoshka","Whetstone","Philosopher\u0027s Stone","War Paint","Sundial","Red Mask"],"potions_floor_usage":[33,48,50,50],"damage_taken":[{"damage":0.0,"enemies":"Small Slimes","floor":1.0,"turns":1.0},{"damage":0.0,"enemies":"2 Louse","floor":4.0,"turns":1.0},{"damage":0.0,"enemies":"Jaw Worm","floor":5.0,"turns":1.0},{"damage":53.0,"enemies":"Large Slime","floor":6.0,"turns":7.0},{"damage":0.0,"enemies":"Exordium Wildlife","floor":10.0,"turns":3.0},{"damage":18.0,"enemies":"Lots of Slimes","floor":11.0,"turns":5.0},{"damage":35.0,"enemies":"Hexaghost","floor":16.0,"turns":9.0},{"damage":26.0,"enemies":"2 Thieves","floor":18.0,"turns":3.0},{"damage":16.0,"enemies":"Chosen","floor":22.0,"turns":3.0},{"damage":27,"enemies":"Snake Plant","floor":25,"turns":3},{"damage":19,"enemies":"Snecko","floor":27,"turns":4},{"damage":20,"enemies":"Slavers","floor":28,"turns":2},{"damage":8,"enemies":"Chosen and Byrds","floor":30,"turns":3},{"damage":15,"enemies":"Centurion and Healer","floor":31,"turns":2},{"damage":27,"enemies":"Champ","floor":33,"turns":7},{"damage":22,"enemies":"Orb Walker","floor":35,"turns":3},{"damage":6,"enemies":"3 Darklings","floor":39,"turns":1},{"damage":6,"enemies":"Transient","floor":44,"turns":5},{"damage":29,"enemies":"4 Shapes","floor":48,"turns":5},{"damage":53,"enemies":"Time Eater","floor":50,"turns":10}],"seed_played":"7082587013988397505","potions_obtained":[{"floor":1.0,"key":"Weak Potion"},{"floor":6.0,"key":"Energy Potion"},{"floor":11.0,"key":"SneckoOil"},{"floor":22.0,"key":"SteroidPotion"},{"floor":25,"key":"Weak Potion"},{"floor":27,"key":"EssenceOfSteel"},{"floor":35,"key":"SkillPotion"},{"floor":48,"key":"Energy Potion"}],"is_trial":false,"path_per_floor":["M","?","?","M","M","M","?","$","T","M","M","$","?","?","R","B",null,"M","$","?","?","M","R","$","M","T","M","E","R","M","M","R","B",null,"M","?","?","?","M","R","$","R","T","M","$","?","R","M","R","B",null],"character_chosen":"IRONCLAD","items_purchased":["Blood Vial","Bag of Preparation","Limit Break"],"campfire_rested":0,"item_purchase_floors":[8,12,24],"current_hp_per_floor":[80,69,69,75,80,33,33,33,33,53,55,55,55,38,38,23,87,67,67,67,67,59,59,59,52,52,53,53,53,53,58,58,51,87,71,61,61,61,63,63,63,63,63,65,65,65,65,56,56,23],"gold":16,"neow_bonus":"THREE_ENEMY_KILL","is_prod":false,"is_daily":false,"chose_seed":false,"campfire_upgraded":8,"win_rate":0,"timestamp":1554785210,"path_taken":["M","?","?","M","M","M","?","$","T","M","M","$","?","?","R","BOSS","M","$","?","?","M","R","?","M","T","?","E","R","M","M","R","BOSS","M","?","?","?","M","R","$","R","T","M","$","?","R","M","R","BOSS"],"build_version":"2019-01-23","purchased_purges":4,"victory":true,"max_hp_per_floor":[80,80,80,80,80,80,80,80,80,80,80,80,87,87,87,87,87,87,87,87,87,87,87,87,87,87,87,87,87,87,87,87,87,87,87,87,83,83,83,83,83,83,83,83,83,83,83,83,83,83],"card_choices":[{"not_picked":["Fire Breathing","Warcry"],"picked":"Rampage","floor":1.0},{"not_picked":["True Grit","Iron Wave","Clothesline"],"picked":"SKIP","floor":4.0},{"not_picked":["Combust","Rampage","Clash"],"picked":"SKIP","floor":5.0},{"not_picked":["Rage","Headbutt"],"picked":"Juggernaut","floor":6.0},{"not_picked":["Warcry","Twin Strike","Sword Boomerang"],"picked":"SKIP","floor":10.0},{"not_picked":["Infernal Blade","Disarm"],"picked":"Whirlwind","floor":11.0},{"not_picked":["Barricade","Bludgeon"],"picked":"Offering","floor":16.0},{"not_picked":["Sword Boomerang","Iron Wave","Anger"],"picked":"SKIP","floor":18.0},{"not_picked":["Rampage","Thunderclap"],"picked":"Shrug It Off","floor":22.0},{"not_picked":["Fire Breathing+1","Headbutt"],"picked":"Whirlwind","floor":25},{"not_picked":["Ghostly Armor","Cleave","Headbutt"],"picked":"SKIP","floor":27},{"not_picked":["Flame Barrier","Infernal Blade","Anger"],"picked":"SKIP","floor":28},{"not_picked":["Wild Strike","Combust"],"picked":"Shockwave","floor":30},{"not_picked":["Heavy Blade+1","Second Wind"],"picked":"True Grit+1","floor":31},{"not_picked":["Barricade","Brutality"],"picked":"Fiend Fire","floor":33},{"not_picked":["Rage+1","Whirlwind","Perfected Strike"],"picked":"SKIP","floor":35},{"not_picked":["Transmutation","Trip"],"picked":"Apotheosis","floor":36},{"not_picked":["Blood for Blood+1","Body Slam","True Grit"],"picked":"SKIP","floor":39},{"not_picked":["Reckless Charge+1","Sword Boomerang+1","Feel No Pain"],"picked":"SKIP","floor":44},{"not_picked":["Burning Pact+1","Fire Breathing"],"picked":"Inflame","floor":48}],"player_experience":3005092,"relics_obtained":[{"floor":9.0,"key":"Meat on the Bone"},{"floor":26,"key":"Matryoshka"},{"floor":28,"key":"Whetstone"},{"floor":43,"key":"War Paint"},{"floor":43,"key":"Sundial"}],"event_choices":[{"damage_healed":0.0,"max_hp_gain":0.0,"max_hp_loss":0.0,"gold_gain":75.0,"event_name":"World of Goop","player_choice":"Gather Gold","floor":2.0,"gold_loss":0.0,"damage_taken":11.0},{"damage_healed":0.0,"max_hp_gain":0.0,"max_hp_loss":0.0,"gold_gain":175.0,"event_name":"Liars Game","player_choice":"AGREE","floor":3.0,"gold_loss":0.0,"damage_taken":0.0,"cards_obtained":["Doubt"]},{"cards_removed":["Doubt"],"damage_healed":0.0,"max_hp_gain":0.0,"max_hp_loss":0.0,"gold_gain":0.0,"event_name":"Living Wall","player_choice":"Forget","floor":7.0,"gold_loss":0.0,"damage_taken":0.0},{"damage_healed":0.0,"max_hp_gain":0.0,"max_hp_loss":0.0,"gold_gain":0.0,"event_name":"Scrap Ooze","player_choice":"Success","floor":13.0,"gold_loss":0.0,"damage_taken":7.0,"relics_obtained":["Strawberry"]},{"damage_healed":0.0,"max_hp_gain":0.0,"max_hp_loss":0.0,"gold_gain":0.0,"event_name":"Shining Light","player_choice":"Entered Light","floor":14.0,"gold_loss":0.0,"damage_taken":17.0,"cards_upgraded":["Whirlwind","Strike_R"]},{"damage_healed":0.0,"max_hp_gain":0.0,"max_hp_loss":0.0,"gold_gain":99.0,"event_name":"Nest","player_choice":"Stole From Cult","floor":20.0,"gold_loss":0.0,"damage_taken":0.0},{"damage_healed":0.0,"max_hp_gain":0.0,"max_hp_loss":0.0,"gold_gain":0.0,"event_name":"Vampires","player_choice":"Ignored","floor":21.0,"gold_loss":0.0,"damage_taken":0.0},{"damage_healed":0,"gold_gain":0,"player_choice":"Memory 3","damage_taken":10,"max_hp_gain":0,"max_hp_loss":0,"event_name":"SensoryStone","floor":36,"gold_loss":0},{"damage_healed":0,"gold_gain":0,"player_choice":"Max HP","damage_taken":0,"max_hp_gain":0,"max_hp_loss":4,"event_name":"Winding Halls","floor":37,"gold_loss":0},{"damage_healed":0,"gold_gain":0,"player_choice":"Ignored","damage_taken":0,"max_hp_gain":0,"max_hp_loss":0,"event_name":"Mysterious Sphere","floor":38,"gold_loss":0},{"damage_healed":0,"gold_gain":0,"player_choice":"Paid","damage_taken":0,"relics_obtained":["Red Mask"],"max_hp_gain":0,"max_hp_loss":0,"event_name":"Tomb of Lord Red Mask","floor":46,"gold_loss":170}],"is_beta":false,"boss_relics":[{"not_picked":["Empty Cage","Pandora\u0027s Box"],"picked":"Coffee Dripper"},{"not_picked":["White Beast Statue","Mark of Pain"],"picked":"Philosopher\u0027s Stone"}],"items_purged_floors":[8,19,24,41],"is_endless":false,"potions_floor_spawned":[1,6,11,22,25,27,35,48],"ascension_level":0}