{"gold_per_floor":[117,136,211,211,211,211,244,244,244,269,280,52,79,97,97,176,176,193,220,220,145,159,159,185,185,185,217,217,250,250,250,250,327,327,345,355,238,258,21,52,52,52,52,52,52,87,7,7,7,7,7],"floor_reached":51,"playtime":2179,"items_purged":["Strike_R"],"score":1646,"play_id":"83c79522-be30-4653-a72e-fd83aa908486","local_time":"20190312143011","is_ascension_mode":true,"campfire_choices":[{"data":"Immolate","floor":6,"key":"SMITH"},{"data":"Bash","floor":8,"key":"SMITH"},{"floor":15,"key":"REST"},{"data":"Fiend Fire","floor":23,"key":"SMITH"},{"data":"Offering","floor":25,"key":"SMITH"},{"data":"Clothesline","floor":30,"key":"SMITH"},{"data":"Ghostly Armor","floor":32,"key":"SMITH"},{"floor":41,"key":"RECALL"},{"floor":44,"key":"REST"},{"floor":49,"key":"REST"}],"neow_cost":"NONE","seed_source_timestamp":272784261070300,"circlet_count":0,"master_deck":["AscendersBane","Strike_R","Strike_R","Strike_R","Defend_R","Defend_R","Defend_R","Defend_R","Bash+1","Immolate+1","Thunderclap","Ghostly Armor+1","Offering+1","Fiend Fire+1","Battle Trance+1","Clothesline+1","Entrench","Juggernaut","Shrug It Off","Shockwave+1","Dual Wield","Impervious","Magnetism","Magnetism","Burning Pact+1","Sentinel+1"],"relics":["Burning Blood","Bag of Preparation","Ginger","Shuriken","Orichalcum","Gambling Chip","Snecko Eye","Red Mask","Bag of Marbles","Ancient Tea Set","Centennial Puzzle","Ice Cream","Fusion Hammer","Omamori","Red Skull","Toxic Egg 2","PreservedInsect"],"potions_floor_usage":[7,10,16,51],"damage_taken":[{"damage":7,"enemies":"Jaw Worm","floor":1,"turns":3},{"damage":0,"enemies":"2 Louse","floor":2,"turns":1},{"damage":34,"enemies":"Gremlin Nob","floor":7,"turns":4},{"damage":20,"enemies":"3 Sentries","floor":10,"turns":6},{"damage":0,"enemies":"Small Slimes","floor":11,"turns":1},{"damage":20,"enemies":"Gremlin Nob","floor":13,"turns":4},{"damage":5,"enemies":"Looter","floor":14,"turns":2},{"damage":17,"enemies":"The Guardian","floor":16,"turns":8},{"damage":1,"enemies":"3 Byrds","floor":18,"turns":2},{"damage":0,"enemies":"Masked Bandits","floor":19,"turns":1},{"damage":17,"enemies":"Shell Parasite","floor":22,"turns":3},{"damage":6,"enemies":"Book of Stabbing","floor":24,"turns":1},{"damage":0,"enemies":"Slavers","floor":27,"turns":2},{"damage":0,"enemies":"Gremlin Leader","floor":29,"turns":1},{"damage":29,"enemies":"Collector","floor":33,"turns":4},{"damage":0,"enemies":"Orb Walker","floor":35,"turns":1},{"damage":0,"enemies":"3 Shapes","floor":36,"turns":1},{"damage":0,"enemies":"Sphere and 2 Shapes","floor":38,"turns":2},{"damage":6,"enemies":"Nemesis","floor":40,"turns":1},{"damage":22,"enemies":"Giant Head","floor":46,"turns":5},{"damage":68,"enemies":"Awakened One","floor":50,"turns":13},{"damage":30,"enemies":"Time Eater","floor":51,"turns":7}],"seed_played":"7216125855802719030","potions_obtained":[{"floor":1,"key":"GamblersBrew"},{"floor":2,"key":"AttackPotion"},{"floor":10,"key":"Ancient Potion"},{"floor":16,"key":"Block Potion"},{"floor":22,"key":"SteroidPotion"}],"is_trial":false,"path_per_floor":["M","M","?","?","?","R","E","R","T","E","M","$","E","M","R","B",null,"M","?","?","$","M","R","E","R","T","E","T","E","R","?","R","B",null,"M","M","$","M","$","E","R","?","T","R","?","E","$","?","R","B","B"],"character_chosen":"IRONCLAD","items_purchased":["PowerPotion","Orichalcum","Dual Wield","Corruption","Impervious","Omamori","Sentinel+1"],"campfire_rested":3,"item_purchase_floors":[12,12,37,37,39,39,47],"current_hp_per_floor":[67,73,62,62,67,67,39,39,39,25,31,31,17,18,42,31,68,73,79,79,79,68,68,68,68,68,74,74,80,80,80,80,57,74,80,80,80,80,80,80,80,80,80,80,70,54,54,70,80,18,0],"gold":7,"neow_bonus":"ONE_RANDOM_RARE_CARD","is_prod":false,"is_daily":false,"chose_seed":false,"campfire_upgraded":6,"win_rate":0,"timestamp":1552368611,"path_taken":["M","M","?","?","?","R","E","R","T","E","M","$","E","M","R","BOSS","M","?","?","?","M","R","E","R","T","E","?","E","R","?","R","BOSS","M","M","$","M","$","E","R","?","T","R","?","E","$","?","R","BOSS","BOSS"],"build_version":"2019-01-23","purchased_purges":1,"victory":false,"max_hp_per_floor":[75,75,75,75,80,80,80,80,80,80,80,80,80,80,80,80,80,80,80,80,80,80,80,80,80,80,80,80,80,80,80,80,80,80,80,80,80,80,80,80,80,80,80,80,80,80,80,80,80,80,80],"card_choices":[{"not_picked":["Spot Weakness","Anger"],"picked":"Thunderclap","floor":1},{"not_picked":["Sentinel","Flex","Thunderclap"],"picked":"SKIP","floor":2},{"not_picked":["Clothesline","Rage"],"picked":"Ghostly Armor","floor":7},{"not_picked":["Pommel Strike","Twin Strike","Havoc"],"picked":"SKIP","floor":10},{"not_picked":["Fire Breathing","Thunderclap","Bloodletting"],"picked":"SKIP","floor":11},{"not_picked":["Shrug It Off","Flame Barrier"],"picked":"Offering","floor":13},{"not_picked":["Havoc","Reckless Charge","Cleave"],"picked":"SKIP","floor":14},{"not_picked":["Juggernaut","Demon Form"],"picked":"Fiend Fire","floor":16},{"not_picked":["Anger","Power Through","Pommel Strike"],"picked":"SKIP","floor":18},{"not_picked":["Anger","Wild Strike"],"picked":"Battle Trance","floor":22},{"not_picked":["Cleave","Body Slam"],"picked":"Clothesline","floor":24},{"not_picked":["Feed","Twin Strike+1"],"picked":"Entrench","floor":27},{"not_picked":["Spot Weakness","Flex","Armaments"],"picked":"SKIP","floor":29},{"not_picked":["Spot Weakness","Flex","Armaments"],"picked":"SKIP","floor":29},{"not_picked":["Fiend Fire","Offering"],"picked":"Juggernaut","floor":33},{"not_picked":["Perfected Strike","Body Slam"],"picked":"Shrug It Off","floor":35},{"not_picked":["Havoc","Warcry"],"picked":"Shockwave+1","floor":36},{"not_picked":["Twin Strike","Clash","Rampage+1"],"picked":"SKIP","floor":38},{"not_picked":["Sword Boomerang","Warcry","True Grit"],"picked":"SKIP","floor":40},{"not_picked":["Mind Blast","Madness+1"],"picked":"Magnetism","floor":45},{"not_picked":["PanicButton+1","Secret Weapon+1"],"picked":"Magnetism","floor":45},{"not_picked":["Headbutt","Havoc+1"],"picked":"Burning Pact+1","floor":46}],"player_experience":2207639,"relics_obtained":[{"floor":7,"key":"Bag of Preparation"},{"floor":9,"key":"Ginger"},{"floor":10,"key":"Shuriken"},{"floor":13,"key":"Gambling Chip"},{"floor":19,"key":"Red Mask"},{"floor":24,"key":"Bag of Marbles"},{"floor":26,"key":"Ancient Tea Set"},{"floor":27,"key":"Centennial Puzzle"},{"floor":29,"key":"Ice Cream"},{"floor":40,"key":"Red Skull"},{"floor":43,"key":"Toxic Egg 2"},{"floor":46,"key":"PreservedInsect"}],"event_choices":[{"damage_healed":0,"gold_gain":75,"player_choice":"Gather Gold","damage_taken":11,"max_hp_gain":0,"max_hp_loss":0,"event_name":"World of Goop","floor":3,"gold_loss":0},{"cards_removed":["Strike_R"],"damage_healed":0,"gold_gain":0,"player_choice":"Forget","damage_taken":0,"max_hp_gain":0,"max_hp_loss":0,"event_name":"Living Wall","floor":4,"gold_loss":0},{"damage_healed":0,"gold_gain":0,"player_choice":"Donut","damage_taken":0,"max_hp_gain":5,"max_hp_loss":0,"event_name":"Big Fish","floor":5,"gold_loss":0},{"damage_healed":0,"gold_gain":0,"player_choice":"Fought Bandits","damage_taken":0,"max_hp_gain":0,"max_hp_loss":0,"event_name":"Masked Bandits","floor":19,"gold_loss":0},{"damage_healed":0,"gold_gain":0,"player_choice":"Ignored","damage_taken":0,"max_hp_gain":0,"max_hp_loss":0,"event_name":"Vampires","floor":20,"gold_loss":0},{"damage_healed":0,"gold_gain":0,"player_choice":"Forge","damage_taken":0,"max_hp_gain":0,"max_hp_loss":0,"event_name":"Accursed Blacksmith","floor":31,"gold_loss":0,"cards_upgraded":["Battle Trance"]},{"cards_removed":["Corruption"],"damage_healed":0,"gold_gain":0,"player_choice":"Removed Power","damage_taken":0,"max_hp_gain":0,"max_hp_loss":0,"event_name":"Falling","floor":42,"gold_loss":0},{"damage_healed":0,"gold_gain":0,"player_choice":"Memory 3","damage_taken":10,"max_hp_gain":0,"max_hp_loss":0,"event_name":"SensoryStone","floor":45,"gold_loss":0},{"damage_healed":16,"gold_gain":0,"player_choice":"Writhe","damage_taken":0,"max_hp_gain":0,"max_hp_loss":0,"event_name":"Winding Halls","floor":48,"gold_loss":0,"cards_obtained":["Writhe"]}],"is_beta":false,"boss_relics":[{"not_picked":["Orrery","Busted Crown"],"picked":"Snecko Eye"},{"not_picked":["Eternal Feather","Mark of Pain"],"picked":"Fusion Hammer"}],"items_purged_floors":[21],"is_endless":false,"potions_floor_spawned":[1,2,10,16,22,24,27,36],"killed_by":"Time Eater","ascension_level":20}