{"gold_per_floor":[724,174,292,405,516,516,255,255,367,483,596,596,18,18,129,244,361,475],"floor_reached":19,"playtime":1288,"items_purged":["Strike_R","Strike_R","Strike_R","Cleave+1"],"score":2590,"play_id":"b97b84a6-ca25-4c65-a34e-14f8f62eb875","local_time":"20190414214832","daily_mods":["Uncertain Future"],"is_ascension_mode":false,"campfire_choices":[{"data":"Bash","floor":8,"key":"PURGE"},{"data":"Defend_R","floor":14,"key":"PURGE"}],"neow_cost":"","seed_source_timestamp":0,"circlet_count":0,"master_deck":["Defend_R","Defend_R","Defend_R","Shrug It Off+1","Battle Trance+1","Discovery+1","Uppercut+1","Warcry+1","Entrench+1","Impatience+1","Double Tap+1","Barricade+1","Body Slam+1","True Grit+1","Shrug It Off+1","Second Wind+1"],"relics":["Burning Blood","The Courier","Molten Egg 2","Toxic Egg 2","Frozen Egg 2","Happy Flower","Pen Nib","Peace Pipe","Potion Belt","Pantograph","Question Card","Empty Cage","Incense Burner","Lantern","Centennial Puzzle","Busted Crown","Membership Card","Mango","Oddly Smooth Stone","Meat on the Bone","Regal Pillow","Art of War","Letter Opener","Red Skull"],"potions_floor_usage":[10,10,10,10,18,18],"damage_taken":[{"damage":61,"enemies":"Slime Boss","floor":3,"turns":10},{"damage":0,"enemies":"The Guardian","floor":4,"turns":14},{"damage":33,"enemies":"Hexaghost","floor":5,"turns":10},{"damage":28,"enemies":"Champ","floor":9,"turns":7},{"damage":55,"enemies":"Collector","floor":10,"turns":15},{"damage":20,"enemies":"Automaton","floor":11,"turns":19},{"damage":20,"enemies":"Donu and Deca","floor":15,"turns":6},{"damage":13,"enemies":"Time Eater","floor":16,"turns":6},{"damage":0,"enemies":"Awakened One","floor":17,"turns":5},{"damage":2,"enemies":"The Heart","floor":18,"turns":4}],"seed_played":"-2175343908403535396","potions_obtained":[{"floor":3,"key":"SteroidPotion"},{"floor":4,"key":"Poison Potion"},{"floor":9,"key":"Strength Potion"},{"floor":15,"key":"Swift Potion"},{"floor":16,"key":"Weak Potion"}],"is_trial":true,"path_per_floor":["$","$","M","M","M","T","$","R","M","M","M","T","$","R","M","M","M","M",null],"character_chosen":"IRONCLAD","items_purchased":["Happy Flower","Shrug It Off+1","Battle Trance+1","Discovery+1","Cleave+1","Pen Nib","Peace Pipe","Impatience+1","Double Tap+1","Dexterity Potion","Membership Card","True Grit+1","Shrug It Off+1","Mango","Oddly Smooth Stone","Meat on the Bone","SpeedPotion","Swift Potion"],"campfire_rested":0,"item_purchase_floors":[1,1,1,2,2,2,2,7,7,7,13,13,13,13,13,13,13,13],"current_hp_per_floor":[80,80,25,31,29,29,29,29,32,8,19,19,33,33,56,74,94,94],"gold":475,"neow_bonus":"","is_prod":false,"is_daily":false,"chose_seed":false,"campfire_upgraded":0,"win_rate":0,"timestamp":1555246112,"path_taken":["$","$","M","M","M","T","$","R","M","M","M","T","$","R","M","M","M","M"],"build_version":"2019-01-23","purchased_purges":4,"victory":true,"max_hp_per_floor":[80,80,80,80,80,80,80,80,80,80,80,80,94,94,94,94,94,94],"card_choices":[{"not_picked":["Headbutt+1","Twin Strike+1"],"picked":"Uppercut+1","floor":3},{"not_picked":["Flex+1","Metallicize+1"],"picked":"Warcry+1","floor":4},{"not_picked":["Disarm+1","Pommel Strike+1"],"picked":"Entrench+1","floor":5},{"not_picked":["Cleave+1","Clothesline+1","Infernal Blade+1","Sentinel+1"],"picked":"SKIP","floor":9},{"not_picked":["Armaments+1","Whirlwind+1","Ghostly Armor+1"],"picked":"Barricade+1","floor":10},{"not_picked":["Clash+1","Battle Trance+1","Pommel Strike+1"],"picked":"Body Slam+1","floor":11},{"not_picked":["Heavy Blade+1"],"picked":"Second Wind+1","floor":15},{"not_picked":["Heavy Blade+1","Pommel Strike+1"],"picked":"SKIP","floor":16},{"not_picked":["Cleave+1","Perfected Strike+1"],"picked":"SKIP","floor":17}],"player_experience":3138967,"relics_obtained":[{"floor":3,"key":"Potion Belt"},{"floor":4,"key":"Pantograph"},{"floor":5,"key":"Question Card"},{"floor":9,"key":"Incense Burner"},{"floor":10,"key":"Lantern"},{"floor":11,"key":"Centennial Puzzle"},{"floor":15,"key":"Regal Pillow"},{"floor":16,"key":"Art of War"},{"floor":17,"key":"Letter Opener"},{"floor":18,"key":"Red Skull"}],"event_choices":[],"is_beta":false,"boss_relics":[{"not_picked":["Sozu","Ectoplasm"],"picked":"Empty Cage"},{"not_picked":["Runic Cube","Astrolabe"],"picked":"Busted Crown"}],"items_purged_floors":[1,2,7,13],"is_endless":false,"potions_floor_spawned":[3,4,9,15,16],"ascension_level":0}