{"gold_per_floor":[118,48,58,73,73,99,99,80,133,133,164,164,175,192,192,292,292,306,215,21,41,57,57,67,67],"floor_reached":25,"playtime":1674,"items_purged":[],"score":215,"play_id":"ceb72aa2-7347-4a8c-9102-023aa0fa5120","local_time":"20190209130536","is_ascension_mode":false,"campfire_choices":[{"floor":7.0,"key":"REST"},{"data":"Redo","floor":10.0,"key":"SMITH"},{"data":"Redo","floor":15.0,"key":"SMITH"},{"floor":23.0,"key":"REST"}],"neow_cost":"NONE","seed_source_timestamp":832362321556937,"circlet_count":0,"master_deck":["Strike_B","Strike_B","Strike_B","Strike_B","Defend_B","Defend_B","Defend_B","Defend_B","Zap","Dualcast","Redo+1","Hello World","Self Repair","Redo+1","Biased Cognition","Conserve Battery","Fission","Storm","Ball Lightning+1","Static Discharge"],"special_seed":0,"relics":["Cracked Core","Ornamental Fan","Smiling Mask","Blood Vial","Tiny Chest","ClockworkSouvenir"],"potions_floor_usage":[],"damage_taken":[{"damage":0.0,"enemies":"Cultist","floor":1.0,"turns":4.0},{"damage":2.0,"enemies":"Small Slimes","floor":3.0,"turns":3.0},{"damage":1.0,"enemies":"Jaw Worm","floor":4.0,"turns":3.0},{"damage":8.0,"enemies":"3 Sentries","floor":6.0,"turns":8.0},{"damage":9.0,"enemies":"Exordium Thugs","floor":8.0,"turns":4.0},{"damage":19.0,"enemies":"Lagavulin","floor":11.0,"turns":7.0},{"damage":20.0,"enemies":"Lots of Slimes","floor":13.0,"turns":4.0},{"damage":0.0,"enemies":"3 Louse","floor":14.0,"turns":3.0},{"damage":38.0,"enemies":"The Guardian","floor":16.0,"turns":10.0},{"damage":21.0,"enemies":"3 Byrds","floor":18.0,"turns":4.0},{"damage":35.0,"enemies":"2 Thieves","floor":21.0,"turns":4.0},{"damage":8.0,"enemies":"Snecko","floor":22.0,"turns":4.0},{"damage":26.0,"enemies":"Sentry and Sphere","floor":24.0,"turns":4.0},{"damage":44,"enemies":"Cultist and Chosen","floor":25,"turns":4}],"seed_played":"-761671834069518536","potions_obtained":[{"floor":0.0,"key":"SneckoOil"},{"floor":0.0,"key":"LiquidBronze"},{"floor":0.0,"key":"SmokeBomb"},{"floor":1.0,"key":"LiquidBronze"},{"floor":3.0,"key":"EssenceOfSteel"},{"floor":6.0,"key":"SneckoOil"},{"floor":16.0,"key":"Explosive Potion"}],"is_trial":false,"path_per_floor":["M","$","M","M","?","E","R","M","T","R","E","?","M","M","R","B",null,"M","?","$","M","M","R","M","M"],"character_chosen":"DEFECT","items_purchased":["Hello World","ClockworkSouvenir"],"campfire_rested":2,"item_purchase_floors":[2,20],"current_hp_per_floor":[75,75,73,72,65,57,75,73,73,73,61,66,55,64,64,35,80,66,66,66,40,34,58,41,0],"gold":67,"neow_bonus":"THREE_SMALL_POTIONS","is_prod":false,"is_daily":false,"chose_seed":false,"campfire_upgraded":2,"win_rate":0,"timestamp":1549710336,"path_taken":["M","?","M","M","?","E","R","M","T","R","E","?","M","M","R","BOSS","M","?","$","M","M","R","M","?"],"build_version":"2019-01-23","purchased_purges":0,"victory":false,"max_hp_per_floor":[75,75,75,75,75,75,75,75,75,75,75,80,80,80,80,80,80,80,80,80,80,80,80,80,80],"card_choices":[{"not_picked":["Beam Cell","Double Energy"],"picked":"Redo","floor":1.0},{"not_picked":["Consume","Steam Power","Recycle"],"picked":"SKIP","floor":3.0},{"not_picked":["Beam Cell","Compile Driver","Undo"],"picked":"SKIP","floor":4.0},{"not_picked":["Tempest","Darkness"],"picked":"Self Repair","floor":6.0},{"not_picked":["Barrage","Hologram"],"picked":"Redo","floor":8.0},{"not_picked":["Double Energy","Seek"],"picked":"Biased Cognition","floor":11.0},{"not_picked":["Gash","Scrape","Rebound"],"picked":"SKIP","floor":13.0},{"not_picked":["Barrage","Blizzard"],"picked":"Conserve Battery","floor":14.0},{"not_picked":["Reboot","Meteor Strike"],"picked":"Fission","floor":16.0},{"not_picked":["Go for the Eyes","Static Discharge"],"picked":"Storm","floor":18.0},{"not_picked":["FTL","Steam"],"picked":"Ball Lightning+1","floor":21.0},{"not_picked":["Streamline","Gash+1","Turbo"],"picked":"SKIP","floor":22.0},{"not_picked":["Fusion","Redo+1"],"picked":"Static Discharge","floor":24.0}],"player_experience":929285,"relics_obtained":[{"floor":6.0,"key":"Smiling Mask"},{"floor":11.0,"key":"Blood Vial"}],"event_choices":[{"damage_healed":0.0,"max_hp_gain":0.0,"max_hp_loss":0.0,"gold_gain":0.0,"event_name":"Scrap Ooze","player_choice":"Success","floor":5.0,"gold_loss":0.0,"damage_taken":7.0,"relics_obtained":["Ornamental Fan"]},{"damage_healed":0.0,"max_hp_gain":5.0,"max_hp_loss":0.0,"gold_gain":0.0,"event_name":"Big Fish","player_choice":"Donut","floor":12.0,"gold_loss":0.0,"damage_taken":0.0},{"damage_healed":0.0,"max_hp_gain":0.0,"max_hp_loss":0.0,"gold_gain":0.0,"event_name":"WeMeetAgain","player_choice":"Paid Gold","floor":19.0,"gold_loss":121.0,"damage_taken":0.0,"relics_obtained":["Tiny Chest"]}],"is_beta":false,"boss_relics":[{"not_picked":["Busted Crown","Runic Pyramid","Runic Dome"]}],"items_purged_floors":[],"is_endless":false,"potions_floor_spawned":[1,3,6,16],"killed_by":"Cultist and Chosen","ascension_level":0}