{"gold_per_floor":[115,115,35,35,35,76,146,179,179,179,212,212,212,230,230,326,326,351,266,266,53,53,89,89,127,127,127,48,83,118,142,142,241,241,260,260,275,497,562,603,149,190,263,263,277,321,345,359,359,359,359,359,359,7,42,42],"floor_reached":57,"playtime":2732,"items_purged":["Zap"],"score":3141,"play_id":"1b8898ee-fd86-446e-9dab-3a9be2aa1d79","local_time":"20190328124123","is_ascension_mode":true,"campfire_choices":[{"floor":10.0,"key":"REST"},{"floor":13,"key":"REST"},{"data":"Consume","floor":15,"key":"SMITH"},{"floor":24,"key":"RECALL"},{"floor":27,"key":"REST"},{"floor":32,"key":"REST"},{"floor":44,"key":"REST"},{"floor":49,"key":"REST"},{"floor":53,"key":"REST"}],"neow_cost":"NONE","seed_source_timestamp":35611736410500,"circlet_count":0,"master_deck":["AscendersBane","Dualcast","Cold Snap","Self Repair","Conserve Battery","Double Energy","Hologram","Consume+1","Electrodynamics","Coolheaded","Ball Lightning","Fission","Ghostly","Ghostly","Ghostly","Loop","Recycle","BootSequence","White Noise","Glacier","Loop","Conserve Battery+1","Core Surge","Amplify","Recycle","Heatsinks","Hologram","Meteor Strike","Self Repair+1","White Noise+1","Blizzard","Defragment","Cold Snap","Defragment+1","Cold Snap+1"],"special_seed":0,"relics":["Cracked Core","NeowsBlessing","Golden Idol","Vajra","Dead Branch","Omamori","Symbiotic Virus","Singing Bowl","Ice Cream","Fusion Hammer","Regal Pillow","Runic Capacitor","Mango","Dream Catcher","Bottled Tornado","Red Mask","Darkstone Periapt","Pandora\u0027s Box","StoneCalendar","Happy Flower","Membership Card","Sundial","Strawberry","Gremlin Horn","Bottled Flame","Pear","Mercury Hourglass","Nunchaku"],"potions_floor_usage":[11,16,25,42,51,55,56,56],"damage_taken":[{"damage":0.0,"enemies":"Small Slimes","floor":1.0,"turns":1.0},{"damage":0.0,"enemies":"3 Sentries","floor":6.0,"turns":1.0},{"damage":0.0,"enemies":"Lagavulin Event","floor":7.0,"turns":1.0},{"damage":18.0,"enemies":"Lagavulin","floor":8.0,"turns":6.0},{"damage":28,"enemies":"Gremlin Nob","floor":11,"turns":4},{"damage":5,"enemies":"Jaw Worm","floor":14,"turns":2},{"damage":11,"enemies":"Hexaghost","floor":16,"turns":9},{"damage":0,"enemies":"Spheric Guardian","floor":18,"turns":3},{"damage":0,"enemies":"Slavers","floor":23,"turns":2},{"damage":10,"enemies":"Book of Stabbing","floor":25,"turns":6},{"damage":2,"enemies":"Masked Bandits","floor":29,"turns":3},{"damage":0,"enemies":"Gremlin Leader","floor":30,"turns":5},{"damage":6,"enemies":"2 Thieves","floor":31,"turns":3},{"damage":10,"enemies":"Champ","floor":33,"turns":12},{"damage":1,"enemies":"Orb Walker","floor":35,"turns":3},{"damage":0,"enemies":"3 Darklings","floor":37,"turns":4},{"damage":16,"enemies":"2 Orb Walkers","floor":39,"turns":4},{"damage":1,"enemies":"Nemesis","floor":40,"turns":5},{"damage":29,"enemies":"Reptomancer","floor":42,"turns":6},{"damage":0,"enemies":"Jaw Worm Horde","floor":45,"turns":4},{"damage":0,"enemies":"Nemesis","floor":46,"turns":5},{"damage":4,"enemies":"4 Shapes","floor":47,"turns":3},{"damage":2,"enemies":"Writhing Mass","floor":48,"turns":4},{"damage":3,"enemies":"Time Eater","floor":50,"turns":11},{"damage":47,"enemies":"Awakened One","floor":51,"turns":17},{"damage":0,"enemies":"Shield and Spear","floor":55,"turns":5},{"damage":46,"enemies":"The Heart","floor":56,"turns":12}],"seed_played":"-7440745035780948179","potions_obtained":[{"floor":7.0,"key":"EntropicBrew"},{"floor":8.0,"key":"Dexterity Potion"},{"floor":11,"key":"Explosive Potion"},{"floor":14,"key":"PowerPotion"},{"floor":23,"key":"SpeedPotion"},{"floor":31,"key":"AttackPotion"},{"floor":46,"key":"Swift Potion"},{"floor":48,"key":"GamblersBrew"},{"floor":55,"key":"Swift Potion"}],"is_trial":false,"path_per_floor":["M","?","$","?","$","E","?","E","T","R","E","?","R","M","R","B",null,"M","?","?","$","?","E","R","E","T","R","$","?","E","M","R","B",null,"M","$","M","?","?","E","$","E","T","R","M","E","M","M","R","B","B",null,"R","$","E","B",null],"character_chosen":"DEFECT","items_purchased":["Self Repair","Runic Capacitor","White Noise","Membership Card","Sundial","Strawberry","Pear","Mercury Hourglass","LiquidBronze"],"campfire_rested":7,"item_purchase_floors":[3,21,28,41,41,41,54,54,54],"current_hp_per_floor":[64,40,40,22,22,22,22,11,11,32,13,6,27,29,29,25,61,68,68,68,68,36,50,50,47,47,50,50,50,50,44,52,49,51,52,52,54,54,47,58,65,46,46,65,67,67,63,69,71,71,34,62,71,81,81,52],"gold":42,"neow_bonus":"THREE_ENEMY_KILL","is_prod":false,"is_daily":false,"chose_seed":false,"campfire_upgraded":1,"win_rate":0,"timestamp":1553744483,"path_taken":["M","?","$","?","$","E","?","E","T","R","E","?","R","M","R","BOSS","M","?","?","?","?","E","R","E","T","R","$","?","E","?","R","BOSS","M","?","M","?","?","E","$","E","T","R","M","E","?","M","R","BOSS","BOSS","R","$","E","BOSS"],"build_version":"2019-01-23","purchased_purges":1,"victory":true,"max_hp_per_floor":[71,71,71,71,71,71,71,71,71,71,73,73,73,73,73,73,73,73,73,73,73,36,50,50,50,50,50,50,50,50,50,52,52,52,52,52,54,54,56,58,65,65,65,65,67,67,67,69,71,71,71,71,71,81,81,81],"card_choices":[{"not_picked":["Coolheaded","Turbo"],"picked":"Cold Snap","floor":1.0},{"not_picked":["Hello World","FTL"],"picked":"Conserve Battery","floor":6.0},{"not_picked":["Heatsinks","Barrage"],"picked":"Double Energy","floor":7.0},{"not_picked":["Undo","Rebound"],"picked":"Hologram","floor":8.0},{"not_picked":["Sunder","Compile Driver","Conserve Battery"],"picked":"Singing Bowl","floor":11},{"not_picked":["Sweeping Beam","Double Energy"],"picked":"Consume","floor":14},{"not_picked":["Hyperbeam","Meteor Strike"],"picked":"Electrodynamics","floor":16},{"not_picked":["Force Field","Skim"],"picked":"Coolheaded","floor":18},{"not_picked":["Lockon","Reprogram"],"picked":"Loop","floor":23},{"not_picked":["Static Discharge+1","Sunder"],"picked":"Recycle","floor":25},{"not_picked":["Coolheaded","Sweeping Beam"],"picked":"BootSequence","floor":27},{"not_picked":["Cold Snap","Coolheaded"],"picked":"Glacier","floor":29},{"not_picked":["Storm","Turbo"],"picked":"Loop","floor":30},{"not_picked":["Coolheaded+1","White Noise"],"picked":"Conserve Battery+1","floor":31},{"not_picked":["Rebound","FTL","Streamline"],"picked":"Singing Bowl","floor":32},{"not_picked":["All For One","Multi-Cast"],"picked":"Core Surge","floor":33},{"not_picked":["Hologram+1","Rebound"],"picked":"Self Repair+1","floor":35},{"not_picked":["Steam Power","Heatsinks","Undo"],"picked":"Singing Bowl","floor":37},{"not_picked":["Rebound","Reprogram","Beam Cell"],"picked":"Singing Bowl","floor":39},{"not_picked":["Turbo","Leap","FTL+1"],"picked":"Singing Bowl","floor":40},{"not_picked":["Steam Power","Ball Lightning"],"picked":"White Noise+1","floor":42},{"not_picked":["Go for the Eyes","Conserve Battery+1"],"picked":"Blizzard","floor":44},{"not_picked":["Rebound","Meteor Strike","Sweeping Beam"],"picked":"Singing Bowl","floor":45},{"not_picked":["Undo","Genetic Algorithm"],"picked":"Defragment","floor":46},{"not_picked":["Ball Lightning+1","Force Field"],"picked":"Cold Snap","floor":47},{"not_picked":["Ball Lightning+1","Auto Shields","Beam Cell"],"picked":"Singing Bowl","floor":48},{"not_picked":["Sweeping Beam","Gash+1","Redo"],"picked":"Singing Bowl","floor":49},{"not_picked":["Barrage","Loop"],"picked":"Defragment+1","floor":53},{"not_picked":["Redo+1","Reprogram"],"picked":"Cold Snap+1","floor":55}],"player_experience":2662624,"relics_obtained":[{"floor":6.0,"key":"Dead Branch"},{"floor":7.0,"key":"Omamori"},{"floor":8.0,"key":"Symbiotic Virus"},{"floor":9.0,"key":"Singing Bowl"},{"floor":11,"key":"Ice Cream"},{"floor":23,"key":"Mango"},{"floor":25,"key":"Dream Catcher"},{"floor":26,"key":"Bottled Tornado"},{"floor":29,"key":"Red Mask"},{"floor":30,"key":"Darkstone Periapt"},{"floor":39,"key":"StoneCalendar"},{"floor":40,"key":"Happy Flower"},{"floor":42,"key":"Gremlin Horn"},{"floor":46,"key":"Bottled Flame"},{"floor":55,"key":"Nunchaku"}],"event_choices":[{"damage_healed":0.0,"max_hp_gain":0.0,"max_hp_loss":0.0,"gold_gain":0.0,"event_name":"Golden Idol","player_choice":"Take Damage","floor":2.0,"gold_loss":0.0,"damage_taken":24.0,"relics_obtained":["Golden Idol"]},{"damage_healed":0.0,"max_hp_gain":0.0,"max_hp_loss":0.0,"gold_gain":0.0,"event_name":"Scrap Ooze","player_choice":"Success","floor":4.0,"gold_loss":0.0,"damage_taken":18.0,"relics_obtained":["Vajra"]},{"damage_healed":0.0,"max_hp_gain":0.0,"max_hp_loss":0.0,"gold_gain":0.0,"event_name":"Dead Adventurer","player_choice":"Searched \u00271\u0027 times","floor":7.0,"gold_loss":0.0,"damage_taken":0.0},{"cards_removed":["Defend_B"],"damage_healed":0,"gold_gain":0,"player_choice":"Card Removal","damage_taken":7,"max_hp_gain":0,"max_hp_loss":0,"event_name":"Golden Wing","floor":12,"gold_loss":0},{"damage_healed":0,"gold_gain":0,"player_choice":"Obtained Relic","damage_taken":0,"relics_obtained":["Regal Pillow"],"max_hp_gain":0,"max_hp_loss":0,"event_name":"Addict","floor":19,"gold_loss":85},{"damage_healed":0,"gold_gain":0,"cards_transformed":["Strike_B","Strike_B"],"player_choice":"Became Test Subject","damage_taken":0,"max_hp_gain":0,"max_hp_loss":0,"event_name":"Drug Dealer","floor":20,"gold_loss":0,"cards_obtained":["Ball Lightning","Fission"]},{"damage_healed":0,"gold_gain":0,"player_choice":"Became a Ghost","damage_taken":0,"max_hp_gain":0,"max_hp_loss":37,"event_name":"Ghosts","floor":22,"gold_loss":0,"cards_obtained":["Ghostly","Ghostly","Ghostly"]},{"damage_healed":0,"gold_gain":0,"player_choice":"Fought Bandits","damage_taken":0,"max_hp_gain":0,"max_hp_loss":0,"event_name":"Masked Bandits","floor":29,"gold_loss":0},{"damage_healed":0,"gold_gain":222,"player_choice":"Wore Mask","damage_taken":0,"max_hp_gain":0,"max_hp_loss":0,"event_name":"Tomb of Lord Red Mask","floor":38,"gold_loss":0},{"damage_healed":0,"gold_gain":0,"player_choice":"Fight","damage_taken":0,"max_hp_gain":0,"max_hp_loss":0,"event_name":"Mysterious Sphere","floor":39,"gold_loss":0}],"is_beta":false,"boss_relics":[{"not_picked":["Busted Crown","Ectoplasm"],"picked":"Fusion Hammer"},{"not_picked":["White Beast Statue","FrozenCore"],"picked":"Pandora\u0027s Box"}],"items_purged_floors":[54],"is_endless":false,"potions_floor_spawned":[7,8,11,14,23,31,33,40,46,47,48,55],"ascension_level":20}