{"gold_per_floor":[114,114,114,138,158,201,221,221,248,289,140,140],"floor_reached":12,"playtime":631,"items_purged":["Strike_R"],"score":136,"play_id":"f35b3186-005b-4c44-8b21-14fba8441ad1","local_time":"20180812030014","is_ascension_mode":true,"campfire_choices":[{"data":"Rampage","floor":8,"key":"SMITH"}],"neow_cost":"NONE","seed_source_timestamp":0,"circlet_count":0,"master_deck":["Strike_R","Strike_R","Strike_R","Strike_R","Defend_R","Defend_R","Defend_R","Bash","AscendersBane","Clash","Bloodletting","Whirlwind","Rampage+1","Shrug It Off","Spot Weakness"],"special_seed":0,"relics":["Burning Blood","Golden Idol","Anchor","Vajra","Centennial Puzzle"],"potions_floor_usage":[10],"damage_taken":[{"damage":0,"enemies":"2 Louse","floor":1,"turns":3},{"damage":0,"enemies":"Small Slimes","floor":4,"turns":3},{"damage":2,"enemies":"Jaw Worm","floor":5,"turns":3},{"damage":45,"enemies":"Gremlin Nob","floor":6,"turns":5},{"damage":0,"enemies":"2 Fungi Beasts","floor":7,"turns":3},{"damage":18,"enemies":"Lagavulin","floor":10,"turns":5},{"damage":18,"enemies":"3 Sentries","floor":12,"turns":4}],"seed_played":"9059850474082158177","potions_obtained":[{"floor":1,"key":"PowerPotion"},{"floor":10,"key":"FearPotion"}],"is_trial":false,"path_per_floor":["M","?","?","M","M","E","M","R","T","E","$"],"character_chosen":"IRONCLAD","items_purchased":["Spot Weakness"],"campfire_rested":0,"item_purchase_floors":[11],"current_hp_per_floor":[78,58,51,57,61,22,28,28,28,16,16,0],"gold":140,"neow_bonus":"THREE_CARDS","is_prod":false,"is_daily":false,"chose_seed":false,"campfire_upgraded":1,"win_rate":0,"timestamp":1534014014,"path_taken":["M","?","?","M","M","E","M","R","T","E","$","E"],"build_version":"2018-08-08","purchased_purges":1,"victory":false,"max_hp_per_floor":[80,80,80,80,80,80,80,80,80,80,80,80],"card_choices":[{"not_picked":["Warcry","Wild Strike"],"picked":"Cleave","floor":0.0},{"not_picked":["Bloodletting","Fire Breathing","Carnage"],"picked":"SKIP","floor":1},{"not_picked":["Wild Strike","Flex"],"picked":"Clash","floor":4},{"not_picked":["Body Slam","Heavy Blade"],"picked":"Bloodletting","floor":5},{"not_picked":["Iron Wave","Armaments"],"picked":"Whirlwind","floor":6},{"not_picked":["Shrug It Off","Armaments"],"picked":"Rampage","floor":7},{"not_picked":["Armaments","Warcry"],"picked":"Shrug It Off","floor":10}],"player_experience":462331,"relics_obtained":[{"floor":6,"key":"Anchor"},{"floor":9,"key":"Vajra"},{"floor":10,"key":"Centennial Puzzle"}],"event_choices":[{"event_name":"Golden Idol","player_choice":"Take Damage","floor":2,"damage_taken":0},{"event_name":"Golden Wing","player_choice":"Card Removal","floor":3,"damage_taken":0}],"is_beta":true,"boss_relics":[],"items_purged_floors":[11],"is_endless":false,"potions_floor_spawned":[1,10],"killed_by":"3 Sentries","ascension_level":11}