{"gold_per_floor":[118,118,131,206,37,69,87,116,116,41,52,327,11,11],"floor_reached":14,"playtime":247,"items_purged":["Strike_R","Regret"],"score":246,"play_id":"9635d3e6-b243-441c-9d20-10153a3fed1f","local_time":"20190315210745","is_ascension_mode":true,"campfire_choices":[],"neow_cost":"NONE","seed_source_timestamp":126245400747700,"circlet_count":0,"master_deck":["AscendersBane","Strike_R","Strike_R","Strike_R","Strike_R","Defend_R","Defend_R","Defend_R","Defend_R","Bash+1","Impervious","Rampage","Apotheosis"],"relics":["Burning Blood","NeowsBlessing","Ancient Tea Set","Dodecahedron","Vajra","Self Forming Clay"],"potions_floor_usage":[11,14],"damage_taken":[{"damage":0,"enemies":"Small Slimes","floor":1,"turns":1},{"damage":0,"enemies":"Cultist","floor":3,"turns":1},{"damage":0,"enemies":"Gremlin Nob","floor":6,"turns":1},{"damage":7,"enemies":"Jaw Worm","floor":7,"turns":4},{"damage":54,"enemies":"Lagavulin","floor":8,"turns":9},{"damage":2,"enemies":"Exordium Wildlife","floor":11,"turns":4},{"damage":15,"enemies":"Exordium Thugs","floor":14,"turns":7}],"seed_played":"-4762483516119171644","potions_obtained":[{"floor":3,"key":"EssenceOfSteel"},{"floor":6,"key":"Swift Potion"},{"floor":8,"key":"BloodPotion"}],"is_trial":false,"path_per_floor":["M","?","M","?","$","E","M","E","T","$","M","?","$","M"],"character_chosen":"IRONCLAD","items_purchased":["Ancient Tea Set","Apotheosis"],"campfire_rested":0,"item_purchase_floors":[5,13],"current_hp_per_floor":[74,74,75,64,64,70,69,21,21,21,32,32,32,17],"gold":11,"neow_bonus":"THREE_ENEMY_KILL","is_prod":false,"is_daily":false,"chose_seed":false,"campfire_upgraded":0,"win_rate":0,"timestamp":1552651665,"path_taken":["M","?","?","?","$","E","M","E","T","?","?","?","$","M"],"build_version":"2019-01-23","purchased_purges":2,"victory":false,"max_hp_per_floor":[75,75,75,75,75,75,75,75,75,75,75,75,75,75],"card_choices":[{"not_picked":["Flex","Perfected Strike","Iron Wave"],"picked":"SKIP","floor":1},{"not_picked":["Headbutt","Heavy Blade","Warcry"],"picked":"SKIP","floor":3},{"not_picked":["Armaments","Headbutt"],"picked":"Impervious","floor":6},{"not_picked":["Sword Boomerang","Pommel Strike","Thunderclap"],"picked":"SKIP","floor":7},{"not_picked":["Heavy Blade","Perfected Strike"],"picked":"Rampage","floor":8},{"not_picked":["Armaments","Carnage","Heavy Blade"],"picked":"SKIP","floor":11}],"player_experience":2299004,"relics_obtained":[{"floor":6,"key":"Dodecahedron"},{"floor":8,"key":"Vajra"},{"floor":9,"key":"Self Forming Clay"}],"event_choices":[{"damage_healed":0,"gold_gain":0,"player_choice":"Upgraded","damage_taken":0,"max_hp_gain":0,"max_hp_loss":0,"event_name":"Upgrade Shrine","floor":2,"gold_loss":0,"cards_upgraded":["Bash"]},{"damage_healed":0,"gold_gain":75,"player_choice":"Gather Gold","damage_taken":11,"max_hp_gain":0,"max_hp_loss":0,"event_name":"World of Goop","floor":4,"gold_loss":0},{"damage_healed":0,"gold_gain":275,"player_choice":"Desecrate","damage_taken":0,"max_hp_gain":0,"max_hp_loss":0,"event_name":"Golden Shrine","floor":12,"gold_loss":0,"cards_obtained":["Regret"]}],"is_beta":false,"boss_relics":[],"items_purged_floors":[10,13],"is_endless":false,"potions_floor_spawned":[3,6,8],"killed_by":"Exordium Thugs","ascension_level":20}