{"gold_per_floor":[111,81,93,51,51,51,66,66,66,92,107,118,118,132,132,205,205,220,143,157,176,176],"floor_reached":22,"playtime":1048,"items_purged":[],"score":357,"play_id":"8a7a0a83-f153-4640-bd63-a5a2528bebf4","local_time":"20190405185421","is_ascension_mode":true,"campfire_choices":[{"floor":6,"key":"REST"},{"data":"White Noise","floor":8,"key":"SMITH"},{"data":"Storm","floor":13,"key":"SMITH"},{"floor":15,"key":"REST"}],"neow_cost":"NONE","seed_source_timestamp":0,"circlet_count":0,"master_deck":["AscendersBane","Strike_B","Strike_B","Strike_B","Strike_B","Defend_B","Defend_B+1","Defend_B","Defend_B+1","Zap+1","Dualcast","Doom and Gloom","Conserve Battery","Hello World+1","White Noise+1","Storm+1","Ball Lightning","White Noise","Cold Snap","Electrodynamics","Streamline+1","Hello World","Defragment","Static Discharge"],"special_seed":0,"relics":["Cracked Core","Shovel","War Paint","Lizard Tail"],"potions_floor_usage":[2,10,20,22],"damage_taken":[{"damage":12.0,"enemies":"Small Slimes","floor":1.0,"turns":3.0},{"damage":0,"enemies":"Cultist","floor":3,"turns":3},{"damage":2,"enemies":"2 Louse","floor":7,"turns":3},{"damage":5,"enemies":"3 Sentries","floor":10,"turns":6},{"damage":9,"enemies":"Exordium Thugs","floor":11,"turns":4},{"damage":0,"enemies":"2 Fungi Beasts","floor":12,"turns":3},{"damage":0,"enemies":"3 Louse","floor":14,"turns":3},{"damage":30,"enemies":"Hexaghost","floor":16,"turns":9},{"damage":22,"enemies":"Chosen","floor":18,"turns":4},{"damage":31,"enemies":"2 Thieves","floor":20,"turns":4},{"damage":23,"enemies":"Centurion and Healer","floor":21,"turns":4},{"damage":40,"enemies":"Snake Plant","floor":22,"turns":2}],"seed_played":"-6486094082328318173","potions_obtained":[{"floor":1,"key":"Fire Potion"},{"floor":2,"key":"Fruit Juice"},{"floor":2,"key":"LiquidBronze"},{"floor":11,"key":"Weak Potion"},{"floor":14,"key":"PowerPotion"},{"floor":21,"key":"Strength Potion"}],"is_trial":false,"path_per_floor":["M","?","M","$","?","R","M","R","T","E","M","M","R","M","R","B",null,"M","$","M","M","M"],"character_chosen":"DEFECT","items_purchased":["Hello World","Hello World"],"campfire_rested":2,"item_purchase_floors":[4,19],"current_hp_per_floor":[52,57,57,57,57,76,74,74,74,69,60,60,60,60,76,46,69,47,47,16,38,0],"gold":176,"neow_bonus":"UPGRADE_CARD","is_prod":false,"is_daily":false,"chose_seed":false,"campfire_upgraded":2,"win_rate":0,"timestamp":1554479661,"path_taken":["M","?","M","?","?","R","M","R","T","E","M","M","R","M","R","BOSS","M","$","M","M","M"],"build_version":"2019-01-23","purchased_purges":0,"victory":false,"max_hp_per_floor":[71,76,76,76,76,76,76,76,76,76,76,76,76,76,76,76,76,76,76,76,76,76],"card_choices":[{"not_picked":["Sweeping Beam","Conserve Battery"],"picked":"Doom and Gloom","floor":1},{"not_picked":["Leap","Go for the Eyes"],"picked":"Conserve Battery","floor":3},{"not_picked":["Rebound","Lockon"],"picked":"White Noise","floor":7},{"not_picked":["Reinforced Body","Coolheaded"],"picked":"Storm","floor":10},{"not_picked":["Consume","Coolheaded"],"picked":"Ball Lightning","floor":11},{"not_picked":["Chaos","Fission"],"picked":"White Noise","floor":12},{"not_picked":["Double Energy","Gash"],"picked":"Cold Snap","floor":14},{"not_picked":["Hyperbeam","Thunder Strike"],"picked":"Electrodynamics","floor":16},{"not_picked":["Stack","Sweeping Beam"],"picked":"Streamline+1","floor":18},{"not_picked":["Heatsinks","Loop"],"picked":"Defragment","floor":20},{"not_picked":["Go for the Eyes","Steam"],"picked":"Static Discharge","floor":21}],"player_experience":1169782,"relics_obtained":[{"floor":9,"key":"Shovel"},{"floor":10,"key":"War Paint"}],"event_choices":[{"damage_healed":0,"gold_gain":0,"player_choice":"Bought 2 Potions","damage_taken":0,"max_hp_gain":0,"max_hp_loss":0,"event_name":"The Woman in Blue","floor":2,"gold_loss":0},{"damage_healed":0,"gold_gain":0,"player_choice":"Forge","damage_taken":0,"max_hp_gain":0,"max_hp_loss":0,"event_name":"Accursed Blacksmith","floor":5,"gold_loss":0,"cards_upgraded":["Hello World"]}],"is_beta":false,"boss_relics":[{"not_picked":["Orrery","Black Star"],"picked":"Lizard Tail"}],"items_purged_floors":[],"is_endless":false,"potions_floor_spawned":[1,7,11,14,16,21],"killed_by":"Snake Plant","ascension_level":18}