{"gold_per_floor":[214,289,364,381,58,91,106,117,117,129,129,157,157,176,176,281,281,298,312,242,273,292,292,306,325,325,325,339,359,359,359,359,359],"floor_reached":33,"playtime":2069,"items_purged":[],"score":404,"play_id":"acdc6069-52d6-4250-9c38-f4f5060b3279","local_time":"20180715135026","is_ascension_mode":true,"campfire_choices":[{"floor":11,"key":"REST"},{"floor":15,"key":"REST"},{"floor":23,"key":"REST"},{"floor":27,"key":"REST"},{"floor":30,"key":"REST"},{"data":"Amplify","floor":32,"key":"SMITH"}],"neow_cost":"NONE","seed_source_timestamp":838363969267059,"circlet_count":0,"master_deck":["Strike_B","Strike_B","Strike_B","Strike_B","Defend_B","Defend_B","Defend_B","Defend_B","Zap+1","Dualcast","Hologram","Conserve Battery","Loop+1","Loop+1","Hologram","Creative AI+1","Force Field","Hello World+1","Biased Cognition+1","Darkness+1","Storm+1","Conserve Battery","Capacitor+1","Amplify+1","Genetic Algorithm+1"],"relics":["Cracked Core","Frozen Egg 2","Regal Pillow","Mercury Hourglass","Turnip","Black Star","Red Mask","Bronze Scales"],"potions_floor_usage":[10,12,12,18,21,24,28,33],"damage_taken":[{"damage":2,"enemies":"Jaw Worm","floor":1,"turns":3},{"damage":0,"enemies":"Cultist","floor":4,"turns":4},{"damage":18,"enemies":"Lagavulin","floor":6,"turns":7},{"damage":10,"enemies":"Small Slimes","floor":7,"turns":4},{"damage":1,"enemies":"3 Louse","floor":8,"turns":4},{"damage":0,"enemies":"Looter","floor":10,"turns":2},{"damage":4,"enemies":"3 Sentries","floor":12,"turns":3},{"damage":33,"enemies":"Exordium Thugs","floor":14,"turns":5},{"damage":0,"enemies":"The Guardian","floor":16,"turns":9},{"damage":25,"enemies":"2 Thieves","floor":18,"turns":4},{"damage":0,"enemies":"Spheric Guardian","floor":19,"turns":4},{"damage":36,"floor":21,"turns":4},{"damage":0,"enemies":"Centurion and Healer","floor":22,"turns":4},{"damage":16,"enemies":"Snake Plant","floor":24,"turns":3},{"damage":23,"enemies":"3 Cultists","floor":25,"turns":4},{"damage":5,"enemies":"Snecko","floor":28,"turns":4},{"damage":0,"enemies":"Centurion and Healer","floor":29,"turns":5},{"damage":92,"enemies":"Collector","floor":33,"turns":7}],"seed_played":"-6543186828228772710","potions_obtained":[{"floor":6,"key":"PowerPotion"},{"floor":8,"key":"SteroidPotion"},{"floor":10,"key":"AttackPotion"},{"floor":14,"key":"FearPotion"},{"floor":16,"key":"EssenceOfSteel"},{"floor":19,"key":"SkillPotion"},{"floor":22,"key":"EssenceOfSteel"},{"floor":29,"key":"Strength Potion"}],"is_trial":false,"path_per_floor":["M","?","?","M","$","E","M","M","T","M","R","E","?","M","R","B",null,"M","M","$","?","M","R","M","M","T","R","M","M","R","?","R"],"character_chosen":"DEFECT","items_purchased":["Frozen Egg 2","Loop+1","Storm+1"],"campfire_rested":5,"item_purchase_floors":[5,5,20],"current_hp_per_floor":[66,59,48,48,48,30,20,19,19,19,56,52,52,19,56,56,70,45,45,45,9,9,46,30,7,7,44,39,39,75,75,75,0],"gold":359,"neow_bonus":"HUNDRED_GOLD","is_prod":false,"is_daily":false,"chose_seed":false,"campfire_upgraded":1,"win_rate":0,"timestamp":1531651826,"path_taken":["M","?","?","?","$","E","M","M","T","?","R","E","?","?","R","BOSS","M","M","$","?","M","R","M","M","T","R","M","M","R","?","R","BOSS"],"build_version":"2018-07-12","purchased_purges":0,"victory":false,"max_hp_per_floor":[75,75,75,75,75,75,75,75,75,75,75,75,75,75,75,75,75,75,75,75,75,75,75,75,75,75,75,75,75,75,75,75,75],"card_choices":[{"not_picked":["Turbo","Streamline"],"picked":"Hologram","floor":1},{"not_picked":["Double Energy","Recycle"],"picked":"Conserve Battery","floor":4},{"not_picked":["Stack","Barrage"],"picked":"Loop+1","floor":6},{"not_picked":["Stack","Go for the Eyes"],"picked":"Hologram","floor":7},{"not_picked":["Beam Cell","Cold Snap"],"picked":"Creative AI+1","floor":8},{"not_picked":["Beam Cell","Hello World+1"],"picked":"Force Field","floor":10},{"not_picked":["Compile Driver","Barrage","Stack"],"picked":"SKIP","floor":12},{"not_picked":["Rebound","Auto Shields"],"picked":"Hello World+1","floor":14},{"not_picked":["All For One","Seek"],"picked":"Biased Cognition+1","floor":16},{"not_picked":["Fusion","Streamline+1","Cold Snap"],"picked":"SKIP","floor":18},{"not_picked":["Compile Driver","Cold Snap"],"picked":"Darkness+1","floor":19},{"not_picked":["Gash","Rip and Tear"],"picked":"Conserve Battery","floor":21},{"not_picked":["Consume+1","Leap"],"picked":"Capacitor+1","floor":22},{"not_picked":["Sweeping Beam","Hologram"],"picked":"Amplify","floor":24},{"not_picked":["Ball Lightning","Streamline"],"picked":"Genetic Algorithm+1","floor":25},{"not_picked":["Barrage","Darkness","Cold Snap"],"picked":"SKIP","floor":28},{"not_picked":["Reprogram","Reinforced Body","Compile Driver"],"picked":"SKIP","floor":29}],"player_experience":582007,"relics_obtained":[{"floor":6,"key":"Regal Pillow"},{"floor":9,"key":"Mercury Hourglass"},{"floor":12,"key":"Turnip"},{"floor":21,"key":"Red Mask"},{"floor":26,"key":"Bronze Scales"}],"event_choices":[{"event_name":"FaceTrader","player_choice":"Touch","floor":2,"damage_taken":0},{"event_name":"World of Goop","player_choice":"Gather Gold","floor":3,"damage_taken":0},{"event_name":"Living Wall","player_choice":"Grow","floor":13,"damage_taken":0},{"event_name":"Masked Bandits","player_choice":"Fought over 242 gold","floor":21,"damage_taken":0},{"event_name":"Vampires","player_choice":"Ignored","floor":31,"damage_taken":0}],"boss_relics":[{"not_picked":["Calling Bell","Eternal Feather"],"picked":"Black Star"}],"items_purged_floors":[],"is_endless":false,"potions_floor_spawned":[6,8,10,14,16,19,22,29],"killed_by":"Collector","ascension_level":6}