{"path_per_floor":["M","?","?","M","M","E","R","E","T","M","M","$","M","$","R","B",null,"M","?","?","T","M","R","$","E","T","R","M","E","M","?","R","B",null,"M","?","M","M","$","R","?","?","T","M","E","M","$","M","R"],"character_chosen":"IRONCLAD","items_purchased":["Orichalcum","Iron Wave","Regen Potion","Pommel Strike","Energy Potion","Shrug It Off","Bag of Marbles","Bandage Up","Bandage Up"],"gold_per_floor":[118,118,118,132,144,169,169,203,249,265,280,34,44,17,17,121,121,131,31,31,83,100,100,1,26,26,26,36,61,79,79,79,179,209,221,221,241,254,19,19,0,48,48,64,90,110,17,27,27],"floor_reached":50,"campfire_rested":4,"playtime":11081,"current_hp_per_floor":[88,88,88,85,78,74,74,52,52,56,58,58,70,70,70,27,88,72,72,56,56,57,83,83,67,67,88,88,71,66,66,88,57,93,84,84,72,53,53,80,80,83,83,77,74,61,61,85,85],"items_purged":[],"gold":27,"play_id":"116e6356-1624-41a7-be8c-387686975685","is_prod":false,"is_daily":false,"is_ascension_mode":false,"campfire_upgraded":3,"path_taken":["M","?","?","M","?","E","R","E","T","M","M","?","?","$","R","BOSS","M","?","?","?","M","R","$","E","T","R","?","E","M","?","R","BOSS","M","?","M","?","$","R","?","?","T","?","E","M","$","M","R","BOSS"],"build_version":"2018-02-01-PROD3","purchased_purges":0,"victory":false,"master_deck":["Strike_R","Strike_R+1","Strike_R","Strike_R+1","Strike_R","Defend_R+1","Defend_R","Defend_R","Defend_R","Bash","Anger","Regret","Bandage Up+1","Armaments+1","Blood for Blood","Iron Wave","Sword Boomerang","Twin Strike","Barricade","Iron Wave","Headbutt","Pommel Strike","Juggernaut","Metallicize+1","J.A.X.+1","Infernal Blade+1","Shrug It Off","Body Slam","Perfected Strike+1","Sentinel","Armaments","Limit Break","Sentinel","Body Slam+1","Pommel Strike+1","Iron Wave+1","Bandage Up","Flex","Wild Strike+1","Cleave+1","Thunderclap+1","Bandage Up","Inflame"],"max_hp_per_floor":[88,88,88,88,88,88,88,88,88,88,88,88,88,88,88,88,88,88,88,88,88,88,88,88,88,88,88,88,88,88,88,88,88,93,93,93,93,93,93,93,93,93,93,93,93,93,93,93,93],"relics":["Black Blood","Bronze Scales","Paper Frog","Pen Nib","Orichalcum","Nilry\u0027s Codex","Ancient Tea Set","War Paint","Self Forming Clay","Toolbox","Tiny House","Bag of Marbles","Red Mask","Magic Flower","Pantograph","Whetstone"],"card_choices":[{"not_picked":["Wild Strike","Clash"],"picked":"Anger"},{"not_picked":["Perfected Strike","Rupture"],"picked":"Armaments"},{"not_picked":["Bloodletting","Combust"],"picked":"Blood for Blood"},{"not_picked":["Armaments","Pummel"],"picked":"Iron Wave"},{"not_picked":["Disarm","Havoc"],"picked":"Sword Boomerang"},{"not_picked":["Dropkick","Wild Strike"],"picked":"Twin Strike"},{"not_picked":["Warcry","Disarm"],"picked":"Barricade"},{"not_picked":["Hemokinesis","Havoc"],"picked":"Headbutt"},{"not_picked":["Bludgeon","Demon Form"],"picked":"Juggernaut"},{"not_picked":["Uppercut","Armaments"],"picked":"Metallicize"},{"not_picked":["Shrug It Off","Perfected Strike"],"picked":"Infernal Blade"},{"not_picked":["Wild Strike","Shrug It Off"],"picked":"Body Slam"},{"not_picked":["Headbutt","Second Wind"],"picked":"Perfected Strike"},{"not_picked":["Havoc","Thunderclap"],"picked":"Sentinel"},{"not_picked":["Double Tap","Headbutt"],"picked":"Armaments"},{"not_picked":["Immolate","Exhume"],"picked":"Limit Break"},{"not_picked":["Clash","Armaments"],"picked":"Sentinel"},{"not_picked":["Wild Strike","Clash"],"picked":"Body Slam"},{"not_picked":["True Grit","Dropkick"],"picked":"Pommel Strike"},{"not_picked":["Rage","Intimidate"],"picked":"Iron Wave"},{"not_picked":["Body Slam","Fiend Fire"],"picked":"Flex"},{"not_picked":["Body Slam","Dropkick"],"picked":"Wild Strike"},{"not_picked":["Rupture","Body Slam"],"picked":"Cleave"},{"not_picked":["Pommel Strike","Inflame"],"picked":"Thunderclap"},{"not_picked":["Clash","Feel No Pain"],"picked":"Inflame"}],"player_experience":69845,"potions_floor_usage":[6,6,16,16,18,18,25,30,35,37,38,38,42,46,50],"damage_taken":[{"damage":6,"enemies":"2 Louse","floor":1,"turns":2},{"damage":13,"enemies":"Jaw Worm","floor":4,"turns":4},{"damage":17,"enemies":"Blue Slaver","floor":5,"turns":3},{"damage":14,"enemies":"3 Sentries","floor":6,"turns":7},{"damage":34,"enemies":"Lagavulin","floor":8,"turns":7},{"damage":8,"enemies":"Lots of Slimes","floor":10,"turns":4},{"damage":10,"enemies":"Red Slaver","floor":11,"turns":2},{"damage":0,"enemies":"3 Louse","floor":13,"turns":3},{"damage":73,"enemies":"The Guardian","floor":16,"turns":10},{"damage":32,"enemies":"2 Thieves","floor":18,"turns":5},{"damage":15,"enemies":"Chosen","floor":22,"turns":6},{"damage":32,"enemies":"Gremlin Leader","floor":25,"turns":7},{"damage":10,"enemies":"Centurion and Healer","floor":28,"turns":5},{"damage":33,"enemies":"Slavers","floor":29,"turns":6},{"damage":21,"enemies":"Cultist and Chosen","floor":30,"turns":8},{"damage":57,"enemies":"Collector","floor":33,"turns":12},{"damage":37,"enemies":"3 Darklings","floor":35,"turns":7},{"damage":28,"enemies":"3 Shapes","floor":37,"turns":5},{"damage":50,"enemies":"Maw","floor":38,"turns":9},{"damage":7,"enemies":"Mysterious Sphere","floor":42,"turns":5},{"damage":36,"enemies":"4 Shapes","floor":44,"turns":7},{"damage":24,"enemies":"2 Orb Walkers","floor":45,"turns":5},{"damage":28,"enemies":"Sphere and 2 Shapes","floor":46,"turns":4},{"damage":18,"enemies":"Maw","floor":48,"turns":8},{"damage":118,"enemies":"Awakened One","floor":50,"turns":9}],"event_choices":[{"event_name":"Golden Wing","player_choice":"Ignored","floor":2,"damage_taken":0},{"event_name":"Match and Keep!","player_choice":"2 cards matched","floor":3,"damage_taken":0},{"event_name":"Drug Dealer","player_choice":"Got JAXXED","floor":19,"damage_taken":0},{"event_name":"Cursed Tome","player_choice":"Obtained Book","floor":20,"damage_taken":0},{"event_name":"Vampires","player_choice":"Ignored","floor":31,"damage_taken":0},{"event_name":"The Lab","player_choice":"Got Potions","floor":36,"damage_taken":0},{"event_name":"Tomb of Lord Red Mask","player_choice":"Paid","floor":41,"damage_taken":0},{"event_name":"Mysterious Sphere","player_choice":"Fight","floor":42,"damage_taken":0}],"boss_relics":[{"not_picked":["Sozu","Ectoplasm"],"picked":"Black Blood"},{"not_picked":["Runic Pyramid","Question Card"],"picked":"Tiny House"}],"potions_floor_spawned":[4,5,10,11,16,22,35,38,45,48],"seed_played":"-896810954909213897","killed_by":"Awakened One","ascension_level":0,"is_trial":false}