{"gold_per_floor":[20,20,35,35,54,54,54,54,54,67,88,88,131,156,156,247,247],"floor_reached":17,"playtime":619,"items_purged":[],"score":314,"play_id":"a74cde32-3e55-4c1c-a335-aa58bcd3c2ff","local_time":"20190421122922","is_ascension_mode":true,"campfire_choices":[{"data":"Shockwave","floor":6,"key":"SMITH"},{"data":"Thunderclap","floor":12,"key":"SMITH"},{"data":"True Grit","floor":15,"key":"SMITH"}],"neow_cost":"NO_GOLD","seed_source_timestamp":462564456842100,"circlet_count":0,"master_deck":["AscendersBane","Strike_R","Strike_R","Strike_R","Strike_R","Defend_R","Defend_R","Defend_R","Defend_R","Bash","Shockwave+1","Second Wind","Thunderclap+1","Offering","Sentinel","True Grit+1","Juggernaut","Regret","Clumsy","Decay"],"relics":["Burning Blood","Ice Cream","Golden Idol","Kunai","Ornamental Fan","Strawberry","Calling Bell","Happy Flower","Mercury Hourglass","Shovel"],"potions_floor_usage":[5,16,16],"damage_taken":[{"damage":1,"enemies":"Cultist","floor":1,"turns":3},{"damage":9,"enemies":"Small Slimes","floor":3,"turns":4},{"damage":6,"enemies":"2 Louse","floor":5,"turns":4},{"damage":6,"enemies":"Looter","floor":10,"turns":4},{"damage":15,"enemies":"Red Slaver","floor":11,"turns":5},{"damage":24,"enemies":"3 Sentries","floor":13,"turns":9},{"damage":9,"enemies":"Blue Slaver","floor":14,"turns":4},{"damage":16,"enemies":"The Guardian","floor":16,"turns":19}],"seed_played":"5234912252142701623","potions_obtained":[{"floor":1,"key":"GamblersBrew"},{"floor":5,"key":"Fruit Juice"},{"floor":14,"key":"Energy Potion"},{"floor":16,"key":"FairyPotion"}],"is_trial":false,"path_per_floor":["M","?","M","?","M","R","?","T","T","M","M","R","E","M","R","B",null],"character_chosen":"IRONCLAD","items_purchased":[],"campfire_rested":0,"item_purchase_floors":[],"current_hp_per_floor":[73,62,59,59,64,64,57,57,57,57,48,48,37,34,34,24,66],"gold":247,"neow_bonus":"ONE_RARE_RELIC","is_prod":false,"is_daily":false,"chose_seed":false,"campfire_upgraded":3,"win_rate":0,"timestamp":1555817362,"path_taken":["M","?","?","?","M","R","?","?","T","?","M","R","E","M","R","BOSS"],"build_version":"2019-01-23","purchased_purges":0,"victory":false,"max_hp_per_floor":[75,75,75,68,73,73,73,73,73,73,73,73,80,80,80,80,80],"card_choices":[{"not_picked":["Dropkick","Sword Boomerang","Armaments"],"picked":"SKIP","floor":1},{"not_picked":["Cleave","True Grit"],"picked":"Shockwave","floor":3},{"not_picked":["Sword Boomerang","Combust"],"picked":"Second Wind","floor":5},{"not_picked":["Headbutt","Warcry"],"picked":"Thunderclap","floor":10},{"not_picked":["Heavy Blade","Pummel"],"picked":"Offering","floor":11},{"not_picked":["Reckless Charge","Sword Boomerang"],"picked":"Sentinel","floor":13},{"not_picked":["Sword Boomerang","Wild Strike"],"picked":"True Grit","floor":14},{"not_picked":["Barricade","Exhume"],"picked":"Juggernaut","floor":16}],"player_experience":3266781,"relics_obtained":[{"floor":8,"key":"Kunai"},{"floor":9,"key":"Ornamental Fan"},{"floor":13,"key":"Strawberry"},{"floor":17,"key":"Happy Flower"},{"floor":17,"key":"Mercury Hourglass"},{"floor":17,"key":"Shovel"}],"event_choices":[{"damage_healed":0,"gold_gain":0,"player_choice":"Damaged","damage_taken":11,"max_hp_gain":0,"max_hp_loss":0,"event_name":"Wheel of Change","floor":2,"gold_loss":0},{"damage_healed":0,"gold_gain":0,"player_choice":"Lose Max HP","damage_taken":0,"relics_obtained":["Golden Idol"],"max_hp_gain":0,"max_hp_loss":7,"event_name":"Golden Idol","floor":4,"gold_loss":0},{"cards_removed":["Strike_R"],"damage_healed":0,"gold_gain":0,"player_choice":"Card Removal","damage_taken":7,"max_hp_gain":0,"max_hp_loss":0,"event_name":"Golden Wing","floor":7,"gold_loss":0}],"is_beta":false,"boss_relics":[{"not_picked":["Black Blood","Runic Cube"],"picked":"Calling Bell"}],"items_purged_floors":[],"is_endless":false,"potions_floor_spawned":[1,5,14,16],"ascension_level":20}