{"gold_per_floor":[365,515,590,590,5,34,34,50,50,67,67,79,111,128,128,204,204,224,224,149,149,49,49,49,49,74,74,74,74,74,74,74,153,153,167,181,194,194,194,194,211,211,211,211,211],"floor_reached":45,"playtime":1299,"items_purged":["Doubt","Strike_B+1"],"score":870,"play_id":"6786fe04-679f-4041-b637-1c40473a6f9e","local_time":"20190415135528","is_ascension_mode":true,"campfire_choices":[{"data":"Defragment","floor":11,"key":"SMITH"},{"data":"Consume","floor":15,"key":"SMITH"},{"data":"Electrodynamics","floor":23,"key":"SMITH"},{"data":"Zap","floor":25,"key":"SMITH"},{"data":"Dualcast","floor":28,"key":"SMITH"},{"floor":32,"key":"REST"},{"data":"Seek","floor":40,"key":"SMITH"},{"floor":42,"key":"REST"},{"data":"Multi-Cast","floor":44,"key":"SMITH"}],"neow_cost":"TEN_PERCENT_HP_LOSS","seed_source_timestamp":266717438972899,"circlet_count":0,"master_deck":["AscendersBane","Defend_B+1","Defend_B+1","Defend_B+1","Defend_B+1","Zap+1","Dualcast+1","Defragment+1","Consume+1","Ball Lightning","Multi-Cast+1","Electrodynamics+1","Glacier","Seek+1","Self Repair+1","Rip and Tear+1","Darkness+1","Skim","Coolheaded+1"],"relics":["Cracked Core","Calipers","Singing Bowl","Meat on the Bone","Art of War","Runic Dome","Molten Egg 2","Astrolabe","Gremlin Horn"],"potions_floor_usage":[10,16,24,24],"damage_taken":[{"damage":0,"enemies":"Small Slimes","floor":1,"turns":4},{"damage":29,"enemies":"3 Sentries","floor":6,"turns":8},{"damage":9,"enemies":"Jaw Worm","floor":8,"turns":3},{"damage":0,"enemies":"2 Louse","floor":10,"turns":2},{"damage":13,"enemies":"Large Slime","floor":12,"turns":5},{"damage":30,"enemies":"Lagavulin","floor":13,"turns":6},{"damage":8,"enemies":"Blue Slaver","floor":14,"turns":4},{"damage":17,"enemies":"Slime Boss","floor":16,"turns":9},{"damage":16,"enemies":"Spheric Guardian","floor":18,"turns":4},{"damage":0,"enemies":"Slavers","floor":24,"turns":1},{"damage":25,"enemies":"Collector","floor":33,"turns":9},{"damage":10,"enemies":"Orb Walker","floor":35,"turns":3},{"damage":0,"enemies":"3 Shapes","floor":36,"turns":5},{"damage":24,"enemies":"Jaw Worm Horde","floor":37,"turns":4},{"damage":36,"enemies":"Writhing Mass","floor":41,"turns":4},{"damage":73,"enemies":"Nemesis","floor":45,"turns":3}],"seed_played":"-1116639383720314204","potions_obtained":[{"floor":8,"key":"EntropicBrew"},{"floor":14,"key":"Block Potion"},{"floor":33,"key":"FearPotion"},{"floor":37,"key":"FocusPotion"}],"is_trial":false,"path_per_floor":["M","?","?","?","$","E","?","M","T","M","R","M","E","M","R","B",null,"M","?","?","?","$","R","E","R","T","?","R","T","$","?","R","B",null,"M","M","M","?","?","R","M","R","T","R","E"],"character_chosen":"DEFECT","items_purchased":["Defragment","Calipers","Doom and Gloom","Block Potion"],"campfire_rested":2,"item_purchase_floors":[5,5,5,5],"current_hp_per_floor":[64,64,53,64,64,37,37,28,28,40,40,39,23,29,29,24,59,45,45,45,45,45,45,45,45,45,45,45,45,45,45,66,41,64,64,72,60,60,60,60,38,60,60,60,0],"gold":211,"neow_bonus":"TWO_FIFTY_GOLD","is_prod":false,"is_daily":false,"chose_seed":false,"campfire_upgraded":7,"win_rate":0,"timestamp":1555304128,"path_taken":["M","?","?","?","$","E","?","?","T","M","R","M","E","M","R","BOSS","M","?","?","?","$","R","E","R","T","?","R","?","?","?","R","BOSS","M","M","M","?","?","R","M","R","T","R","E"],"build_version":"2019-01-23","purchased_purges":2,"victory":false,"max_hp_per_floor":[64,64,64,64,64,66,66,66,66,66,66,66,68,70,70,70,70,72,72,72,72,72,72,72,72,72,72,72,72,72,72,72,72,72,72,72,74,74,74,74,76,76,76,76,76],"card_choices":[{"not_picked":["Rebound","Go for the Eyes"],"picked":"Cold Snap","floor":1},{"not_picked":["Sweeping Beam","Beam Cell","Conserve Battery"],"picked":"Singing Bowl","floor":6},{"not_picked":["Steam","Gash"],"picked":"Consume","floor":8},{"not_picked":["Stack","Barrage"],"picked":"Ball Lightning","floor":10},{"not_picked":["Consume","Storm"],"picked":"Multi-Cast","floor":12},{"not_picked":["Lockon","Beam Cell","Go for the Eyes"],"picked":"Singing Bowl","floor":13},{"not_picked":["Reprogram","Conserve Battery","Steam"],"picked":"Singing Bowl","floor":14},{"not_picked":["Seek","All For One"],"picked":"Electrodynamics","floor":16},{"not_picked":["Undo","Streamline","Gash"],"picked":"Singing Bowl","floor":18},{"not_picked":["Machine Learning","Thunder Strike+1"],"picked":"Seek","floor":33},{"not_picked":["Barrage+1","Streamline+1"],"picked":"Skim","floor":35},{"not_picked":["Darkness","Leap+1"],"picked":"Coolheaded+1","floor":36},{"not_picked":["Darkness","Redo","Go for the Eyes+1"],"picked":"Singing Bowl","floor":37},{"not_picked":["Consume","Steam","Darkness"],"picked":"Singing Bowl","floor":41}],"player_experience":3153649,"relics_obtained":[{"floor":6,"key":"Singing Bowl"},{"floor":9,"key":"Meat on the Bone"},{"floor":13,"key":"Art of War"},{"floor":29,"key":"Molten Egg 2"},{"floor":43,"key":"Gremlin Horn"}],"event_choices":[{"damage_healed":0,"gold_gain":150,"player_choice":"AGREE","damage_taken":0,"max_hp_gain":0,"max_hp_loss":0,"event_name":"Liars Game","floor":2,"gold_loss":0,"cards_obtained":["Doubt"]},{"damage_healed":0,"gold_gain":75,"player_choice":"Gather Gold","damage_taken":11,"max_hp_gain":0,"max_hp_loss":0,"event_name":"World of Goop","floor":3,"gold_loss":0},{"damage_healed":21,"gold_gain":0,"player_choice":"Banana","damage_taken":0,"max_hp_gain":0,"max_hp_loss":0,"event_name":"Big Fish","floor":4,"gold_loss":0},{"damage_healed":0,"gold_gain":0,"player_choice":"Leave","damage_taken":0,"max_hp_gain":0,"max_hp_loss":0,"event_name":"The Cleric","floor":7,"gold_loss":0},{"damage_healed":0,"gold_gain":0,"player_choice":"Simplicity","damage_taken":0,"max_hp_gain":0,"max_hp_loss":0,"event_name":"Back to Basics","floor":19,"gold_loss":0,"cards_upgraded":["Strike_B","Strike_B","Strike_B","Strike_B","Defend_B","Defend_B","Defend_B","Defend_B"]},{"cards_removed":["Strike_B"],"damage_healed":0,"gold_gain":0,"player_choice":"Gave Gold","damage_taken":0,"max_hp_gain":0,"max_hp_loss":0,"event_name":"Beggar","floor":20,"gold_loss":75},{"damage_healed":0,"gold_gain":0,"player_choice":"Ignored","damage_taken":0,"max_hp_gain":0,"max_hp_loss":0,"event_name":"Vampires","floor":21,"gold_loss":0},{"damage_healed":0,"gold_gain":0,"player_choice":"Read","damage_taken":0,"max_hp_gain":0,"max_hp_loss":0,"event_name":"The Library","floor":27,"gold_loss":0,"cards_obtained":["Glacier"]},{"damage_healed":0,"gold_gain":0,"player_choice":"Ignored","damage_taken":0,"max_hp_gain":0,"max_hp_loss":0,"event_name":"The Mausoleum","floor":31,"gold_loss":0},{"damage_healed":0,"gold_gain":0,"player_choice":"Ignored","damage_taken":0,"max_hp_gain":0,"max_hp_loss":0,"event_name":"Tomb of Lord Red Mask","floor":38,"gold_loss":0},{"cards_removed":["Cold Snap"],"damage_healed":0,"gold_gain":0,"player_choice":"Removed Attack","damage_taken":0,"max_hp_gain":0,"max_hp_loss":0,"event_name":"Falling","floor":39,"gold_loss":0}],"is_beta":false,"boss_relics":[{"not_picked":["Philosopher\u0027s Stone","Nuclear Battery"],"picked":"Runic Dome"},{"not_picked":["Snecko Eye","Black Star"],"picked":"Astrolabe"}],"items_purged_floors":[5,22],"is_endless":false,"potions_floor_spawned":[8,14,24,33,37,41],"killed_by":"Nemesis","ascension_level":20}