{"gold_per_floor":[213,229,103,103,103,103,28,28,28,28,0,19,31,49,49,122,122,122,122,122,122,122,122,122,122,122,122,122,19,19,19,19,19,19,19,19],"floor_reached":36,"playtime":2381,"items_purged":[],"score":620,"play_id":"53c9224b-0dd8-456c-b9fb-e75f3fb10b7e","local_time":"20181104125150","is_ascension_mode":true,"campfire_choices":[{"floor":6.0,"key":"REST"},{"data":"Redo","floor":8.0,"key":"SMITH"},{"floor":15.0,"key":"REST"},{"floor":23.0,"key":"REST"},{"floor":25.0,"key":"REST"},{"floor":27.0,"key":"REST"},{"floor":32,"key":"REST"}],"neow_cost":"NONE","seed_source_timestamp":0,"circlet_count":0,"master_deck":["AscendersBane","Strike_B","Strike_B","Strike_B+1","Strike_B","Defend_B","Defend_B","Defend_B+1","Defend_B","Zap","Dualcast","Redo+1","Static Discharge","Static Discharge","Conserve Battery","Capacitor","Static Discharge","Hologram","Self Repair","Echo Form","Redo+1","Echo Form","Doom and Gloom","Defragment","Lockon","BootSequence+1","Barrage","Biased Cognition","Capacitor"],"special_seed":0,"relics":["Cracked Core","Ectoplasm","MutagenicStrength","Nloth\u0027s Gift","Gambling Chip","Nuclear Battery"],"potions_floor_usage":[31,33],"damage_taken":[{"damage":0.0,"enemies":"Small Slimes","floor":1.0,"turns":3.0},{"damage":0.0,"enemies":"Jaw Worm","floor":2.0,"turns":2.0},{"damage":2.0,"enemies":"2 Louse","floor":12.0,"turns":3.0},{"damage":14.0,"enemies":"Blue Slaver","floor":13.0,"turns":2.0},{"damage":12.0,"enemies":"3 Louse","floor":14.0,"turns":3.0},{"damage":57.0,"enemies":"The Guardian","floor":16.0,"turns":9.0},{"damage":20.0,"enemies":"Shell Parasite","floor":18.0,"turns":6.0},{"damage":30.0,"enemies":"Chosen","floor":20.0,"turns":4.0},{"damage":36.0,"enemies":"Snake Plant","floor":22.0,"turns":4.0},{"damage":36.0,"enemies":"Centurion and Healer","floor":28.0,"turns":8.0},{"damage":25.0,"enemies":"Snecko","floor":30.0,"turns":3.0},{"damage":16,"enemies":"Snake Plant","floor":31,"turns":4},{"damage":25,"enemies":"Champ","floor":33,"turns":10},{"damage":29,"enemies":"3 Shapes","floor":35,"turns":6},{"damage":56,"enemies":"3 Darklings","floor":36,"turns":3}],"seed_played":"2387373715797281677","potions_obtained":[{"floor":1.0,"key":"Block Potion"},{"floor":16.0,"key":"EssenceOfSteel"},{"floor":28.0,"key":"LiquidBronze"},{"floor":30.0,"key":"SpeedPotion"},{"floor":33,"key":"SmokeBomb"}],"is_trial":false,"path_per_floor":["M","M","$","?","?","R","$","R","T","?","?","M","M","M","R","B",null,"M","?","M","?","M","R","?","R","T","R","M","$","M","M","R","B",null,"M","M"],"character_chosen":"DEFECT","items_purchased":["Static Discharge","Conserve Battery","Capacitor","Defragment","Lockon"],"campfire_rested":6,"item_purchase_floors":[3,3,7,29,29],"current_hp_per_floor":[64,64,64,69,46,68,68,68,68,68,68,66,52,40,62,12,60,54,54,38,38,16,38,38,60,60,76,54,54,29,27,49,38,67,52,0],"gold":19,"neow_bonus":"HUNDRED_GOLD","is_prod":false,"is_daily":false,"chose_seed":false,"campfire_upgraded":1,"win_rate":0,"timestamp":1541328710,"path_taken":["M","M","$","?","?","R","$","R","T","?","?","M","M","?","R","BOSS","M","?","M","?","?","R","?","R","T","R","M","$","M","M","R","BOSS","M","?"],"build_version":"2018-11-01","purchased_purges":0,"victory":false,"max_hp_per_floor":[71,71,71,76,76,76,76,76,76,76,76,76,76,76,76,76,76,76,76,76,76,76,76,76,76,76,76,76,76,76,76,76,76,76,76,76],"card_choices":[{"not_picked":["Steam Power","Barrage"],"picked":"Redo","floor":1.0},{"not_picked":["Streamline","Redo"],"picked":"Static Discharge","floor":2.0},{"not_picked":["Hologram","Cold Snap"],"picked":"Static Discharge","floor":12.0},{"not_picked":["Beam Cell","Multi-Cast"],"picked":"Hologram","floor":13.0},{"not_picked":["Beam Cell","Steam"],"picked":"Self Repair","floor":14.0},{"not_picked":["Buffer","Multi-Cast"],"picked":"Echo Form","floor":16.0},{"not_picked":["Go for the Eyes","Capacitor"],"picked":"Redo+1","floor":18.0},{"not_picked":["Sweeping Beam","Leap","Undo+1"],"picked":"SKIP","floor":20.0},{"not_picked":["Compile Driver","Skim"],"picked":"Echo Form","floor":22.0},{"not_picked":["Rebound","Genetic Algorithm"],"picked":"Doom and Gloom","floor":28.0},{"not_picked":["Steam","Redo"],"picked":"BootSequence+1","floor":30.0},{"not_picked":["Leap","Go for the Eyes"],"picked":"Barrage","floor":31},{"not_picked":["Meteor Strike","Machine Learning"],"picked":"Biased Cognition","floor":33},{"not_picked":["Turbo+1","Compile Driver"],"picked":"Capacitor","floor":35}],"player_experience":751289,"relics_obtained":[{"floor":9.0,"key":"The Courier"},{"floor":26.0,"key":"Gambling Chip"}],"event_choices":[{"damage_healed":0.0,"max_hp_gain":5.0,"max_hp_loss":0.0,"gold_gain":0.0,"event_name":"Big Fish","player_choice":"Donut","floor":4.0,"gold_loss":0.0,"damage_taken":0.0},{"damage_healed":0.0,"max_hp_gain":0.0,"max_hp_loss":0.0,"gold_gain":0.0,"event_name":"Shining Light","player_choice":"Entered Light","floor":5.0,"gold_loss":0.0,"damage_taken":23.0,"cards_upgraded":["Defend_B","Strike_B"]},{"damage_healed":0.0,"max_hp_gain":0.0,"max_hp_loss":0.0,"gold_gain":0.0,"event_name":"Golden Wing","player_choice":"Ignored","floor":10.0,"gold_loss":0.0,"damage_taken":0.0},{"damage_healed":0.0,"max_hp_gain":0.0,"max_hp_loss":0.0,"gold_gain":0.0,"event_name":"World of Goop","player_choice":"Left Gold","floor":11.0,"gold_loss":28.0,"damage_taken":0.0},{"damage_healed":0.0,"max_hp_gain":0.0,"max_hp_loss":0.0,"gold_gain":0.0,"event_name":"Vampires","player_choice":"Ignored","floor":19.0,"gold_loss":0.0,"damage_taken":0.0},{"damage_healed":0.0,"max_hp_gain":0.0,"max_hp_loss":0.0,"gold_gain":0.0,"event_name":"Drug Dealer","player_choice":"Inject Mutagens","floor":21.0,"gold_loss":0.0,"damage_taken":0.0,"relics_obtained":["MutagenicStrength"]},{"damage_healed":0.0,"max_hp_gain":0.0,"max_hp_loss":0.0,"gold_gain":0.0,"event_name":"N\u0027loth","player_choice":"Traded Relic","floor":24.0,"relics_lost":["The Courier"],"gold_loss":0.0,"damage_taken":0.0,"relics_obtained":["Nloth\u0027s Gift"]}],"is_beta":false,"boss_relics":[{"not_picked":["Orrery","Runic Pyramid"],"picked":"Ectoplasm"},{"not_picked":["Lizard Tail","Sozu"],"picked":"Nuclear Battery"}],"items_purged_floors":[],"is_endless":false,"potions_floor_spawned":[1,16,28,30,33],"killed_by":"3 Darklings","ascension_level":15}