{"gold_per_floor":[114,114,30,30,40,40,40,40,67,102,102,19,33,52,52,146,146,164,89,112,112],"floor_reached":21,"playtime":613,"items_purged":[],"score":404,"play_id":"ef4cdd4b-d83e-4542-b711-e1d6d4273170","local_time":"20190220153846","is_ascension_mode":true,"campfire_choices":[{"data":"Loop","floor":6,"key":"SMITH"},{"data":"Zap","floor":8,"key":"SMITH"},{"data":"Dualcast","floor":15,"key":"SMITH"}],"neow_cost":"NONE","seed_source_timestamp":13506603540400,"circlet_count":0,"master_deck":["AscendersBane","Strike_B+1","Strike_B+1","Defend_B","Defend_B","Defend_B","Defend_B","Zap+1","Dualcast+1","Coolheaded","Loop+1","Capacitor","Melter+1","Glacier","Core Surge+1","Rebound+1","Hello World","Chaos","Coolheaded"],"relics":["Cracked Core","NeowsBlessing","Molten Egg 2","Golden Idol","Whetstone","Kunai","Velvet Choker"],"potions_floor_usage":[16,18,18],"damage_taken":[{"damage":0,"enemies":"2 Louse","floor":1,"turns":1},{"damage":0,"enemies":"Cultist","floor":5,"turns":1},{"damage":0,"enemies":"Lagavulin","floor":10,"turns":1},{"damage":0,"enemies":"Small Slimes","floor":13,"turns":2},{"damage":9,"enemies":"Exordium Wildlife","floor":14,"turns":3},{"damage":15,"enemies":"The Guardian","floor":16,"turns":14},{"damage":3,"enemies":"3 Byrds","floor":18,"turns":5},{"damage":26,"enemies":"Shell Parasite","floor":20,"turns":5},{"damage":10,"enemies":"Chosen and Byrds","floor":21,"turns":5}],"seed_played":"2524717713794750535","potions_obtained":[{"floor":1,"key":"Weak Potion"},{"floor":2,"key":"SkillPotion"},{"floor":16,"key":"Swift Potion"},{"floor":20,"key":"Energy Potion"}],"is_trial":false,"path_per_floor":["M","?","$","?","M","R","?","R","T","E","?","$","M","M","R","B",null,"M","?","M","M"],"character_chosen":"DEFECT","items_purchased":["PowerPotion","Coolheaded","Melter+1"],"campfire_rested":0,"item_purchase_floors":[3,3,12],"current_hp_per_floor":[64,64,64,64,64,64,64,64,64,64,59,59,59,50,50,35,57,54,54,28,18],"gold":112,"neow_bonus":"THREE_ENEMY_KILL","is_prod":false,"is_daily":false,"chose_seed":false,"campfire_upgraded":3,"win_rate":0,"timestamp":1550644726,"path_taken":["M","?","$","?","?","R","?","R","T","E","?","?","M","M","R","BOSS","M","?","M","?"],"build_version":"2019-01-23","purchased_purges":0,"victory":false,"max_hp_per_floor":[71,71,71,71,71,71,64,64,64,64,64,64,64,64,64,64,64,64,64,64,64],"card_choices":[{"not_picked":["Skim","Redo"],"picked":"Coolheaded","floor":1},{"not_picked":["Compile Driver+1","Recycle"],"picked":"Loop","floor":5},{"not_picked":["Steam","Gash+1"],"picked":"Capacitor","floor":10},{"not_picked":["Rebound+1","Sweeping Beam+1","Stack"],"picked":"SKIP","floor":13},{"not_picked":["Reprogram","Sunder+1"],"picked":"Glacier","floor":14},{"not_picked":["Amplify","Buffer"],"picked":"Core Surge+1","floor":16},{"not_picked":["Heatsinks","Go for the Eyes+1"],"picked":"Rebound+1","floor":18},{"not_picked":["Beam Cell+1","Turbo"],"picked":"Coolheaded","floor":20}],"player_experience":1671099,"relics_obtained":[{"floor":10,"key":"Whetstone"}],"event_choices":[{"damage_healed":0,"gold_gain":0,"player_choice":"Got Potions","damage_taken":0,"max_hp_gain":0,"max_hp_loss":0,"event_name":"Lab","floor":2,"gold_loss":0},{"cards_removed":["Coolheaded"],"damage_healed":0,"gold_gain":0,"player_choice":"Gave Card","damage_taken":0,"relics_obtained":["Molten Egg 2"],"max_hp_gain":0,"max_hp_loss":0,"event_name":"WeMeetAgain","floor":4,"gold_loss":0},{"damage_healed":0,"gold_gain":0,"player_choice":"Lose Max HP","damage_taken":0,"relics_obtained":["Golden Idol"],"max_hp_gain":0,"max_hp_loss":7,"event_name":"Golden Idol","floor":7,"gold_loss":0},{"damage_healed":0,"gold_gain":0,"player_choice":"Success","damage_taken":5,"relics_obtained":["Kunai"],"max_hp_gain":0,"max_hp_loss":0,"event_name":"Scrap Ooze","floor":11,"gold_loss":0},{"damage_healed":0,"gold_gain":0,"cards_transformed":["Strike_B","Strike_B"],"player_choice":"Transformed Cards","damage_taken":0,"max_hp_gain":0,"max_hp_loss":0,"event_name":"Designer","floor":19,"gold_loss":75,"cards_obtained":["Hello World","Chaos"]}],"is_beta":false,"boss_relics":[{"not_picked":["Cursed Key","Sozu"],"picked":"Velvet Choker"}],"items_purged_floors":[],"is_endless":false,"potions_floor_spawned":[1,10,16,20],"killed_by":"Chosen and Byrds","ascension_level":20}