{"gold_per_floor":[111,186,197,159,159,187,187,219,219,120,136,147,181,198,198,277,277,292,307,59,74,87,87,87],"floor_reached":24,"playtime":1353,"items_purged":["Strike_G","Strike_G"],"score":360,"play_id":"be7839b1-5cec-4c77-897c-00688f23c14a","local_time":"20181121105139","is_ascension_mode":true,"campfire_choices":[{"floor":7.0,"key":"REST"},{"floor":15.0,"key":"REST"},{"data":"A Thousand Cuts","floor":23.0,"key":"SMITH"}],"neow_cost":"TEN_PERCENT_HP_LOSS","seed_source_timestamp":959621616047559,"circlet_count":0,"master_deck":["AscendersBane","Defend_G","Defend_G","Defend_G","Defend_G","Defend_G","Strike_G","Strike_G","Strike_G","Survivor","Neutralize","Die Die Die","Well Laid Plans","Footwork","Glass Knife+1","Flying Knee+1","Dagger Spray+1","Finisher+1","A Thousand Cuts","A Thousand Cuts+1","Backflip+1","Blur","Dash+1","Leg Sweep"],"special_seed":0,"relics":["Ring of the Snake","CultistMask","Molten Egg 2","Mummified Hand","Question Card","Dodecahedron","Velvet Choker","Membership Card"],"potions_floor_usage":[],"damage_taken":[{"damage":0.0,"enemies":"2 Louse","floor":1.0,"turns":3.0},{"damage":12.0,"enemies":"Cultist","floor":3.0,"turns":5.0},{"damage":28.0,"enemies":"3 Sentries","floor":6.0,"turns":11.0},{"damage":15.0,"enemies":"Gremlin Nob","floor":8.0,"turns":4.0},{"damage":0.0,"enemies":"Small Slimes","floor":11.0,"turns":2.0},{"damage":6.0,"enemies":"Blue Slaver","floor":12.0,"turns":4.0},{"damage":3.0,"enemies":"3 Sentries","floor":13.0,"turns":4.0},{"damage":5.0,"enemies":"Exordium Wildlife","floor":14.0,"turns":3.0},{"damage":12.0,"enemies":"Slime Boss","floor":16.0,"turns":8.0},{"damage":19.0,"enemies":"Spheric Guardian","floor":18.0,"turns":4.0},{"damage":0.0,"enemies":"3 Byrds","floor":19.0,"turns":3.0},{"damage":12.0,"enemies":"Centurion and Healer","floor":21.0,"turns":5.0},{"damage":6.0,"enemies":"Snake Plant","floor":22.0,"turns":6.0},{"damage":23,"enemies":"Shelled Parasite and Fungi","floor":24,"turns":2}],"seed_played":"875769903454002202","potions_obtained":[{"floor":1.0,"key":"Ancient Potion"},{"floor":8.0,"key":"GhostInAJar"}],"is_trial":false,"path_per_floor":["M","?","M","$","?","E","R","E","T","$","M","M","E","M","R","B",null,"M","M","$","M","M","R","M"],"character_chosen":"THE_SILENT","items_purchased":["Footwork","Dagger Spray+1","Membership Card"],"campfire_rested":2,"item_purchase_floors":[4,10,20],"current_hp_per_floor":[63,52,40,40,40,12,30,15,15,15,15,9,6,1,19,7,49,30,30,30,18,12,12,0],"gold":87,"neow_bonus":"THREE_RARE_CARDS","is_prod":false,"is_daily":false,"chose_seed":false,"campfire_upgraded":1,"win_rate":0,"timestamp":1542768699,"path_taken":["M","?","M","$","?","E","R","E","T","$","M","?","E","M","R","BOSS","M","M","$","M","M","R","M"],"build_version":"2018-11-15","purchased_purges":2,"victory":false,"max_hp_per_floor":[63,63,63,63,63,63,63,63,63,63,63,63,63,63,63,63,63,63,63,63,63,63,63,63],"card_choices":[{"not_picked":["Unload","Night Terror"],"picked":"Die Die Die","floor":0.0},{"not_picked":["Sucker Punch","Acrobatics","Prepared"],"picked":"SKIP","floor":1.0},{"not_picked":["Quick Slash","Concentrate"],"picked":"Well Laid Plans","floor":3.0},{"not_picked":["Dodge and Roll","Outmaneuver"],"picked":"Glass Knife","floor":6.0},{"not_picked":["Concentrate","Well Laid Plans"],"picked":"Flying Knee+1","floor":8.0},{"not_picked":["PiercingWail","Deflect","Underhanded Strike+1"],"picked":"Finisher+1","floor":11.0},{"not_picked":["Quick Slash+1","Tactician","Backflip","Dagger Throw+1"],"picked":"SKIP","floor":12.0},{"not_picked":["Distraction","Calculated Gamble","Slice+1"],"picked":"A Thousand Cuts","floor":13.0},{"not_picked":["Dagger Throw+1","Underhanded Strike+1","Concentrate","Outmaneuver"],"picked":"SKIP","floor":14.0},{"not_picked":["Burst","Bullet Time","Grand Finale+1"],"picked":"A Thousand Cuts","floor":16.0},{"not_picked":["Poisoned Stab+1","Catalyst","Blade Dance"],"picked":"Backflip+1","floor":18.0},{"not_picked":["Expertise+1","Well Laid Plans","Backflip"],"picked":"Blur","floor":19.0},{"not_picked":["PiercingWail","Underhanded Strike+1","Dagger Spray+1"],"picked":"Dash+1","floor":21.0},{"not_picked":["Tactician","Expertise+1","PiercingWail"],"picked":"Leg Sweep","floor":22.0}],"player_experience":514740,"relics_obtained":[{"floor":6.0,"key":"Molten Egg 2"},{"floor":8.0,"key":"Mummified Hand"},{"floor":9.0,"key":"Question Card"},{"floor":13.0,"key":"Dodecahedron"}],"event_choices":[{"damage_healed":0.0,"max_hp_gain":0.0,"max_hp_loss":0.0,"gold_gain":75.0,"event_name":"World of Goop","player_choice":"Gather Gold","floor":2.0,"gold_loss":0.0,"damage_taken":11.0},{"damage_healed":0.0,"max_hp_gain":0.0,"max_hp_loss":0.0,"gold_gain":0.0,"event_name":"FaceTrader","player_choice":"Trade","floor":5.0,"gold_loss":0.0,"damage_taken":0.0,"relics_obtained":["CultistMask"]}],"is_beta":true,"boss_relics":[{"not_picked":["Black Star","Ectoplasm"],"picked":"Velvet Choker"}],"items_purged_floors":[10,20],"is_endless":false,"potions_floor_spawned":[1,8,16,18,21],"killed_by":"Shelled Parasite and Fungi","ascension_level":13}