{"gold_per_floor":[113,188,188,363,363,398,418,429,502,502,502,502,521,538,538,643,643,653,672,698,698,712,712,731,750,775,775],"floor_reached":27,"playtime":1330,"items_purged":[],"score":215,"play_id":"a81c8dd3-5a91-45c4-b83d-b122a6e057d0","local_time":"20190213131222","is_ascension_mode":false,"campfire_choices":[{"floor":11,"key":"REST"},{"floor":15,"key":"REST"},{"floor":23,"key":"REST"}],"neow_cost":"NONE","seed_source_timestamp":1178730174977684,"circlet_count":0,"master_deck":["Strike_B+1","Strike_B+1","Strike_B+1","Defend_B+1","Defend_B+1","Zap","Dualcast","BootSequence","Doom and Gloom","Ball Lightning","Stack","Loop","Rainbow","Fission+1","BootSequence+1","Reboot+1","Heatsinks+1","Redo","Barrage+1"],"relics":["Cracked Core","Juzu Bracelet","Matryoshka","Astrolabe","Red Mask","Omamori","Blood Vial"],"potions_floor_usage":[6,6,6,6,6,6,8,16,22],"damage_taken":[{"damage":5,"enemies":"Small Slimes","floor":1,"turns":3},{"damage":43,"enemies":"3 Sentries","floor":6,"turns":8},{"damage":0,"enemies":"Jaw Worm","floor":7,"turns":3},{"damage":0,"enemies":"Cultist","floor":8,"turns":2},{"damage":2,"enemies":"2 Fungi Beasts","floor":13,"turns":3},{"damage":7,"enemies":"Blue Slaver","floor":14,"turns":3},{"damage":27,"enemies":"Hexaghost","floor":16,"turns":9},{"damage":5,"enemies":"3 Byrds","floor":18,"turns":3},{"damage":0,"enemies":"Spheric Guardian","floor":19,"turns":3},{"damage":54,"enemies":"Masked Bandits","floor":20,"turns":4},{"damage":0,"enemies":"Cultist and Chosen","floor":22,"turns":4},{"damage":13,"enemies":"Shelled Parasite and Fungi","floor":24,"turns":5},{"damage":23,"enemies":"Snake Plant","floor":25,"turns":3},{"damage":5,"enemies":"3 Cultists","floor":27,"turns":3}],"seed_played":"-1994812666155558472","potions_obtained":[{"floor":0,"key":"GamblersBrew"},{"floor":0,"key":"Strength Potion"},{"floor":0,"key":"EntropicBrew"},{"floor":7,"key":"Poison Potion"},{"floor":8,"key":"Strength Potion"},{"floor":19,"key":"Ancient Potion"},{"floor":20,"key":"SkillPotion"}],"is_trial":false,"path_per_floor":["M","?","$","?","?","E","M","M","T","?","R","?","M","M","R","B",null,"M","M","?","?","M","R","M","M","T","M"],"character_chosen":"DEFECT","items_purchased":[],"campfire_rested":3,"item_purchase_floors":[],"current_hp_per_floor":[70,59,59,59,47,4,4,4,4,4,26,26,24,17,39,12,75,70,70,16,16,16,38,25,2,2,0],"gold":775,"neow_bonus":"THREE_SMALL_POTIONS","is_prod":false,"is_daily":false,"chose_seed":false,"campfire_upgraded":0,"win_rate":0,"timestamp":1550056342,"path_taken":["M","?","$","?","?","E","M","M","T","?","R","?","M","M","R","BOSS","M","M","?","?","M","R","M","M","T","M"],"build_version":"2019-01-23","purchased_purges":0,"victory":false,"max_hp_per_floor":[75,75,75,75,75,75,75,75,75,75,75,75,75,75,75,75,75,75,75,75,75,75,75,75,75,75,75],"card_choices":[{"not_picked":["Gash","Sweeping Beam"],"picked":"BootSequence","floor":1},{"not_picked":["Lockon","Scrape"],"picked":"Doom and Gloom","floor":6},{"not_picked":["Steam","Streamline"],"picked":"Ball Lightning","floor":7},{"not_picked":["Beam Cell","Hologram","Coolheaded"],"picked":"SKIP","floor":8},{"not_picked":["Sweeping Beam","Rebound"],"picked":"Stack","floor":13},{"not_picked":["Steam","Streamline"],"picked":"Loop","floor":14},{"not_picked":["Seek","All For One"],"picked":"Rainbow","floor":16},{"not_picked":["Barrage","Go for the Eyes"],"picked":"Heatsinks+1","floor":18},{"not_picked":["Doom and Gloom+1","Reinforced Body"],"picked":"Redo","floor":19},{"not_picked":["Go for the Eyes+1","Streamline+1","Lockon"],"picked":"SKIP","floor":22},{"not_picked":["Double Energy","Streamline","Undo"],"picked":"SKIP","floor":24},{"not_picked":["Turbo","Double Energy+1"],"picked":"Barrage+1","floor":25}],"player_experience":947496,"relics_obtained":[{"floor":6,"key":"Juzu Bracelet"},{"floor":9,"key":"Matryoshka"},{"floor":20,"key":"Red Mask"},{"floor":26,"key":"Omamori"},{"floor":26,"key":"Blood Vial"}],"event_choices":[{"damage_healed":0,"gold_gain":75,"player_choice":"Gather Gold","damage_taken":11,"max_hp_gain":0,"max_hp_loss":0,"event_name":"World of Goop","floor":2,"gold_loss":0},{"damage_healed":0,"gold_gain":175,"player_choice":"AGREE","damage_taken":0,"max_hp_gain":0,"max_hp_loss":0,"event_name":"Liars Game","floor":4,"gold_loss":0,"cards_obtained":["Doubt"]},{"damage_healed":0,"gold_gain":0,"player_choice":"Fled","damage_taken":12,"max_hp_gain":0,"max_hp_loss":0,"event_name":"Scrap Ooze","floor":5,"gold_loss":0},{"cards_removed":["Doubt"],"damage_healed":0,"gold_gain":0,"player_choice":"Removed Curses","damage_taken":0,"max_hp_gain":0,"max_hp_loss":0,"event_name":"Fountain of Cleansing","floor":10,"gold_loss":0},{"damage_healed":0,"gold_gain":0,"player_choice":"Ignored","damage_taken":0,"max_hp_gain":0,"max_hp_loss":0,"event_name":"Shining Light","floor":12,"gold_loss":0},{"damage_healed":0,"gold_gain":0,"player_choice":"Fought Bandits","damage_taken":0,"max_hp_gain":0,"max_hp_loss":0,"event_name":"Masked Bandits","floor":20,"gold_loss":0},{"damage_healed":0,"gold_gain":0,"player_choice":"Simplicity","damage_taken":0,"max_hp_gain":0,"max_hp_loss":0,"event_name":"Back to Basics","floor":21,"gold_loss":0,"cards_upgraded":["Strike_B","Strike_B","Strike_B","Defend_B","Defend_B"]}],"is_beta":false,"boss_relics":[{"not_picked":["Empty Cage","Ectoplasm"],"picked":"Astrolabe"}],"items_purged_floors":[],"is_endless":false,"potions_floor_spawned":[7,8,19,20],"killed_by":"3 Cultists","ascension_level":0}