{"path_per_floor":["M","?","M","M","M","E","R","M","T","T","?","E","?","M","R","B",null,"M","T","$","M","?","E","R","E","T","?","R","M","?"],"character_chosen":"IRONCLAD","items_purchased":["Enlightenment","Metallicize","Rampage","Reaper"],"gold_per_floor":[109,109,122,139,151,182,182,202,258,337,337,363,363,373,373,473,473,489,489,28,41,41,74,74,100,100,100,100,118,118],"floor_reached":31,"campfire_rested":0,"playtime":2465,"current_hp_per_floor":[80,80,80,67,49,33,33,36,36,36,36,34,39,34,34,36,85,69,69,69,65,65,43,43,34,34,34,34,35,35],"items_purged":[],"gold":118,"play_id":"df2e7ebc-ffe9-444f-88ad-bd2f0f2bef7c","is_prod":false,"is_daily":false,"is_ascension_mode":false,"campfire_upgraded":4,"path_taken":["M","?","M","M","M","E","R","?","T","?","?","E","?","M","R","BOSS","M","?","?","M","?","E","R","E","T","?","R","?","?","M"],"build_version":"2018-01-25-PROD3","purchased_purges":0,"victory":false,"master_deck":["Strike_R+1","Strike_R+1","Strike_R+1","Defend_R+1","Defend_R+1","Bash+1","Inflame","Spot Weakness","Anger","Heavy Blade","Uppercut+1","Demon Form+1","Headbutt","Shrug It Off+1","Armaments+1","Berserk","Fire Breathing+1","Twin Strike+1","Battle Trance+1","Clash","Enlightenment","Metallicize","Rampage","Reaper","Clothesline+1","Seeing Red+1","Headbutt","Inflame+1","Shockwave","Flex"],"max_hp_per_floor":[80,80,80,80,80,80,80,80,80,80,80,80,85,85,85,85,85,85,85,85,85,85,85,85,85,85,85,85,85,85],"relics":["Burning Blood","Mercury Hourglass","Tiny Chest","Matryoshka","Ancient Tea Set","Astrolabe","Prayer Wheel","Ice Cream","Torii","Vajra","Toxic Egg","Sundial"],"card_choices":[{"not_picked":["Sword Boomerang","Warcry"],"picked":"Inflame"},{"not_picked":["Warcry","Pommel Strike"],"picked":"Anger"},{"not_picked":["Cleave","Sword Boomerang"],"picked":"Heavy Blade"},{"not_picked":["Armaments","Headbutt"],"picked":"Uppercut"},{"not_picked":["Second Wind","Heavy Blade"],"picked":"Demon Form"},{"not_picked":["Thunderclap","Disarm"],"picked":"Headbutt"},{"not_picked":["Headbutt","True Grit"],"picked":"Shrug It Off"},{"not_picked":["Shrug It Off","Spot Weakness"],"picked":"Armaments"},{"not_picked":["Dark Embrace","Bludgeon"],"picked":"Berserk"},{"not_picked":["Headbutt","Searing Blow"],"picked":"Clash"},{"not_picked":["Heavy Blade","Thunderclap"],"picked":"Clothesline"},{"not_picked":["Dual Wield","Thunderclap"],"picked":"Seeing Red"},{"not_picked":["True Grit","Pommel Strike"],"picked":"Headbutt"},{"not_picked":["Intimidate","Rupture"],"picked":"Inflame"},{"not_picked":["Feel No Pain","Body Slam"],"picked":"Shockwave"}],"player_experience":40546,"potions_floor_usage":[16,23,23],"damage_taken":[{"damage":6,"enemies":"Cultist","floor":1,"turns":3},{"damage":6,"enemies":"Jaw Worm","floor":3,"turns":3},{"damage":19,"enemies":"Blue Slaver","floor":4,"turns":3},{"damage":24,"enemies":"Lots of Slimes","floor":5,"turns":4},{"damage":22,"enemies":"Gremlin Nob","floor":6,"turns":4},{"damage":3,"enemies":"Exordium Thugs","floor":8,"turns":4},{"damage":8,"enemies":"Lagavulin","floor":12,"turns":5},{"damage":11,"enemies":"3 Louse","floor":14,"turns":2},{"damage":4,"enemies":"Slime Boss","floor":16,"turns":5},{"damage":22,"enemies":"2 Thieves","floor":18,"turns":4},{"damage":10,"enemies":"Chosen","floor":21,"turns":3},{"damage":28,"enemies":"Book of Stabbing","floor":23,"turns":5},{"damage":15,"enemies":"Gremlin Leader","floor":25,"turns":4},{"damage":5,"enemies":"Snake Plant","floor":29,"turns":3},{"damage":41,"enemies":"Snecko","floor":31,"turns":4}],"event_choices":[{"event_name":"Living Wall","player_choice":"Change","floor":2,"damage_taken":0},{"event_name":"Liars Game","player_choice":"disagreed","floor":11,"damage_taken":0},{"event_name":"Big Fish","player_choice":"Donut","floor":13,"damage_taken":0},{"event_name":"Drug Dealer","player_choice":"Ignored","floor":22,"damage_taken":0},{"event_name":"Back to Basics","player_choice":"Simplicity","floor":27,"damage_taken":0},{"event_name":"The Library","player_choice":"Read","floor":30,"damage_taken":0}],"boss_relics":[{"not_picked":["Runic Pyramid","Runic Cube"],"picked":"Astrolabe"}],"potions_floor_spawned":[1,4,12,14,16,29],"seed_played":"3685373450662804129","killed_by":"Snecko","ascension_level":0,"is_trial":false}