{"gold_per_floor":[118,393,405,405,480,480,510,526,526,556,556,585,600,615,615,686,686,697,715,730,323,323],"floor_reached":22,"playtime":678,"items_purged":["Strike_R"],"score":512,"play_id":"8674f73e-11ff-4ccb-b29c-f8e40ccf44ed","local_time":"20190424142053","is_ascension_mode":true,"campfire_choices":[{"data":"Bash","floor":6,"key":"SMITH"},{"data":"Flame Barrier","floor":11,"key":"SMITH"},{"data":"Twin Strike","floor":15,"key":"SMITH"}],"neow_cost":"NONE","seed_source_timestamp":181693969158600,"circlet_count":0,"master_deck":["AscendersBane","Strike_R","Strike_R","Strike_R","Strike_R","Defend_R","Defend_R","Defend_R","Defend_R","Bash+1","Spot Weakness","Battle Trance","Flame Barrier+1","Twin Strike+1","Feel No Pain","Ghostly Armor","Seeing Red","Juggernaut","Seeing Red","Whirlwind","Second Wind","Infernal Blade","Feed","Shrug It Off"],"relics":["Burning Blood","NeowsBlessing","Self Forming Clay","Omamori","Art of War","Champion Belt","Orrery","Membership Card","Blood Vial"],"potions_floor_usage":[10,12,16,18,20,20,22],"damage_taken":[{"damage":0,"enemies":"2 Louse","floor":1,"turns":1},{"damage":0,"enemies":"Cultist","floor":3,"turns":1},{"damage":0,"enemies":"Lagavulin","floor":7,"turns":1},{"damage":8,"enemies":"Small Slimes","floor":8,"turns":5},{"damage":0,"enemies":"Gremlin Nob","floor":10,"turns":3},{"damage":29,"enemies":"3 Sentries","floor":12,"turns":9},{"damage":2,"enemies":"3 Louse","floor":13,"turns":4},{"damage":3,"enemies":"Blue Slaver","floor":14,"turns":4},{"damage":65,"enemies":"Slime Boss","floor":16,"turns":11},{"damage":20,"enemies":"2 Thieves","floor":18,"turns":5},{"damage":22,"enemies":"Chosen","floor":19,"turns":5},{"damage":20,"enemies":"Snake Plant","floor":20,"turns":4},{"damage":24,"enemies":"Cultist and Chosen","floor":22,"turns":3}],"seed_played":"-6415487862649452155","potions_obtained":[{"floor":7,"key":"SteroidPotion"},{"floor":10,"key":"Regen Potion"},{"floor":14,"key":"Energy Potion"},{"floor":16,"key":"PowerPotion"},{"floor":18,"key":"Energy Potion"},{"floor":19,"key":"LiquidBronze"}],"is_trial":false,"path_per_floor":["M","?","M","?","?","R","E","M","T","E","R","E","M","M","R","B",null,"M","M","M","$","M"],"character_chosen":"IRONCLAD","items_purchased":["Membership Card","Blood Vial","Shrug It Off","GamblersBrew"],"campfire_rested":0,"item_purchase_floors":[21,21,21,21],"current_hp_per_floor":[74,74,75,68,57,57,63,61,61,67,67,59,63,66,66,7,58,44,28,14,14,0],"gold":323,"neow_bonus":"THREE_ENEMY_KILL","is_prod":false,"is_daily":false,"chose_seed":false,"campfire_upgraded":3,"win_rate":0,"timestamp":1556083253,"path_taken":["M","?","?","?","?","R","E","M","T","E","R","E","M","M","R","BOSS","M","M","M","$","M"],"build_version":"2019-01-23","purchased_purges":1,"victory":false,"max_hp_per_floor":[75,75,75,75,75,75,75,75,75,75,75,75,75,75,75,75,75,75,75,75,75,75],"card_choices":[{"not_picked":["Anger","Dual Wield"],"picked":"Spot Weakness","floor":1},{"not_picked":["Flex","Entrench"],"picked":"Battle Trance","floor":3},{"not_picked":["Rupture","Havoc"],"picked":"Flame Barrier","floor":7},{"not_picked":["Power Through","Clash"],"picked":"Twin Strike","floor":8},{"not_picked":["Iron Wave","Anger","Pommel Strike"],"picked":"SKIP","floor":10},{"not_picked":["Rage","Power Through"],"picked":"Feel No Pain","floor":12},{"not_picked":["Twin Strike","Iron Wave"],"picked":"Ghostly Armor","floor":13},{"not_picked":["Body Slam","Clothesline"],"picked":"Seeing Red","floor":14},{"not_picked":["Reaper","Berserk"],"picked":"Juggernaut","floor":16},{"not_picked":["Intimidate","Iron Wave"],"picked":"Seeing Red","floor":17},{"not_picked":["Burning Pact","Headbutt"],"picked":"Whirlwind","floor":17},{"not_picked":["Battle Trance","Entrench"],"picked":"Second Wind","floor":17},{"not_picked":["Anger","Clothesline"],"picked":"Infernal Blade","floor":18},{"not_picked":["Dropkick","Heavy Blade","Searing Blow"],"picked":"SKIP","floor":19},{"not_picked":["Flex","Uppercut"],"picked":"Feed","floor":20}],"player_experience":3337794,"relics_obtained":[{"floor":7,"key":"Self Forming Clay"},{"floor":9,"key":"Omamori"},{"floor":10,"key":"Art of War"},{"floor":12,"key":"Champion Belt"}],"event_choices":[{"damage_healed":0,"gold_gain":275,"player_choice":"Desecrate","damage_taken":0,"max_hp_gain":0,"max_hp_loss":0,"event_name":"Golden Shrine","floor":2,"gold_loss":0,"cards_obtained":["Regret"]},{"cards_removed":["Regret"],"damage_healed":0,"gold_gain":0,"player_choice":"Card Removal","damage_taken":7,"max_hp_gain":0,"max_hp_loss":0,"event_name":"Golden Wing","floor":4,"gold_loss":0},{"damage_healed":0,"gold_gain":75,"player_choice":"Gather Gold","damage_taken":11,"max_hp_gain":0,"max_hp_loss":0,"event_name":"World of Goop","floor":5,"gold_loss":0}],"is_beta":false,"boss_relics":[{"not_picked":["Tiny House","Lizard Tail"],"picked":"Orrery"}],"items_purged_floors":[21],"is_endless":false,"potions_floor_spawned":[7,10,14,16,18,19],"killed_by":"Cultist and Chosen","ascension_level":20}