{"gold_per_floor":[359,187,187,187,262,295,311,311,337,337,362,379,379,410,410,484,484,496,546,118,118,118,95,95,126,153,164,164,191,202,117,117,195,195,209,256,274,293,310,310,343,343,394,694,705,739,759,789,789,789,789,789,789,3,30,30],"floor_reached":57,"playtime":3080,"items_purged":["Echo Form"],"score":3717,"play_id":"f934e2fc-5709-4fca-9a11-33b33770b86b","local_time":"20190408031543","is_ascension_mode":true,"campfire_choices":[{"data":"Sunder","floor":13.0,"key":"SMITH"},{"data":"Defragment","floor":15.0,"key":"SMITH"},{"floor":24.0,"key":"REST"},{"data":"Defragment","floor":28.0,"key":"SMITH"},{"data":"Loop","floor":32.0,"key":"SMITH"},{"data":"Heatsinks","floor":40.0,"key":"SMITH"},{"floor":42.0,"key":"RECALL"},{"data":"Blizzard","floor":49.0,"key":"SMITH"},{"data":"Defragment","floor":53.0,"key":"SMITH"}],"neow_cost":"TEN_PERCENT_HP_LOSS","seed_source_timestamp":0,"circlet_count":0,"master_deck":["Conserve Battery","Cold Snap+1","Cold Snap+1","Self Repair","Sunder+1","Fission","Defragment+1","Buffer+1","Loop+1","Capacitor","Coolheaded","Defragment+1","Glacier","Defragment+1","Blizzard+1","Coolheaded","Biased Cognition","Heatsinks+1","Echo Form","Blizzard+1","Blizzard"],"special_seed":0,"relics":["Cracked Core","Regal Pillow","Whetstone","Bag of Preparation","Pantograph","Orichalcum","Inserter","Centennial Puzzle","Meat on the Bone","Dodecahedron","Mummified Hand","Ancient Tea Set","Singing Bowl","Cables","Runic Dome","Dead Branch","Bottled Tornado","Happy Flower","Omamori","Bronze Scales","Pen Nib","Frozen Eye","DataDisk"],"potions_floor_usage":[56,56],"damage_taken":[{"damage":3.0,"enemies":"Cultist","floor":1.0,"turns":3.0},{"damage":0.0,"enemies":"3 Sentries","floor":6.0,"turns":17.0},{"damage":0.0,"enemies":"2 Louse","floor":7.0,"turns":4.0},{"damage":0.0,"enemies":"Gremlin Nob","floor":11.0,"turns":8.0},{"damage":0.0,"enemies":"Small Slimes","floor":12.0,"turns":5.0},{"damage":0.0,"enemies":"Lagavulin","floor":14.0,"turns":6.0},{"damage":0.0,"enemies":"Slime Boss","floor":16.0,"turns":9.0},{"damage":8.0,"enemies":"3 Byrds","floor":18.0,"turns":8.0},{"damage":16.0,"enemies":"2 Thieves","floor":23.0,"turns":4.0},{"damage":0.0,"enemies":"Gremlin Leader","floor":25.0,"turns":9.0},{"damage":0.0,"enemies":"Snake Plant","floor":27.0,"turns":4.0},{"damage":0.0,"enemies":"Book of Stabbing","floor":29.0,"turns":4.0},{"damage":0.0,"enemies":"Chosen and Byrds","floor":30.0,"turns":6.0},{"damage":0.0,"enemies":"Champ","floor":33.0,"turns":10.0},{"damage":0.0,"enemies":"3 Shapes","floor":35.0,"turns":4.0},{"damage":0.0,"enemies":"2 Orb Walkers","floor":36.0,"turns":3.0},{"damage":0.0,"enemies":"Orb Walker","floor":37.0,"turns":2.0},{"damage":3.0,"enemies":"4 Shapes","floor":38.0,"turns":4.0},{"damage":0.0,"enemies":"Jaw Worm Horde","floor":39.0,"turns":3.0},{"damage":0.0,"enemies":"Nemesis","floor":41.0,"turns":5.0},{"damage":0.0,"enemies":"3 Darklings","floor":45.0,"turns":2.0},{"damage":0.0,"enemies":"Reptomancer","floor":46.0,"turns":4.0},{"damage":0.0,"enemies":"Writhing Mass","floor":47.0,"turns":4.0},{"damage":0.0,"enemies":"Nemesis","floor":48.0,"turns":5.0},{"damage":0.0,"enemies":"Time Eater","floor":50.0,"turns":10.0},{"damage":0.0,"enemies":"Donu and Deca","floor":51.0,"turns":5.0},{"damage":0.0,"enemies":"Shield and Spear","floor":55.0,"turns":3.0},{"damage":24,"enemies":"The Heart","floor":56,"turns":9}],"seed_played":"7556990195877914450","potions_obtained":[{"floor":6.0,"key":"Dexterity Potion"},{"floor":12.0,"key":"Fire Potion"},{"floor":38.0,"key":"Fruit Juice"},{"floor":39.0,"key":"FearPotion"},{"floor":46.0,"key":"FocusPotion"}],"is_trial":false,"path_per_floor":["M","$","?","?","?","E","M","?","T","$","E","M","R","E","R","B",null,"M","?","$","T","$","M","R","E","T","M","R","E","M","?","R","B",null,"M","?","M","M","M","R","E","R","T","?","M","E","M","E","R","B","B",null,"R","$","E","B",null],"character_chosen":"DEFECT","items_purchased":["Defragment","Glacier","Centennial Puzzle","Meat on the Bone","Bronze Scales","Blizzard","Ancient Potion","Pen Nib","Frozen Eye"],"campfire_rested":1,"item_purchase_floors":[2,2,20,20,54,54,54,54,54],"current_hp_per_floor":[64,64,53,53,42,49,56,56,56,56,63,64,64,64,64,64,64,64,58,58,58,58,56,64,64,64,64,64,66,68,68,68,68,68,70,70,72,79,81,81,83,83,83,83,85,87,89,91,91,91,91,91,91,91,93,76],"gold":30,"neow_bonus":"TWO_FIFTY_GOLD","is_prod":false,"is_daily":false,"chose_seed":false,"campfire_upgraded":7,"win_rate":0,"timestamp":1554660943,"path_taken":["M","?","?","?","?","E","M","?","T","$","E","M","R","E","R","BOSS","M","?","$","?","?","M","R","E","T","M","R","E","?","?","R","BOSS","M","?","M","M","M","R","E","R","T","?","M","E","M","E","R","BOSS","BOSS","R","$","E","BOSS"],"build_version":"2019-01-23","purchased_purges":1,"victory":true,"max_hp_per_floor":[64,64,64,64,64,64,64,64,64,64,64,64,64,64,64,64,64,64,64,64,64,64,64,64,64,64,64,64,66,68,68,68,68,68,70,70,72,79,81,81,83,83,83,83,85,87,89,91,91,91,91,91,91,91,93,93],"card_choices":[{"not_picked":["Steam","Compile Driver"],"picked":"Coolheaded","floor":1.0},{"not_picked":["Stack","Storm"],"picked":"Defragment","floor":6.0},{"not_picked":["Ball Lightning","Hologram","Steam"],"picked":"SKIP","floor":7.0},{"not_picked":["Storm","Sweeping Beam"],"picked":"Echo Form","floor":11.0},{"not_picked":["Skim","Barrage"],"picked":"Blizzard","floor":12.0},{"not_picked":["Gash","Tempest"],"picked":"Coolheaded","floor":14.0},{"not_picked":["Machine Learning","Thunder Strike"],"picked":"Biased Cognition","floor":16.0},{"not_picked":["Redo","Ball Lightning","Sweeping Beam"],"picked":"SKIP","floor":18.0},{"not_picked":["Darkness","Streamline","Sunder"],"picked":"SKIP","floor":23.0},{"not_picked":["Rebound","Beam Cell","Chaos+1"],"picked":"SKIP","floor":25.0},{"not_picked":["Leap","Ball Lightning"],"picked":"Heatsinks","floor":27.0},{"not_picked":["Ball Lightning+1","Hologram","Biased Cognition"],"picked":"Singing Bowl","floor":29.0},{"not_picked":["Stack","Steam","Auto Shields"],"picked":"Singing Bowl","floor":30.0},{"not_picked":["Reboot","Thunder Strike"],"picked":"Echo Form","floor":33.0},{"not_picked":["Steam","FTL","Ball Lightning"],"picked":"Singing Bowl","floor":35.0},{"not_picked":["Ball Lightning","Redo"],"picked":"Blizzard+1","floor":36.0},{"not_picked":["Ball Lightning","Capacitor","Rebound"],"picked":"Singing Bowl","floor":37.0},{"not_picked":["Compile Driver+1","Stack","Self Repair"],"picked":"Singing Bowl","floor":38.0},{"not_picked":["Hologram","Turbo","Double Energy"],"picked":"Singing Bowl","floor":39.0},{"not_picked":["Core Surge","Sunder","Tempest"],"picked":"Singing Bowl","floor":41.0},{"not_picked":["Genetic Algorithm","Sunder","Hologram+1"],"picked":"Singing Bowl","floor":45.0},{"not_picked":["Turbo","Streamline","Cold Snap+1"],"picked":"Singing Bowl","floor":46.0},{"not_picked":["Fission","Self Repair+1","Turbo"],"picked":"Singing Bowl","floor":47.0},{"not_picked":["Melter","Auto Shields+1","Beam Cell"],"picked":"Singing Bowl","floor":48.0},{"not_picked":["Auto Shields+1","Go for the Eyes","FTL"],"picked":"Singing Bowl","floor":55.0}],"player_experience":2967592,"relics_obtained":[{"floor":6.0,"key":"Whetstone"},{"floor":9.0,"key":"Bag of Preparation"},{"floor":11.0,"key":"Pantograph"},{"floor":14.0,"key":"Orichalcum"},{"floor":21.0,"key":"Dodecahedron"},{"floor":25.0,"key":"Mummified Hand"},{"floor":26.0,"key":"Ancient Tea Set"},{"floor":29.0,"key":"Singing Bowl"},{"floor":36.0,"key":"Dead Branch"},{"floor":41.0,"key":"Bottled Tornado"},{"floor":46.0,"key":"Happy Flower"},{"floor":48.0,"key":"Omamori"},{"floor":55.0,"key":"DataDisk"}],"event_choices":[{"damage_healed":0.0,"max_hp_gain":0.0,"max_hp_loss":0.0,"gold_gain":0.0,"event_name":"Scrap Ooze","player_choice":"Success","floor":3.0,"gold_loss":0.0,"damage_taken":11.0,"relics_obtained":["Regal Pillow"]},{"damage_healed":0.0,"max_hp_gain":0.0,"max_hp_loss":0.0,"gold_gain":0.0,"event_name":"Living Wall","player_choice":"Grow","floor":4.0,"gold_loss":0.0,"damage_taken":0.0,"cards_upgraded":["Buffer"]},{"damage_healed":0.0,"max_hp_gain":0.0,"max_hp_loss":0.0,"gold_gain":75.0,"event_name":"World of Goop","player_choice":"Gather Gold","floor":5.0,"gold_loss":0.0,"damage_taken":11.0},{"damage_healed":0.0,"max_hp_gain":0.0,"max_hp_loss":0.0,"gold_gain":0.0,"event_name":"The Cleric","player_choice":"Leave","floor":8.0,"gold_loss":0.0,"damage_taken":0.0},{"damage_healed":0.0,"max_hp_gain":0.0,"max_hp_loss":0.0,"gold_gain":50.0,"event_name":"FaceTrader","player_choice":"Touch","floor":19.0,"gold_loss":0.0,"damage_taken":6.0},{"damage_healed":0.0,"max_hp_gain":0.0,"max_hp_loss":0.0,"gold_gain":0.0,"event_name":"Addict","player_choice":"Obtained Relic","floor":31.0,"gold_loss":85.0,"damage_taken":0.0,"relics_obtained":["Cables"]},{"damage_healed":0.0,"max_hp_gain":0.0,"max_hp_loss":0.0,"gold_gain":0.0,"event_name":"Mysterious Sphere","player_choice":"Fight","floor":36.0,"gold_loss":0.0,"damage_taken":0.0},{"damage_healed":0.0,"max_hp_gain":0.0,"max_hp_loss":0.0,"gold_gain":300.0,"event_name":"Wheel of Change","player_choice":"Gold","floor":44.0,"gold_loss":0.0,"damage_taken":0.0}],"is_beta":false,"boss_relics":[{"not_picked":["Busted Crown","Eternal Feather"],"picked":"Inserter"},{"not_picked":["Fusion Hammer","Nuclear Battery"],"picked":"Runic Dome"}],"items_purged_floors":[54],"is_endless":false,"potions_floor_spawned":[6,12,16,23,25,30,33,36,38,39,46,47,48],"ascension_level":20}