{"gold_per_floor":[116,116,21,21,32,63,63,81,104,122,122,135,155,166,166,262,262,277,291,134,134,147,147,164,176,176,176],"floor_reached":27,"playtime":1095,"items_purged":[],"score":219,"play_id":"52820edc-8a7c-4a4d-9feb-193fa1e4a128","local_time":"20190302130951","is_ascension_mode":false,"campfire_choices":[{"floor":7.0,"key":"REST"},{"data":"Defragment","floor":11.0,"key":"SMITH"},{"data":"Fusion","floor":15.0,"key":"SMITH"},{"floor":23.0,"key":"REST"}],"neow_cost":"NONE","seed_source_timestamp":946963046972543,"circlet_count":0,"master_deck":["Strike_B","Strike_B","Strike_B","Strike_B","Defend_B","Defend_B","Defend_B","Defend_B","Zap","Dualcast","Heatsinks","Self Repair","Ball Lightning","Defragment+1","Conserve Battery","Cold Snap","Ball Lightning","Fusion+1","Steam","Fission","Capacitor+1","Capacitor","Fusion","Storm","Redo"],"special_seed":0,"relics":["Cracked Core"],"potions_floor_usage":[25],"damage_taken":[{"damage":0.0,"enemies":"2 Louse","floor":1.0,"turns":2.0},{"damage":6.0,"enemies":"Cultist","floor":5.0,"turns":3.0},{"damage":28.0,"enemies":"Gremlin Nob","floor":6.0,"turns":4.0},{"damage":8.0,"enemies":"Jaw Worm","floor":8.0,"turns":3.0},{"damage":0.0,"enemies":"Lots of Slimes","floor":10.0,"turns":1.0},{"damage":6.0,"enemies":"Exordium Wildlife","floor":12.0,"turns":4.0},{"damage":10.0,"enemies":"Large Slime","floor":13.0,"turns":4.0},{"damage":2.0,"enemies":"Blue Slaver","floor":14.0,"turns":3.0},{"damage":22.0,"enemies":"Hexaghost","floor":16.0,"turns":7.0},{"damage":23.0,"enemies":"Chosen","floor":18.0,"turns":6.0},{"damage":18.0,"enemies":"2 Thieves","floor":19.0,"turns":4.0},{"damage":38.0,"enemies":"Shelled Parasite and Fungi","floor":22.0,"turns":6.0},{"damage":32.0,"enemies":"Snecko","floor":24.0,"turns":6.0},{"damage":13,"enemies":"Chosen and Byrds","floor":25,"turns":6},{"damage":21,"enemies":"Snake Plant","floor":27,"turns":1}],"seed_played":"8028371658819906218","potions_obtained":[{"floor":0.0,"key":"SpeedPotion"},{"floor":0.0,"key":"Explosive Potion"},{"floor":0.0,"key":"PowerPotion"},{"floor":5.0,"key":"AttackPotion"},{"floor":6.0,"key":"Strength Potion"},{"floor":14.0,"key":"LiquidBronze"},{"floor":16.0,"key":"Fire Potion"},{"floor":18.0,"key":"FocusPotion"},{"floor":24.0,"key":"FairyPotion"}],"is_trial":false,"path_per_floor":["M","?","$","?","M","E","R","M","T","M","R","M","M","M","R","B",null,"M","M","$","?","M","R","M","M","T","M"],"character_chosen":"DEFECT","items_purchased":["Self Repair","Ball Lightning","Block Potion","LiquidBronze","Capacitor"],"campfire_rested":2,"item_purchase_floors":[3,3,20,20,20],"current_hp_per_floor":[75,75,75,75,75,54,75,74,74,74,74,75,72,75,75,67,75,59,48,48,48,17,39,14,8,8,0],"gold":176,"neow_bonus":"THREE_SMALL_POTIONS","is_prod":false,"is_daily":false,"chose_seed":false,"campfire_upgraded":2,"win_rate":0,"timestamp":1551524991,"path_taken":["M","?","$","?","M","E","R","M","T","M","R","M","?","M","R","BOSS","M","M","$","?","M","R","M","M","T","M"],"build_version":"2019-01-23","purchased_purges":0,"victory":false,"max_hp_per_floor":[75,75,75,75,75,75,75,75,75,75,75,75,75,75,75,75,75,75,75,75,75,75,75,75,75,75,75],"card_choices":[{"not_picked":["Streamline","Auto Shields"],"picked":"Heatsinks","floor":1.0},{"not_picked":["Consume","Conserve Battery"],"picked":"Defragment","floor":5.0},{"not_picked":["Blizzard","Consume"],"picked":"Conserve Battery","floor":6.0},{"not_picked":["Aggregate","Gash"],"picked":"Cold Snap","floor":8.0},{"not_picked":["Coolheaded","Meteor Strike"],"picked":"Ball Lightning","floor":10.0},{"not_picked":["Turbo","Go for the Eyes","Blizzard"],"picked":"SKIP","floor":12.0},{"not_picked":["Go for the Eyes","Sweeping Beam"],"picked":"Fusion","floor":13.0},{"not_picked":["FTL","Compile Driver"],"picked":"Steam","floor":14.0},{"not_picked":["Thunder Strike","Rainbow"],"picked":"Fission","floor":16.0},{"not_picked":["Coolheaded","Compile Driver","Sweeping Beam"],"picked":"SKIP","floor":18.0},{"not_picked":["Compile Driver+1","Lockon"],"picked":"Capacitor+1","floor":19.0},{"not_picked":["Stack","Beam Cell+1"],"picked":"Fusion","floor":22.0},{"not_picked":["Lockon+1","Barrage"],"picked":"Storm","floor":24.0},{"not_picked":["Undo","Steam Power"],"picked":"Redo","floor":25}],"player_experience":1016427,"relics_obtained":[],"event_choices":[{"damage_healed":0.0,"max_hp_gain":0.0,"max_hp_loss":0.0,"gold_gain":0.0,"event_name":"Shining Light","player_choice":"Ignored","floor":2.0,"gold_loss":0.0,"damage_taken":0.0},{"damage_healed":0.0,"max_hp_gain":0.0,"max_hp_loss":0.0,"gold_gain":0.0,"event_name":"NoteForYourself","player_choice":"Ignored","floor":4.0,"gold_loss":0.0,"damage_taken":0.0},{"damage_healed":0.0,"max_hp_gain":0.0,"max_hp_loss":0.0,"gold_gain":0.0,"event_name":"Purifier","player_choice":"Ignored","floor":21.0,"gold_loss":0.0,"damage_taken":0.0}],"is_beta":false,"boss_relics":[{"not_picked":["Snecko Eye","Orrery","Coffee Dripper"]}],"items_purged_floors":[],"is_endless":false,"potions_floor_spawned":[5,6,14,16,18,24],"killed_by":"Snake Plant","ascension_level":0}