{"gold_per_floor":[116,191,35,35,52,85,95,95,118,118,118,128,145,161,52,52,155,155,174,449,434,19,19,48,60,72,84,96,121,133,245,257,300,312,422,434,461,473,498,510,744,781,793,221,245,245,260,280,280,280,54,54,54],"floor_reached":54,"playtime":4370,"items_purged":["Regret","Havoc"],"score":862,"play_id":"e9597305-fbbe-45f2-b476-2cac09d47efb","local_time":"20190328002153","is_ascension_mode":true,"campfire_choices":[{"data":"True Grit","floor":11,"key":"SMITH"},{"data":"True Grit","floor":16,"key":"SMITH"},{"floor":25,"key":"REST"},{"data":"The Bomb","floor":30,"key":"SMITH"},{"data":"Feel No Pain","floor":34,"key":"SMITH"},{"data":"Feel No Pain","floor":43,"key":"SMITH"},{"data":"Feel No Pain","floor":50,"key":"SMITH"},{"data":"Disarm","floor":52,"key":"SMITH"}],"neow_cost":"NONE","seed_source_timestamp":74805002183600,"circlet_count":0,"master_deck":["Spot Weakness","Perfected Strike","True Grit+1","True Grit+1","Shrug It Off","Disarm+1","Impervious","Feel No Pain+1","Feel No Pain+1","Entrench","Warcry","Headbutt","Spot Weakness","Feel No Pain+1","Exhume","Havoc","The Bomb+1","Ghostly Armor+1","Corruption","Flex","Ghostly","Ghostly","Ghostly","Ghostly","Ghostly","Corruption+1","Corruption","Limit Break","Metamorphosis","Clash+1","Rupture+1","Shrug It Off","Master of Strategy"],"relics":["Lizard Tail","Dream Catcher","CultistMask","Blood Vial","Strawberry","Runic Pyramid","Omamori","MawBank","Vajra","Gambling Chip","Self Forming Clay","Red Mask","Velvet Choker","Orichalcum","Membership Card","Gremlin Horn","Happy Flower","Art of War"],"potions_floor_usage":[6,17,21,21,42,42,42,53,53,53],"damage_taken":[{"damage":0,"enemies":"Small Slimes","floor":1,"turns":7},{"damage":6,"enemies":"Jaw Worm","floor":5,"turns":9},{"damage":28,"enemies":"3 Sentries","floor":6,"turns":19},{"damage":3,"enemies":"Cultist","floor":7,"turns":6},{"damage":7,"enemies":"3 Louse","floor":12,"turns":6},{"damage":8,"enemies":"Red Slaver","floor":13,"turns":5},{"damage":11,"enemies":"Lots of Slimes","floor":14,"turns":6},{"damage":46,"enemies":"Slime Boss","floor":17,"turns":18},{"damage":14,"enemies":"Shell Parasite","floor":19,"turns":7},{"damage":16,"enemies":"2 Thieves","floor":21,"turns":5},{"damage":51,"enemies":"Gremlin Leader","floor":24,"turns":8},{"damage":0,"enemies":"3 Cultists","floor":29,"turns":4},{"damage":11,"enemies":"Colosseum Slavers","floor":31,"turns":5},{"damage":2,"enemies":"Colosseum Nobs","floor":31,"turns":5},{"damage":6,"enemies":"Masked Bandits","floor":33,"turns":7},{"damage":4,"enemies":"Collector","floor":35,"turns":11},{"damage":0,"enemies":"3 Shapes","floor":37,"turns":4},{"damage":0,"enemies":"Orb Walker","floor":39,"turns":6},{"damage":74,"enemies":"Giant Head","floor":42,"turns":12},{"damage":3,"enemies":"Writhing Mass","floor":47,"turns":7},{"damage":8,"enemies":"3 Darklings","floor":48,"turns":6},{"damage":4,"enemies":"Awakened One","floor":53,"turns":12}],"seed_played":"-6220122388772550392","potions_obtained":[{"floor":1,"key":"Regen Potion"},{"floor":5,"key":"EssenceOfSteel"},{"floor":6,"key":"FearPotion"},{"floor":12,"key":"Poison Potion"},{"floor":19,"key":"Energy Potion"},{"floor":24,"key":"AttackPotion"},{"floor":31,"key":"EssenceOfSteel"},{"floor":47,"key":"PowerPotion"},{"floor":48,"key":"PowerPotion"}],"is_trial":false,"path_per_floor":["M","?","$","?","M","E","M","?","T","T","R","M","M","M","$","R","B",null,"M","?","M","$","?","E","R","$","T","T","M","R","?","?","?","R","B",null,"M","?","M","?","?","E","R","$","T","T","M","M","?","R","$","R","B",null],"character_chosen":"IRONCLAD","items_purchased":["Dream Catcher","Spot Weakness","Feel No Pain","Omamori","The Bomb","Membership Card","Gremlin Horn","Limit Break","Metamorphosis","SpeedPotion","Shrug It Off","Art of War","PowerPotion","Master of Strategy"],"campfire_rested":1,"item_purchase_floors":[3,15,15,22,22,44,44,44,44,44,51,51,51,51],"current_hp_per_floor":[80,69,69,69,63,50,49,90,97,97,97,90,84,75,75,75,31,97,83,83,69,69,69,20,49,49,49,49,51,51,42,42,38,38,36,48,48,48,48,48,48,24,24,24,24,24,23,17,42,42,42,42,38],"gold":54,"neow_bonus":"BOSS_RELIC","is_prod":false,"is_daily":false,"chose_seed":false,"campfire_upgraded":7,"win_rate":0,"timestamp":1553700113,"path_taken":["M","?","$","?","M","E","?","?","T","R","M","?","M","$","R","BOSS","M","?","?","$","?","E","R","$","T","M","R","?","?","?","R","BOSS","M","?","?","?","?","E","R","?","T","?","M","?","R","$","R","BOSS"],"build_version":"2019-01-23","purchased_purges":2,"victory":true,"max_hp_per_floor":[80,80,80,80,80,80,80,90,97,97,97,97,97,97,97,97,97,97,97,97,97,97,97,97,97,97,97,97,97,97,97,48,48,48,48,48,48,48,48,48,48,48,48,48,48,48,48,48,42,42,42,42,42],"card_choices":[{"not_picked":["Iron Wave","Blood for Blood"],"picked":"Entrench","floor":1},{"not_picked":["Rupture","Armaments"],"picked":"Berserk","floor":6},{"not_picked":["Twin Strike","Pommel Strike"],"picked":"Warcry","floor":7},{"not_picked":["Flex","Shockwave"],"picked":"Headbutt","floor":12},{"not_picked":["Demon Form","Bludgeon"],"picked":"Exhume","floor":17},{"not_picked":["True Grit","Body Slam+1"],"picked":"Havoc","floor":21},{"not_picked":["Heavy Blade","Bloodletting"],"picked":"Ghostly Armor+1","floor":24},{"not_picked":["Iron Wave","Carnage"],"picked":"Corruption","floor":25},{"not_picked":["Whirlwind","Armaments"],"picked":"Perfected Strike","floor":29},{"not_picked":["Body Slam","Seeing Red"],"picked":"Flex","floor":31},{"not_picked":["Battle Trance","Rampage"],"picked":"Corruption+1","floor":33},{"not_picked":["Power Through","Anger+1"],"picked":"Corruption","floor":42},{"not_picked":["Disarm","Hemokinesis+1"],"picked":"Clash+1","floor":47},{"not_picked":["Intimidate+1","Barricade"],"picked":"Rupture+1","floor":48}],"player_experience":2655203,"relics_obtained":[{"floor":6,"key":"Blood Vial"},{"floor":9,"key":"Strawberry"},{"floor":24,"key":"MawBank"},{"floor":27,"key":"Vajra"},{"floor":31,"key":"Gambling Chip"},{"floor":31,"key":"Self Forming Clay"},{"floor":33,"key":"Red Mask"},{"floor":42,"key":"Orichalcum"},{"floor":45,"key":"Happy Flower"}],"event_choices":[{"damage_healed":0,"gold_gain":75,"player_choice":"Gather Gold","damage_taken":11,"max_hp_gain":0,"max_hp_loss":0,"event_name":"World of Goop","floor":2,"gold_loss":0},{"damage_healed":0,"gold_gain":0,"player_choice":"Trade","damage_taken":0,"relics_obtained":["CultistMask"],"max_hp_gain":0,"max_hp_loss":0,"event_name":"FaceTrader","floor":4,"gold_loss":0},{"cards_removed":["Berserk"],"damage_healed":31,"gold_gain":0,"player_choice":"Offered Rare","damage_taken":0,"max_hp_gain":10,"max_hp_loss":0,"event_name":"Bonfire Elementals","floor":8,"gold_loss":0},{"damage_healed":0,"gold_gain":275,"player_choice":"Desecrate","damage_taken":0,"max_hp_gain":0,"max_hp_loss":0,"event_name":"Golden Shrine","floor":20,"gold_loss":0,"cards_obtained":["Regret"]},{"damage_healed":0,"gold_gain":0,"player_choice":"Ignored","damage_taken":0,"max_hp_gain":0,"max_hp_loss":0,"event_name":"Beggar","floor":23,"gold_loss":0},{"damage_healed":0,"gold_gain":0,"player_choice":"Fight","damage_taken":0,"max_hp_gain":0,"max_hp_loss":0,"event_name":"Colosseum","floor":31,"gold_loss":0},{"damage_healed":0,"gold_gain":0,"player_choice":"Fought Nobs","damage_taken":0,"max_hp_gain":0,"max_hp_loss":0,"event_name":"Colosseum","floor":31,"gold_loss":0},{"damage_healed":0,"gold_gain":0,"player_choice":"Became a Ghost","damage_taken":0,"max_hp_gain":0,"max_hp_loss":49,"event_name":"Ghosts","floor":32,"gold_loss":0,"cards_obtained":["Ghostly","Ghostly","Ghostly","Ghostly","Ghostly"]},{"damage_healed":0,"gold_gain":0,"player_choice":"Fought Bandits","damage_taken":0,"max_hp_gain":0,"max_hp_loss":0,"event_name":"Masked Bandits","floor":33,"gold_loss":0},{"cards_removed":["Perfected Strike"],"damage_healed":0,"gold_gain":0,"player_choice":"Purged","damage_taken":0,"max_hp_gain":0,"max_hp_loss":0,"event_name":"Purifier","floor":38,"gold_loss":0},{"damage_healed":0,"gold_gain":0,"player_choice":"Ignored","damage_taken":0,"max_hp_gain":0,"max_hp_loss":0,"event_name":"Mysterious Sphere","floor":40,"gold_loss":0},{"damage_healed":0,"gold_gain":222,"player_choice":"Wore Mask","damage_taken":0,"max_hp_gain":0,"max_hp_loss":0,"event_name":"Tomb of Lord Red Mask","floor":41,"gold_loss":0},{"damage_healed":42,"gold_gain":0,"player_choice":"Heal","damage_taken":0,"max_hp_gain":0,"max_hp_loss":6,"event_name":"The Moai Head","floor":49,"gold_loss":0}],"is_beta":false,"boss_relics":[{"not_picked":["Runic Cube","Pandora\u0027s Box"],"picked":"Runic Pyramid"},{"not_picked":["Tiny House","Sozu"],"picked":"Velvet Choker"}],"items_purged_floors":[22,44],"is_endless":false,"potions_floor_spawned":[1,5,6,12,19,24,31,33,47,48],"ascension_level":4}