{"gold_per_floor":[119,119,134,134,145,171,191,191,191,217,217],"floor_reached":11,"playtime":206,"items_purged":[],"score":146,"play_id":"260fb3f4-7159-45a1-90ba-e047b5d53e7a","local_time":"20190309233310","is_ascension_mode":true,"campfire_choices":[{"data":"Fiend Fire","floor":8,"key":"SMITH"}],"neow_cost":"NONE","seed_source_timestamp":48136744020600,"circlet_count":0,"master_deck":["AscendersBane","Strike_R","Strike_R","Strike_R","Strike_R","Defend_R","Defend_R","Defend_R","Defend_R","Bash","Feel No Pain","Disarm","Fiend Fire+1"],"relics":["Burning Blood","NeowsBlessing","Potion Belt","Pocketwatch","Matryoshka","Odd Mushroom"],"potions_floor_usage":[],"damage_taken":[{"damage":0,"enemies":"2 Louse","floor":1,"turns":1},{"damage":0,"enemies":"Jaw Worm","floor":3,"turns":1},{"damage":0,"enemies":"Cultist","floor":5,"turns":1},{"damage":45,"enemies":"Gremlin Nob","floor":6,"turns":5},{"damage":10,"enemies":"3 Louse","floor":7,"turns":5},{"damage":26,"enemies":"The Mushroom Lair","floor":10,"turns":5},{"damage":0,"enemies":"3 Sentries","floor":11,"turns":2}],"seed_played":"5160518859073863227","potions_obtained":[{"floor":5,"key":"EssenceOfSteel"},{"floor":6,"key":"Swift Potion"}],"is_trial":false,"path_per_floor":["M","?","M","?","M","E","M","R","T","?","E"],"character_chosen":"IRONCLAD","items_purchased":[],"campfire_rested":0,"item_purchase_floors":[],"current_hp_per_floor":[74,69,75,75,75,36,32,32,32,12,12],"gold":217,"neow_bonus":"THREE_ENEMY_KILL","is_prod":false,"is_daily":false,"chose_seed":false,"campfire_upgraded":1,"win_rate":0,"timestamp":1552141990,"path_taken":["M","?","M","?","?","E","M","R","T","?","E"],"build_version":"2019-01-23","purchased_purges":0,"victory":false,"max_hp_per_floor":[75,75,75,75,75,75,75,75,75,75,75],"card_choices":[{"not_picked":["Clash","Flex"],"picked":"Feel No Pain","floor":1},{"not_picked":["Heavy Blade","Bloodletting","Iron Wave"],"picked":"SKIP","floor":3},{"not_picked":["Flex","Sever Soul"],"picked":"Disarm","floor":5},{"not_picked":["Uppercut","Dark Embrace"],"picked":"Fiend Fire","floor":6},{"not_picked":["Disarm","Corruption","Sword Boomerang"],"picked":"SKIP","floor":7}],"player_experience":2120919,"relics_obtained":[{"floor":6,"key":"Pocketwatch"},{"floor":9,"key":"Matryoshka"},{"floor":10,"key":"Odd Mushroom"}],"event_choices":[{"damage_healed":0,"gold_gain":0,"player_choice":"Success","damage_taken":5,"relics_obtained":["Potion Belt"],"max_hp_gain":0,"max_hp_loss":0,"event_name":"Scrap Ooze","floor":2,"gold_loss":0},{"cards_removed":["Strike_R"],"damage_healed":0,"gold_gain":0,"player_choice":"Offered Basic","damage_taken":0,"max_hp_gain":0,"max_hp_loss":0,"event_name":"Bonfire Elementals","floor":4,"gold_loss":0},{"damage_healed":0,"gold_gain":0,"player_choice":"Fought Mushrooms","damage_taken":0,"max_hp_gain":0,"max_hp_loss":0,"event_name":"Mushrooms","floor":10,"gold_loss":0}],"is_beta":false,"boss_relics":[],"items_purged_floors":[],"is_endless":false,"potions_floor_spawned":[5,6],"killed_by":"3 Sentries","ascension_level":20}