{"gold_per_floor":[116,191,203,203,222,222,247,247,247,277,296,296,296,325,325,325],"floor_reached":16,"playtime":349,"items_purged":[],"score":235,"play_id":"067b9333-dd1a-48dd-98ce-d582ee4bf117","local_time":"20190329130637","is_ascension_mode":true,"campfire_choices":[{"data":"Immolate","floor":6,"key":"SMITH"},{"floor":8,"key":"REST"},{"floor":12,"key":"REST"},{"data":"Flame Barrier","floor":15,"key":"SMITH"}],"neow_cost":"CURSE","seed_source_timestamp":7321449728600,"circlet_count":0,"master_deck":["AscendersBane","Strike_R","Strike_R","Strike_R","Strike_R+1","Strike_R","Defend_R","Defend_R","Defend_R","Defend_R","Bash","Immolate+1","Shrug It Off","Flame Barrier+1","Battle Trance+1"],"relics":["Burning Blood","Spirit Poop","Question Card","Letter Opener","Pantograph","Regal Pillow"],"potions_floor_usage":[7,16],"damage_taken":[{"damage":5,"enemies":"2 Louse","floor":1,"turns":2},{"damage":0,"enemies":"Small Slimes","floor":3,"turns":2},{"damage":7,"enemies":"Cultist","floor":5,"turns":4},{"damage":54,"enemies":"Lagavulin","floor":7,"turns":9},{"damage":28,"enemies":"Gremlin Nob","floor":10,"turns":4},{"damage":0,"enemies":"Looter","floor":11,"turns":3},{"damage":17,"enemies":"3 Sentries","floor":14,"turns":4},{"damage":18,"enemies":"The Guardian","floor":16,"turns":9}],"seed_played":"-4285037886533672187","potions_obtained":[{"floor":5,"key":"Strength Potion"},{"floor":11,"key":"Weak Potion"}],"is_trial":false,"path_per_floor":["M","?","M","?","M","R","E","R","T","E","M","R","?","E","R","B"],"character_chosen":"IRONCLAD","items_purchased":[],"campfire_rested":2,"item_purchase_floors":[],"current_hp_per_floor":[69,58,64,64,63,63,15,37,37,15,21,43,20,9,9,16],"gold":325,"neow_bonus":"THREE_RARE_CARDS","is_prod":false,"is_daily":false,"chose_seed":false,"campfire_upgraded":2,"win_rate":0,"timestamp":1553832397,"path_taken":["M","?","M","?","M","R","E","R","T","E","?","R","?","E","R","BOSS"],"build_version":"2019-01-23","purchased_purges":0,"victory":false,"max_hp_per_floor":[75,75,75,75,75,75,75,75,75,75,75,75,75,75,75,75],"card_choices":[{"not_picked":["Barricade","Impervious"],"picked":"Immolate","floor":0},{"not_picked":["Pommel Strike","Sword Boomerang","Anger"],"picked":"SKIP","floor":1},{"not_picked":["Iron Wave","Anger","Sever Soul"],"picked":"SKIP","floor":3},{"not_picked":["Corruption","Thunderclap"],"picked":"Shrug It Off","floor":5},{"not_picked":["Bludgeon","Anger"],"picked":"Flame Barrier","floor":7},{"not_picked":["Twin Strike","Shockwave","Pommel Strike"],"picked":"Battle Trance","floor":10},{"not_picked":["Rage","Flex","Clash","Wild Strike"],"picked":"SKIP","floor":11},{"not_picked":["Hemokinesis","Double Tap","Clothesline","Cleave"],"picked":"SKIP","floor":14}],"player_experience":2701892,"relics_obtained":[{"floor":7,"key":"Question Card"},{"floor":9,"key":"Letter Opener"},{"floor":10,"key":"Pantograph"},{"floor":14,"key":"Regal Pillow"}],"event_choices":[{"damage_healed":0,"gold_gain":75,"player_choice":"Gather Gold","damage_taken":11,"max_hp_gain":0,"max_hp_loss":0,"event_name":"World of Goop","floor":2,"gold_loss":0},{"cards_removed":["Decay"],"damage_healed":0,"gold_gain":0,"player_choice":"Offered Curse","damage_taken":0,"relics_obtained":["Spirit Poop"],"max_hp_gain":0,"max_hp_loss":0,"event_name":"Bonfire Elementals","floor":4,"gold_loss":0},{"damage_healed":0,"gold_gain":0,"player_choice":"Entered Light","damage_taken":23,"max_hp_gain":0,"max_hp_loss":0,"event_name":"Shining Light","floor":13,"gold_loss":0,"cards_upgraded":["Battle Trance","Strike_R"]}],"is_beta":false,"boss_relics":[],"items_purged_floors":[],"is_endless":false,"potions_floor_spawned":[5,11],"killed_by":"The Guardian","ascension_level":20}