{"gold_per_floor":[117,117,128,139,158,158,173,202,202,229,240,240,309,326,326,427,427,438,454,466,132,132,158,158,185,210,210,228,58,76,94,94,192,192,204,216,231,231,231,231,260,260,286,320,320,345,345,378,378,378,378,378,83,109,109],"floor_reached":55,"playtime":3735,"items_purged":["Strike_B","Defend_B","Defend_B"],"score":1147,"play_id":"3ff776f6-0129-4284-a4ee-5c4d5fc44338","local_time":"20181128174336","is_ascension_mode":true,"campfire_choices":[{"data":"Streamline","floor":6.0,"key":"SMITH"},{"data":"Zap","floor":12.0,"key":"SMITH"},{"data":"Dualcast","floor":15.0,"key":"SMITH"},{"data":"Biased Cognition","floor":24.0,"key":"SMITH"},{"data":"Lockon","floor":27.0,"key":"SMITH"},{"data":"Defragment","floor":32.0,"key":"SMITH"},{"floor":40.0,"key":"RECALL"},{"data":"Tempest","floor":42.0,"key":"SMITH"},{"data":"Reinforced Body","floor":47.0,"key":"SMITH"},{"data":"Meteor Strike","floor":49.0,"key":"SMITH"},{"data":"Seek","floor":52.0,"key":"SMITH"}],"neow_cost":"NONE","seed_source_timestamp":267718867781188,"circlet_count":0,"master_deck":["Strike_B","Strike_B","Strike_B","Defend_B+1","Defend_B+1","Zap+1","Dualcast+1","Conserve Battery","Chill","Echo Form","Streamline+1","Ball Lightning","Ball Lightning","Self Repair+1","Biased Cognition+1","Hologram","Lockon+1","Core Surge","Chill","Reinforced Body+1","Defragment+1","Glacier","Tempest+1","Seek+1","Compile Driver","Dark Shackles","Dark Shackles","Hologram","Capacitor+1","Hologram+1","Meteor Strike+1","Dark Shackles"],"special_seed":0,"relics":["Cracked Core","War Paint","GremlinMask","Bronze Scales","Happy Flower","Orichalcum","Coffee Dripper","ClockworkSouvenir","Bottled Flame","Lantern","Anchor","Black Star","Oddly Smooth Stone","Potion Belt","Vajra","FossilizedHelix","Thread and Needle","Bag of Preparation","Bag of Marbles","Pantograph","The Courier","Gambling Chip","Du-Vu Doll"],"potions_floor_usage":[],"damage_taken":[{"damage":0.0,"enemies":"2 Louse","floor":1.0,"turns":2.0},{"damage":0.0,"enemies":"Cultist","floor":3.0,"turns":3.0},{"damage":0.0,"enemies":"Small Slimes","floor":4.0,"turns":3.0},{"damage":12.0,"enemies":"Exordium Thugs","floor":5.0,"turns":6.0},{"damage":0.0,"enemies":"Exordium Wildlife","floor":7.0,"turns":3.0},{"damage":6.0,"enemies":"3 Sentries","floor":8.0,"turns":7.0},{"damage":22.0,"enemies":"Lagavulin","floor":10.0,"turns":6.0},{"damage":9.0,"enemies":"Red Slaver","floor":11.0,"turns":3.0},{"damage":6.0,"enemies":"Exordium Thugs","floor":14.0,"turns":4.0},{"damage":10.0,"enemies":"The Guardian","floor":16.0,"turns":8.0},{"damage":0.0,"enemies":"Spheric Guardian","floor":18.0,"turns":3.0},{"damage":14.0,"enemies":"Shell Parasite","floor":19.0,"turns":5.0},{"damage":28.0,"enemies":"Snake Plant","floor":20.0,"turns":3.0},{"damage":18.0,"enemies":"Book of Stabbing","floor":23.0,"turns":4.0},{"damage":22.0,"enemies":"Gremlin Leader","floor":25.0,"turns":7.0},{"damage":0.0,"enemies":"Cultist and Chosen","floor":28.0,"turns":4.0},{"damage":0.0,"enemies":"Centurion and Healer","floor":30.0,"turns":6.0},{"damage":0.0,"enemies":"Snake Plant","floor":31.0,"turns":2.0},{"damage":18.0,"enemies":"Champ","floor":33.0,"turns":7.0},{"damage":0.0,"enemies":"Orb Walker","floor":35.0,"turns":3.0},{"damage":9.0,"enemies":"3 Darklings","floor":36.0,"turns":5.0},{"damage":7.0,"enemies":"Transient","floor":37.0,"turns":5.0},{"damage":22.0,"enemies":"Nemesis","floor":41.0,"turns":9.0},{"damage":38.0,"enemies":"Giant Head","floor":44.0,"turns":7.0},{"damage":0.0,"enemies":"Reptomancer","floor":46.0,"turns":5.0},{"damage":0.0,"enemies":"Nemesis","floor":48.0,"turns":7.0},{"damage":19.0,"enemies":"Time Eater","floor":50.0,"turns":9.0},{"damage":0.0,"enemies":"Shield and Spear","floor":54.0,"turns":8.0},{"damage":88,"enemies":"The Heart","floor":55,"turns":8}],"seed_played":"-3476570959099555559","potions_obtained":[{"floor":5.0,"key":"Regen Potion"},{"floor":10.0,"key":"Dexterity Potion"},{"floor":11.0,"key":"Energy Potion"},{"floor":16.0,"key":"GamblersBrew"},{"floor":22.0,"key":"Swift Potion"},{"floor":30.0,"key":"Weak Potion"},{"floor":33.0,"key":"FairyPotion"},{"floor":44.0,"key":"Fire Potion"},{"floor":46.0,"key":"Weak Potion"}],"is_trial":false,"path_per_floor":["M","?","M","M","M","R","M","E","T","E","M","R","T","M","R","B",null,"M","M","M","$","?","E","R","E","T","R","M","$","M","M","R","B",null,"M","M","M","$","?","R","E","R","T","E","?","E","R","E","R","B",null,"R","$","E","B"],"character_chosen":"DEFECT","items_purchased":["ClockworkSouvenir","Core Surge","Defragment","Fire Potion","Weak Potion","Dark Shackles","Fire Potion"],"campfire_rested":0,"item_purchase_floors":[21,21,29,53,53,53,53],"current_hp_per_floor":[75,75,75,75,63,63,63,72,72,50,41,41,41,35,35,32,75,75,75,61,61,61,50,50,42,42,42,42,42,49,49,49,38,75,75,73,73,73,68,68,53,53,53,22,22,22,22,42,42,48,75,75,75,75,0],"gold":109,"neow_bonus":"RANDOM_COMMON_RELIC","is_prod":false,"is_daily":false,"chose_seed":false,"campfire_upgraded":10,"win_rate":0,"timestamp":1543398216,"path_taken":["M","?","M","M","M","R","?","E","T","E","M","R","?","M","R","BOSS","M","?","M","$","?","E","R","E","T","R","M","?","M","M","R","BOSS","M","M","M","$","?","R","E","R","T","E","?","E","R","E","R","BOSS","R","$","E","BOSS"],"build_version":"2018-11-15","purchased_purges":3,"victory":false,"max_hp_per_floor":[75,75,75,75,75,75,75,75,75,75,75,75,75,75,75,75,75,75,75,75,75,75,75,75,75,75,75,75,75,75,75,75,75,75,75,75,75,75,75,75,75,75,75,75,75,75,75,75,75,75,75,75,75,75,75],"card_choices":[{"not_picked":["Steam","Leap"],"picked":"Conserve Battery","floor":1.0},{"not_picked":["Barrage","Stack"],"picked":"Chill","floor":3.0},{"not_picked":["Barrage","Turbo"],"picked":"Echo Form","floor":4.0},{"not_picked":["Turbo","Lockon"],"picked":"Streamline","floor":5.0},{"not_picked":["Beam Cell","Sweeping Beam","Blizzard"],"picked":"SKIP","floor":7.0},{"not_picked":["Steam","Cold Snap"],"picked":"Ball Lightning","floor":8.0},{"not_picked":["Scrape","Steam Power"],"picked":"Ball Lightning","floor":10.0},{"not_picked":["Consume","All For One","Streamline"],"picked":"SKIP","floor":11.0},{"not_picked":["Tempest","Leap"],"picked":"Self Repair","floor":14.0},{"not_picked":["All For One","Rainbow"],"picked":"Biased Cognition","floor":16.0},{"not_picked":["Cold Snap","Steam"],"picked":"Hologram","floor":18.0},{"not_picked":["Force Field","Aggregate"],"picked":"Lockon","floor":19.0},{"not_picked":["Heatsinks","Barrage+1","Conserve Battery"],"picked":"SKIP","floor":20.0},{"not_picked":["Leap","Steam"],"picked":"Chill","floor":23.0},{"not_picked":["Conserve Battery","Leap","Compile Driver"],"picked":"SKIP","floor":25.0},{"not_picked":["Cold Snap","Double Energy"],"picked":"Reinforced Body","floor":28.0},{"not_picked":["Hologram","Beam Cell"],"picked":"Glacier","floor":30.0},{"not_picked":["Amplify","Compile Driver"],"picked":"Tempest","floor":31.0},{"not_picked":["Biased Cognition","Hyperbeam"],"picked":"Seek","floor":33.0},{"not_picked":["Streamline+1","Turbo"],"picked":"Compile Driver","floor":35.0},{"not_picked":["Sunder","Scrape","Ball Lightning"],"picked":"SKIP","floor":36.0},{"not_picked":["Doom and Gloom+1","Conserve Battery+1","Heatsinks"],"picked":"SKIP","floor":37.0},{"not_picked":["Mind Blast","Blind"],"picked":"Dark Shackles","floor":39.0},{"not_picked":["Madness","Purity"],"picked":"Dark Shackles","floor":39.0},{"not_picked":["Echo Form","Barrage+1"],"picked":"Hologram","floor":41.0},{"not_picked":["Melter+1","Ball Lightning+1"],"picked":"Capacitor+1","floor":44.0},{"not_picked":["Sweeping Beam+1","Steam+1"],"picked":"Hologram+1","floor":46.0},{"not_picked":["Hologram+1","Rainbow"],"picked":"Meteor Strike","floor":48.0},{"not_picked":["Reprogram","Stack","Go for the Eyes"],"picked":"SKIP","floor":54.0}],"player_experience":549341,"relics_obtained":[{"floor":8.0,"key":"Bronze Scales"},{"floor":9.0,"key":"Happy Flower"},{"floor":10.0,"key":"Orichalcum"},{"floor":23.0,"key":"Bottled Flame"},{"floor":25.0,"key":"Lantern"},{"floor":26.0,"key":"Anchor"},{"floor":41.0,"key":"Oddly Smooth Stone"},{"floor":41.0,"key":"Potion Belt"},{"floor":43.0,"key":"Vajra"},{"floor":44.0,"key":"FossilizedHelix"},{"floor":44.0,"key":"Thread and Needle"},{"floor":46.0,"key":"Bag of Preparation"},{"floor":46.0,"key":"Bag of Marbles"},{"floor":48.0,"key":"Pantograph"},{"floor":48.0,"key":"The Courier"},{"floor":54.0,"key":"Gambling Chip"},{"floor":54.0,"key":"Du-Vu Doll"}],"event_choices":[{"damage_healed":0.0,"max_hp_gain":0.0,"max_hp_loss":0.0,"gold_gain":0.0,"event_name":"FaceTrader","player_choice":"Trade","floor":2.0,"gold_loss":0.0,"damage_taken":0.0,"relics_obtained":["GremlinMask"]},{"damage_healed":0.0,"max_hp_gain":0.0,"max_hp_loss":0.0,"gold_gain":0.0,"event_name":"Lab","player_choice":"Got Potions","floor":22.0,"gold_loss":0.0,"damage_taken":0.0},{"damage_healed":0.0,"max_hp_gain":0.0,"max_hp_loss":0.0,"gold_gain":0.0,"event_name":"SensoryStone","player_choice":"Memory 2","floor":39.0,"gold_loss":0.0,"damage_taken":5.0},{"damage_healed":0.0,"max_hp_gain":0.0,"max_hp_loss":0.0,"gold_gain":0.0,"event_name":"Accursed Blacksmith","player_choice":"Forge","floor":45.0,"gold_loss":0.0,"damage_taken":0.0,"cards_upgraded":["Self Repair"]}],"is_beta":true,"boss_relics":[{"not_picked":["Fusion Hammer","Runic Pyramid"],"picked":"Coffee Dripper"},{"not_picked":["Calling Bell","White Beast Statue"],"picked":"Black Star"}],"items_purged_floors":[21,29,53],"is_endless":false,"potions_floor_spawned":[5,10,11,16,23,25,30,33,37,44,46],"killed_by":"The Heart","ascension_level":1}