{"gold_per_floor":[116,116,136,150,96,129,141,141,164,184,44,57,57,118,118,191,191,208,223,223,237,20,20,37,37,37,50,50,83,83,83],"floor_reached":31,"playtime":1263,"items_purged":["Strike_B"],"score":514,"play_id":"b432c980-da09-4401-91a7-d603113ad618","local_time":"20190302202315","is_ascension_mode":true,"campfire_choices":[{"data":"Barrage","floor":8,"key":"SMITH"},{"floor":13,"key":"REST"},{"data":"Zap","floor":15,"key":"SMITH"},{"floor":23,"key":"REST"},{"data":"Coolheaded","floor":25,"key":"SMITH"},{"data":"White Noise","floor":28,"key":"SMITH"}],"neow_cost":"PERCENT_DAMAGE","seed_source_timestamp":72199036925200,"circlet_count":0,"master_deck":["AscendersBane","Strike_B","Strike_B","Strike_B","Defend_B","Defend_B","Defend_B","Zap+1","Dualcast","Conserve Battery","White Noise+1","Cold Snap","Barrage+1","Doom and Gloom","FTL","Reboot","Coolheaded+1","Rip and Tear+1"],"relics":["Cracked Core","Incense Burner","Pen Nib","Potion Belt","Smiling Mask","Nuclear Battery","DataDisk","Ornamental Fan","Vajra"],"potions_floor_usage":[6,6,16,16,24,24,31,31,31,31,31],"damage_taken":[{"damage":0,"enemies":"2 Louse","floor":1,"turns":3},{"damage":0,"enemies":"Cultist","floor":3,"turns":4},{"damage":7,"enemies":"Small Slimes","floor":4,"turns":6},{"damage":3,"enemies":"3 Sentries","floor":6,"turns":3},{"damage":13,"enemies":"Exordium Wildlife","floor":7,"turns":4},{"damage":11,"enemies":"Lots of Slimes","floor":10,"turns":5},{"damage":6,"enemies":"Looter","floor":12,"turns":3},{"damage":7,"enemies":"3 Sentries","floor":14,"turns":6},{"damage":18,"enemies":"Hexaghost","floor":16,"turns":8},{"damage":1,"enemies":"2 Thieves","floor":18,"turns":2},{"damage":9,"enemies":"3 Byrds","floor":19,"turns":2},{"damage":26,"enemies":"Shelled Parasite and Fungi","floor":21,"turns":5},{"damage":0,"enemies":"Snecko","floor":24,"turns":4},{"damage":0,"enemies":"Snake Plant","floor":27,"turns":3},{"damage":9,"enemies":"Slavers","floor":29,"turns":3},{"damage":6,"enemies":"Sentry and Sphere","floor":31,"turns":2}],"seed_played":"5650293537789188288","potions_obtained":[{"floor":3,"key":"Explosive Potion"},{"floor":12,"key":"Block Potion"},{"floor":14,"key":"LiquidBronze"},{"floor":16,"key":"PowerPotion"},{"floor":18,"key":"EntropicBrew"},{"floor":24,"key":"Poison Potion"}],"is_trial":false,"path_per_floor":["M","?","M","M","$","E","M","R","T","M","$","M","R","?","R","B",null,"M","M","?","M","$","R","M","R","T","M","R","E","?","M"],"character_chosen":"DEFECT","items_purchased":["AttackPotion","Fire Potion","Doom and Gloom","DataDisk"],"campfire_rested":2,"item_purchase_floors":[5,11,11,22],"current_hp_per_floor":[46,46,46,39,39,36,23,23,23,12,12,6,27,20,20,2,54,53,44,44,18,18,39,39,39,39,39,39,30,10,9],"gold":83,"neow_bonus":"ONE_RARE_RELIC","is_prod":false,"is_daily":false,"chose_seed":false,"campfire_upgraded":4,"win_rate":0,"timestamp":1551525795,"path_taken":["M","?","M","M","?","E","?","R","T","?","?","M","R","?","R","BOSS","M","M","?","M","$","R","M","R","T","?","R","E","?","M"],"build_version":"2019-01-23","purchased_purges":1,"victory":false,"max_hp_per_floor":[71,71,71,71,71,71,71,71,71,71,71,71,71,71,71,71,71,71,71,71,71,71,71,71,71,71,71,71,71,76,76],"card_choices":[{"not_picked":["Go for the Eyes","Compile Driver","Rebound"],"picked":"SKIP","floor":1},{"not_picked":["Hologram","Ball Lightning"],"picked":"Conserve Battery","floor":3},{"not_picked":["Recycle","Coolheaded"],"picked":"White Noise","floor":4},{"not_picked":["Hologram","Compile Driver"],"picked":"Cold Snap","floor":6},{"not_picked":["Meteor Strike","Rebound"],"picked":"Barrage","floor":7},{"not_picked":["Recycle","Turbo","Hologram"],"picked":"SKIP","floor":10},{"not_picked":["Streamline","Rebound"],"picked":"FTL","floor":12},{"not_picked":["All For One","Amplify"],"picked":"Reboot","floor":16},{"not_picked":["Auto Shields","Conserve Battery","Storm"],"picked":"SKIP","floor":18},{"not_picked":["Force Field","Go for the Eyes","Melter"],"picked":"SKIP","floor":19},{"not_picked":["Hello World","Static Discharge+1"],"picked":"Coolheaded","floor":21},{"not_picked":["Heatsinks","Rebound","FTL"],"picked":"SKIP","floor":24},{"not_picked":["Rebound","Steam","Rip and Tear+1"],"picked":"SKIP","floor":27},{"not_picked":["Rebound","Steam"],"picked":"Rip and Tear+1","floor":27},{"not_picked":["Beam Cell","Fusion","Barrage+1"],"picked":"SKIP","floor":29}],"player_experience":1944973,"relics_obtained":[{"floor":6,"key":"Pen Nib"},{"floor":9,"key":"Potion Belt"},{"floor":14,"key":"Smiling Mask"},{"floor":26,"key":"Ornamental Fan"},{"floor":29,"key":"Vajra"}],"event_choices":[{"cards_removed":["Defend_B"],"damage_healed":0,"gold_gain":0,"player_choice":"Offered Basic","damage_taken":0,"max_hp_gain":0,"max_hp_loss":0,"event_name":"Bonfire Elementals","floor":2,"gold_loss":0},{"damage_healed":0,"gold_gain":30,"player_choice":"Searched \u00272\u0027 times","damage_taken":0,"max_hp_gain":0,"max_hp_loss":0,"event_name":"Dead Adventurer","floor":14,"gold_loss":0},{"damage_healed":0,"gold_gain":0,"player_choice":"0 cards matched","damage_taken":0,"max_hp_gain":0,"max_hp_loss":0,"event_name":"Match and Keep!","floor":20,"gold_loss":0,"cards_obtained":[]},{"damage_healed":0,"gold_gain":0,"player_choice":"Shed Blood","damage_taken":25,"max_hp_gain":5,"max_hp_loss":0,"event_name":"Forgotten Altar","floor":30,"gold_loss":0}],"is_beta":false,"boss_relics":[{"not_picked":["Ectoplasm","Runic Pyramid"],"picked":"Nuclear Battery"}],"items_purged_floors":[22],"is_endless":false,"potions_floor_spawned":[3,12,14,16,18,24],"killed_by":"Sentry and Sphere","ascension_level":20}