{"gold_per_floor":[111,127,202,202,202,235,235,255,255,255,255,255,273,308,308,386,386,397,417,436,436,361,361],"floor_reached":23,"playtime":466,"items_purged":[],"score":498,"play_id":"248651f1-5b84-4bcf-8012-1a9bf914fd0c","local_time":"20190310154850","is_ascension_mode":true,"campfire_choices":[{"floor":7,"key":"REST"},{"data":"Biased Cognition","floor":10,"key":"SMITH"},{"data":"Zap","floor":12,"key":"SMITH"},{"data":"Loop","floor":15,"key":"SMITH"}],"neow_cost":"NONE","seed_source_timestamp":106414178498400,"circlet_count":0,"master_deck":["AscendersBane","Strike_B+1","Defend_B","Defend_B","Defend_B","Zap+1","Dualcast","Ball Lightning+1","Gash","Biased Cognition+1","Loop+1","Undo","Multi-Cast","Conserve Battery","Glacier","Loop","Biased Cognition","Buffer"],"relics":["Cracked Core","NeowsBlessing","Torii","Dodecahedron","Strawberry","Velvet Choker"],"potions_floor_usage":[14,18,19,23],"damage_taken":[{"damage":0,"enemies":"Small Slimes","floor":1,"turns":1},{"damage":0,"enemies":"2 Louse","floor":2,"turns":1},{"damage":0,"enemies":"Lagavulin","floor":6,"turns":1},{"damage":0,"enemies":"Cultist","floor":8,"turns":2},{"damage":1,"enemies":"Blue Slaver","floor":13,"turns":2},{"damage":0,"enemies":"Gremlin Nob","floor":14,"turns":2},{"damage":12,"enemies":"The Guardian","floor":16,"turns":8},{"damage":24,"enemies":"Shell Parasite","floor":18,"turns":5},{"damage":31,"enemies":"2 Thieves","floor":19,"turns":4},{"damage":18,"enemies":"Snake Plant","floor":20,"turns":5},{"damage":1,"enemies":"Slavers","floor":23,"turns":2}],"seed_played":"2156946423547912940","potions_obtained":[{"floor":6,"key":"Fire Potion"},{"floor":13,"key":"EssenceOfSteel"},{"floor":16,"key":"SteroidPotion"},{"floor":18,"key":"Regen Potion"},{"floor":20,"key":"Swift Potion"}],"is_trial":false,"path_per_floor":["M","M","?","?","?","E","R","M","T","R","T","R","M","E","R","B",null,"M","M","M","?","?","E"],"character_chosen":"DEFECT","items_purchased":[],"campfire_rested":1,"item_purchase_floors":[],"current_hp_per_floor":[64,64,53,46,25,25,46,46,46,46,46,46,45,52,52,40,69,45,26,8,8,8,7],"gold":361,"neow_bonus":"THREE_ENEMY_KILL","is_prod":false,"is_daily":false,"chose_seed":false,"campfire_upgraded":3,"win_rate":0,"timestamp":1552200530,"path_taken":["M","M","?","?","?","E","R","M","T","R","?","R","M","E","R","BOSS","M","M","M","?","?","E"],"build_version":"2019-01-23","purchased_purges":0,"victory":false,"max_hp_per_floor":[71,71,71,71,71,71,71,71,71,71,71,71,71,78,78,78,78,78,78,78,78,78,78],"card_choices":[{"not_picked":["BootSequence","Go for the Eyes"],"picked":"Ball Lightning","floor":1},{"not_picked":["Leap","Recycle"],"picked":"Gash","floor":2},{"not_picked":["Beam Cell","Streamline"],"picked":"Biased Cognition","floor":6},{"not_picked":["Redo","Steam Power","Fusion"],"picked":"SKIP","floor":8},{"not_picked":["Ball Lightning","Streamline"],"picked":"Loop","floor":13},{"not_picked":["Conserve Battery","Scrape"],"picked":"Undo","floor":14},{"not_picked":["Hyperbeam","Biased Cognition"],"picked":"Multi-Cast","floor":16},{"not_picked":["Darkness","Tempest"],"picked":"Conserve Battery","floor":18},{"not_picked":["Self Repair","Heatsinks"],"picked":"Glacier","floor":19},{"not_picked":["Rebound","Tempest"],"picked":"Loop","floor":20}],"player_experience":2150118,"relics_obtained":[{"floor":6,"key":"Torii"},{"floor":11,"key":"Dodecahedron"},{"floor":14,"key":"Strawberry"}],"event_choices":[{"damage_healed":0,"gold_gain":75,"player_choice":"Gather Gold","damage_taken":11,"max_hp_gain":0,"max_hp_loss":0,"event_name":"World of Goop","floor":3,"gold_loss":0},{"cards_removed":["Strike_B"],"damage_healed":0,"gold_gain":0,"player_choice":"Card Removal","damage_taken":7,"max_hp_gain":0,"max_hp_loss":0,"event_name":"Golden Wing","floor":4,"gold_loss":0},{"damage_healed":0,"gold_gain":0,"player_choice":"Entered Light","damage_taken":21,"max_hp_gain":0,"max_hp_loss":0,"event_name":"Shining Light","floor":5,"gold_loss":0,"cards_upgraded":["Strike_B","Ball Lightning"]},{"damage_healed":0,"gold_gain":0,"cards_transformed":["Strike_B","Defend_B"],"player_choice":"Became Test Subject","damage_taken":0,"max_hp_gain":0,"max_hp_loss":0,"event_name":"Drug Dealer","floor":21,"gold_loss":0,"cards_obtained":["Biased Cognition","Buffer"]},{"cards_removed":["Strike_B"],"damage_healed":0,"gold_gain":0,"player_choice":"Gave Gold","damage_taken":0,"max_hp_gain":0,"max_hp_loss":0,"event_name":"Beggar","floor":22,"gold_loss":75}],"is_beta":false,"boss_relics":[{"not_picked":["Busted Crown","White Beast Statue"],"picked":"Velvet Choker"}],"items_purged_floors":[],"is_endless":false,"potions_floor_spawned":[6,13,16,18,20],"killed_by":"Slavers","ascension_level":20}