{"gold_per_floor":[115,115,127,139,176,216,228,266,278,323,348,360,73,97,97,172,172,190,190,27,40,40,74,74,104,104,124,124,137,153,27,27,101,101,117,1116,1116,1116,855,855,868,901,925,925,938,938,954,954,954,954,954,954,954,51,84,84],"floor_reached":57,"playtime":1791,"items_purged":["Strike_R","Strike_R","Strike_R"],"score":2839,"play_id":"4adbcb4d-a635-4728-8182-efce144f59e9","local_time":"20190406223819","is_ascension_mode":true,"campfire_choices":[{"data":"Armaments","floor":7.0,"key":"SMITH"},{"data":"Disarm","floor":15.0,"key":"SMITH"},{"data":"Whirlwind","floor":24.0,"key":"SMITH"},{"data":"Feel No Pain","floor":28.0,"key":"SMITH"},{"data":"Feel No Pain","floor":32.0,"key":"SMITH"},{"floor":40.0,"key":"RECALL"},{"data":"Barricade","floor":44.0,"key":"SMITH"},{"data":"Body Slam","floor":46.0,"key":"SMITH"},{"data":"Corruption","floor":49.0,"key":"SMITH"},{"data":"Feel No Pain","floor":53.0,"key":"SMITH"}],"neow_cost":"NONE","seed_source_timestamp":731209191792100,"circlet_count":0,"master_deck":["AscendersBane","Strike_R","Strike_R+1","Defend_R","Defend_R","Defend_R","Defend_R+1","Bash","Armaments+1","Shockwave","Body Slam+1","Whirlwind+1","Flame Barrier","Feel No Pain+1","Disarm+1","Impervious","Corruption+1","Shame","Feel No Pain+1","True Grit","Limit Break","Second Wind","Dropkick","Feel No Pain+1","Second Wind","Barricade+1","Warcry","Dark Shackles","Dark Shackles","Impatience","Shrug It Off","True Grit","Shrug It Off+1","Entrench"],"special_seed":0,"relics":["Burning Blood","NeowsBlessing","MawBank","Bag of Marbles","Question Card","Paper Frog","Blue Candle","Charon\u0027s Ashes","Lee\u0027s Waffle","Odd Mushroom","Coffee Dripper","Shuriken","Unceasing Top","Omamori","Bronze Scales","Letter Opener","Busted Crown","Darkstone Periapt","Incense Burner","Anchor","OrangePellets","Ginger"],"potions_floor_usage":[55,56],"damage_taken":[{"damage":0.0,"enemies":"Cultist","floor":1.0,"turns":1.0},{"damage":0.0,"enemies":"Lagavulin","floor":6.0,"turns":1.0},{"damage":0.0,"enemies":"Gremlin Nob","floor":8.0,"turns":1.0},{"damage":58.0,"enemies":"3 Sentries","floor":10.0,"turns":14.0},{"damage":4.0,"enemies":"Jaw Worm","floor":11.0,"turns":3.0},{"damage":0.0,"enemies":"The Mushroom Lair","floor":14.0,"turns":3.0},{"damage":49.0,"enemies":"The Guardian","floor":16.0,"turns":15.0},{"damage":5.0,"enemies":"3 Byrds","floor":18.0,"turns":5.0},{"damage":4.0,"enemies":"Shell Parasite","floor":21.0,"turns":4.0},{"damage":12.0,"enemies":"Book of Stabbing","floor":23.0,"turns":7.0},{"damage":24.0,"enemies":"Slavers","floor":25.0,"turns":3.0},{"damage":15.0,"enemies":"Centurion and Healer","floor":27.0,"turns":3.0},{"damage":8.0,"enemies":"Chosen and Byrds","floor":29.0,"turns":5.0},{"damage":16.0,"enemies":"Shelled Parasite and Fungi","floor":30.0,"turns":5.0},{"damage":28.0,"enemies":"Automaton","floor":33.0,"turns":8.0},{"damage":12.0,"enemies":"3 Darklings","floor":35.0,"turns":6.0},{"damage":1.0,"enemies":"Orb Walker","floor":41.0,"turns":5.0},{"damage":30.0,"enemies":"Reptomancer","floor":42.0,"turns":6.0},{"damage":1.0,"enemies":"Maw","floor":45.0,"turns":5.0},{"damage":0.0,"enemies":"4 Shapes","floor":47.0,"turns":5.0},{"damage":11.0,"enemies":"Donu and Deca","floor":50.0,"turns":11.0},{"damage":8.0,"enemies":"Time Eater","floor":51.0,"turns":11.0},{"damage":26,"enemies":"Shield and Spear","floor":55,"turns":4},{"damage":49,"enemies":"The Heart","floor":56,"turns":11}],"seed_played":"4113129983010644608","potions_obtained":[{"floor":10.0,"key":"SkillPotion"},{"floor":14.0,"key":"Weak Potion"},{"floor":21.0,"key":"SpeedPotion"},{"floor":27.0,"key":"SteroidPotion"},{"floor":35.0,"key":"Weak Potion"}],"is_trial":false,"path_per_floor":["M","?","?","$","T","E","R","E","T","E","M","?","$","?","R","B",null,"M","?","$","M","?","E","R","E","T","M","R","M","M","$","R","B",null,"M","?","?","?","$","R","M","E","T","R","M","R","M","?","R","B","B",null,"R","$","E","B",null],"character_chosen":"IRONCLAD","items_purchased":["Feel No Pain","Lee\u0027s Waffle","Feel No Pain","Feel No Pain","Second Wind","Shrug It Off","True Grit","PowerPotion","Incense Burner","Anchor","PowerPotion","OrangePellets"],"campfire_rested":0,"item_purchase_floors":[13,13,20,31,31,39,39,39,54,54,54,54],"current_hp_per_floor":[74,74,67,67,67,73,73,75,75,23,25,2,82,82,82,39,71,72,72,72,74,74,68,68,50,50,41,41,39,29,29,29,7,63,57,57,57,47,47,47,52,28,28,28,33,33,39,39,39,34,32,70,70,70,50,7],"gold":84,"neow_bonus":"THREE_ENEMY_KILL","is_prod":false,"is_daily":false,"chose_seed":false,"campfire_upgraded":9,"win_rate":0,"timestamp":1554557899,"path_taken":["M","?","?","?","?","E","R","E","T","E","M","?","$","?","R","BOSS","M","?","$","M","?","E","R","E","T","M","R","?","M","$","R","BOSS","M","?","?","?","$","R","M","E","T","R","M","R","?","?","R","BOSS","BOSS","R","$","E","BOSS"],"build_version":"2019-01-23","purchased_purges":3,"victory":true,"max_hp_per_floor":[75,75,75,75,75,75,75,75,75,75,75,75,82,82,82,82,82,82,82,82,82,82,82,82,82,82,82,82,82,82,82,82,82,82,82,82,82,82,82,82,82,82,82,82,82,82,82,82,82,82,82,82,82,82,82,82],"card_choices":[{"not_picked":["Pummel","Clothesline"],"picked":"Armaments","floor":1.0},{"not_picked":["Pummel","Havoc"],"picked":"Shockwave","floor":6.0},{"not_picked":["Armaments","Thunderclap","Berserk"],"picked":"Body Slam","floor":8.0},{"not_picked":["Warcry","Armaments","Corruption"],"picked":"Whirlwind","floor":10.0},{"not_picked":["Infernal Blade","Perfected Strike","Iron Wave"],"picked":"Flame Barrier","floor":11.0},{"not_picked":["Sever Soul","Corruption","Armaments"],"picked":"Disarm","floor":14.0},{"not_picked":["Immolate","Bludgeon","Limit Break"],"picked":"Impervious","floor":16.0},{"not_picked":["Headbutt","Clash","Armaments"],"picked":"Corruption","floor":18.0},{"not_picked":["Clash+1","Burning Pact","Cleave"],"picked":"True Grit","floor":21.0},{"not_picked":["Thunderclap","Bloodletting","Anger","Cleave"],"picked":"SKIP","floor":23.0},{"not_picked":["Clash","Infernal Blade","Havoc","Headbutt"],"picked":"SKIP","floor":25.0},{"not_picked":["Carnage","Warcry","Twin Strike"],"picked":"Limit Break","floor":27.0},{"not_picked":["Headbutt","Wild Strike","True Grit"],"picked":"Second Wind","floor":29.0},{"not_picked":["Sever Soul","Thunderclap","Perfected Strike"],"picked":"Dropkick","floor":30.0},{"not_picked":["Dark Embrace","Demon Form","Berserk"],"picked":"Barricade","floor":33.0},{"not_picked":["Pummel+1"],"picked":"Warcry","floor":35.0},{"not_picked":["Jack Of All Trades"],"picked":"Dark Shackles","floor":38.0},{"not_picked":["Dramatic Entrance"],"picked":"Dark Shackles","floor":38.0},{"not_picked":["Swift Strike"],"picked":"Impatience","floor":38.0},{"not_picked":["Iron Wave+1","Wild Strike"],"picked":"SKIP","floor":41.0},{"not_picked":["Body Slam"],"picked":"Shrug It Off+1","floor":42.0},{"not_picked":["Body Slam","Wild Strike"],"picked":"SKIP","floor":45.0},{"not_picked":["Body Slam","Wild Strike"],"picked":"SKIP","floor":45.0},{"not_picked":["Pummel"],"picked":"Entrench","floor":47.0},{"not_picked":["Clash","Twin Strike"],"picked":"SKIP","floor":55}],"player_experience":2930478,"relics_obtained":[{"floor":5.0,"key":"Bag of Marbles"},{"floor":6.0,"key":"Question Card"},{"floor":8.0,"key":"Paper Frog"},{"floor":9.0,"key":"Blue Candle"},{"floor":10.0,"key":"Charon\u0027s Ashes"},{"floor":14.0,"key":"Odd Mushroom"},{"floor":23.0,"key":"Omamori"},{"floor":25.0,"key":"Bronze Scales"},{"floor":26.0,"key":"Letter Opener"},{"floor":42.0,"key":"Darkstone Periapt"},{"floor":55,"key":"Ginger"}],"event_choices":[{"damage_healed":0.0,"max_hp_gain":0.0,"max_hp_loss":0.0,"gold_gain":0.0,"event_name":"Big Fish","player_choice":"Box","floor":2.0,"gold_loss":0.0,"damage_taken":0.0,"relics_obtained":["MawBank"],"cards_obtained":["Regret"]},{"cards_removed":["Regret"],"damage_healed":0.0,"max_hp_gain":0.0,"max_hp_loss":0.0,"gold_gain":0.0,"event_name":"Golden Wing","player_choice":"Card Removal","floor":3.0,"gold_loss":0.0,"damage_taken":7.0},{"damage_healed":0.0,"max_hp_gain":0.0,"max_hp_loss":0.0,"gold_gain":0.0,"event_name":"Shining Light","player_choice":"Entered Light","floor":12.0,"gold_loss":0.0,"damage_taken":23.0,"cards_upgraded":["Strike_R","Defend_R"]},{"damage_healed":0.0,"max_hp_gain":0.0,"max_hp_loss":0.0,"gold_gain":0.0,"event_name":"Mushrooms","player_choice":"Fought Mushrooms","floor":14.0,"gold_loss":0.0,"damage_taken":0.0},{"damage_healed":0.0,"max_hp_gain":0.0,"max_hp_loss":0.0,"gold_gain":0.0,"event_name":"Addict","player_choice":"Stole Relic","floor":19.0,"gold_loss":0.0,"damage_taken":0.0,"relics_obtained":["Shuriken"],"cards_obtained":["Shame"]},{"damage_healed":0.0,"max_hp_gain":0.0,"max_hp_loss":0.0,"gold_gain":0.0,"event_name":"WeMeetAgain","player_choice":"Gave Potion","floor":22.0,"gold_loss":0.0,"damage_taken":0.0,"relics_obtained":["Unceasing Top"]},{"damage_healed":0.0,"max_hp_gain":0.0,"max_hp_loss":0.0,"gold_gain":999.0,"event_name":"MindBloom","player_choice":"Gold","floor":36.0,"gold_loss":0.0,"damage_taken":0.0,"cards_obtained":["Normality","Normality"]},{"damage_healed":0.0,"max_hp_gain":0.0,"max_hp_loss":0.0,"gold_gain":0.0,"event_name":"Mysterious Sphere","player_choice":"Ignored","floor":37.0,"gold_loss":0.0,"damage_taken":0.0},{"damage_healed":0.0,"max_hp_gain":0.0,"max_hp_loss":0.0,"gold_gain":0.0,"event_name":"SensoryStone","player_choice":"Memory 3","floor":38.0,"gold_loss":0.0,"damage_taken":10.0},{"damage_healed":0.0,"max_hp_gain":0.0,"max_hp_loss":0.0,"gold_gain":0.0,"event_name":"FaceTrader","player_choice":"Leave","floor":48.0,"gold_loss":0.0,"damage_taken":0.0}],"is_beta":false,"boss_relics":[{"not_picked":["White Beast Statue","Pandora\u0027s Box"],"picked":"Coffee Dripper"},{"not_picked":["Mark of Pain","Velvet Choker"],"picked":"Busted Crown"}],"items_purged_floors":[20,39,54],"is_endless":false,"potions_floor_spawned":[10,14,21,27,29,35,41],"ascension_level":20}