{"gold_per_floor":[20,20,38,53,53,53,78,78,105,105,125,145,162,187,187,187],"floor_reached":16,"playtime":982,"items_purged":[],"score":146,"play_id":"5633223b-2a1d-445f-91b3-db3a3c174b2f","local_time":"20190426214610","is_ascension_mode":true,"campfire_choices":[{"data":"Neutralize","floor":6,"key":"SMITH"},{"data":"Leg Sweep","floor":8,"key":"SMITH"},{"data":"Venomology","floor":10,"key":"SMITH"},{"data":"Blur","floor":15,"key":"SMITH"}],"neow_cost":"NO_GOLD","seed_source_timestamp":187786965815200,"circlet_count":0,"master_deck":["Defend_G","Defend_G","Defend_G","Defend_G","Defend_G","Strike_G","Strike_G+1","Strike_G+1","Strike_G","Strike_G","Survivor","Neutralize+1","Venomology+1","Backflip","Leg Sweep+1","PiercingWail","Blur+1"],"relics":["Ring of the Snake","Regal Pillow","Happy Flower","Whetstone"],"potions_floor_usage":[7,7,7,7,12,14,14,14,16,16,16,16,16],"damage_taken":[{"damage":9,"enemies":"Cultist","floor":1,"turns":5},{"damage":3,"enemies":"Jaw Worm","floor":3,"turns":5},{"damage":3,"enemies":"Small Slimes","floor":4,"turns":5},{"damage":15,"enemies":"3 Sentries","floor":7,"turns":15},{"damage":0,"enemies":"Blue Slaver","floor":11,"turns":6},{"damage":2,"enemies":"2 Fungi Beasts","floor":12,"turns":5},{"damage":2,"enemies":"3 Louse","floor":13,"turns":4},{"damage":1,"enemies":"Gremlin Nob","floor":14,"turns":5},{"damage":75,"enemies":"Hexaghost","floor":16,"turns":26}],"seed_played":"4941053062515214637","potions_obtained":[{"floor":4,"key":"EssenceOfSteel"},{"floor":12,"key":"Block Potion"},{"floor":14,"key":"Regen Potion"}],"is_trial":false,"path_per_floor":["M","$","M","M","?","R","E","R","T","R","M","M","M","E","R","B"],"character_chosen":"THE_SILENT","items_purchased":[],"campfire_rested":0,"item_purchase_floors":[],"current_hp_per_floor":[54,54,51,48,70,70,55,55,55,55,55,53,51,50,50,0],"gold":187,"neow_bonus":"THREE_RARE_CARDS","is_prod":false,"is_daily":false,"chose_seed":false,"campfire_upgraded":4,"win_rate":0,"timestamp":1556329570,"path_taken":["M","$","M","M","?","R","E","R","T","R","M","M","?","E","R","BOSS"],"build_version":"2019-01-23","purchased_purges":0,"victory":false,"max_hp_per_floor":[70,70,70,70,70,70,70,70,70,70,70,70,70,70,70,70],"card_choices":[{"not_picked":["Glass Knife","Bullet Time"],"picked":"Venomology","floor":0},{"not_picked":["Poisoned Stab","Skewer","Dagger Throw"],"picked":"SKIP","floor":1},{"not_picked":["Dagger Spray","Sucker Punch"],"picked":"Backflip","floor":3},{"not_picked":["Quick Slash","Blade Dance","Outmaneuver"],"picked":"SKIP","floor":4},{"not_picked":["Sucker Punch","Escape Plan"],"picked":"Leg Sweep","floor":7},{"not_picked":["Leg Sweep","Expertise","Blade Dance"],"picked":"SKIP","floor":11},{"not_picked":["Accuracy","Acrobatics"],"picked":"PiercingWail","floor":12},{"not_picked":["Heel Hook","Prepared","Finisher"],"picked":"SKIP","floor":13},{"not_picked":["Heel Hook","Prepared","Finisher"],"picked":"SKIP","floor":13},{"not_picked":["Deadly Poison","Dagger Throw"],"picked":"Blur","floor":14}],"player_experience":182440,"relics_obtained":[{"floor":7,"key":"Regal Pillow"},{"floor":9,"key":"Happy Flower"},{"floor":14,"key":"Whetstone"}],"event_choices":[{"damage_healed":22,"gold_gain":0,"player_choice":"Full Heal","damage_taken":0,"max_hp_gain":0,"max_hp_loss":0,"event_name":"Wheel of Change","floor":5,"gold_loss":0}],"is_beta":false,"boss_relics":[],"items_purged_floors":[],"is_endless":false,"potions_floor_spawned":[4,12,13,14],"killed_by":"Hexaghost","ascension_level":6}