{"gold_per_floor":[110,28,28,47,64,64,90,102,140,171,183,220,232,256,268,351,363,386,497,509,25,36,36],"floor_reached":23,"playtime":868,"items_purged":[],"score":363,"play_id":"7221faba-cfa1-4aa3-ab42-74b392f5395e","local_time":"20181202123707","is_ascension_mode":true,"campfire_choices":[{"data":"Defragment","floor":6.0,"key":"SMITH"},{"data":"Zap","floor":8.0,"key":"SMITH"},{"floor":11.0,"key":"REST"},{"data":"Melter","floor":15.0,"key":"SMITH"}],"neow_cost":"NONE","seed_source_timestamp":598706599419022,"circlet_count":0,"master_deck":["AscendersBane","Defend_B","Defend_B","Defend_B","Zap+1","Dualcast","Compile Driver","Defragment+1","Sweeping Beam","Echo Form","Melter+1","Buffer","Force Field","Bite","Bite","Bite","Bite","Bite"],"special_seed":0,"relics":["Cracked Core","NeowsBlessing","MawBank","Boot","Regal Pillow","Snecko Eye","Kunai","Ornamental Fan"],"potions_floor_usage":[23],"damage_taken":[{"damage":0.0,"enemies":"Jaw Worm","floor":1.0,"turns":1.0},{"damage":0.0,"enemies":"Cultist","floor":4.0,"turns":1.0},{"damage":0.0,"enemies":"Small Slimes","floor":5.0,"turns":1.0},{"damage":35.0,"enemies":"Lagavulin","floor":7.0,"turns":5.0},{"damage":0.0,"enemies":"2 Fungi Beasts","floor":10.0,"turns":3.0},{"damage":35.0,"enemies":"3 Sentries","floor":12.0,"turns":6.0},{"damage":12.0,"enemies":"Exordium Wildlife","floor":14.0,"turns":3.0},{"damage":16.0,"enemies":"The Guardian","floor":16.0,"turns":8.0},{"damage":0.0,"enemies":"Spheric Guardian","floor":18.0,"turns":1.0},{"damage":18.0,"enemies":"2 Thieves","floor":22.0,"turns":4.0},{"damage":36,"enemies":"Slavers","floor":23,"turns":2}],"seed_played":"-128325829878313708","potions_obtained":[{"floor":5.0,"key":"Dexterity Potion"},{"floor":7.0,"key":"GamblersBrew"}],"is_trial":false,"path_per_floor":["M","$","?","M","M","R","E","R","T","M","R","E","?","M","R","B",null,"M","?","?","$","M","E"],"character_chosen":"DEFECT","items_purchased":["Defragment","Kunai","Ornamental Fan"],"campfire_rested":1,"item_purchase_floors":[2,21,21],"current_hp_per_floor":[64,64,64,64,64,64,29,29,29,29,50,15,38,26,26,10,56,56,56,49,49,33,0],"gold":36,"neow_bonus":"THREE_ENEMY_KILL","is_prod":false,"is_daily":false,"chose_seed":false,"campfire_upgraded":3,"win_rate":0,"timestamp":1543725427,"path_taken":["M","$","?","?","M","R","E","R","T","M","R","E","?","M","R","BOSS","M","?","?","$","M","E"],"build_version":"2018-11-15","purchased_purges":0,"victory":false,"max_hp_per_floor":[71,71,71,71,71,71,71,71,71,71,71,71,71,71,71,71,71,71,71,49,49,49,49],"card_choices":[{"not_picked":["Beam Cell","Heatsinks"],"picked":"Compile Driver","floor":1.0},{"not_picked":["Beam Cell","Compile Driver"],"picked":"Sweeping Beam","floor":4.0},{"not_picked":["Stack","Consume","Sweeping Beam"],"picked":"SKIP","floor":5.0},{"not_picked":["Hello World","Reinforced Body"],"picked":"Echo Form","floor":7.0},{"not_picked":["Redo","Recycle","Stack"],"picked":"SKIP","floor":10.0},{"not_picked":["Consume","Rebound"],"picked":"Melter","floor":12.0},{"not_picked":["Sweeping Beam","Turbo","Scrape"],"picked":"SKIP","floor":14.0},{"not_picked":["Machine Learning","Rainbow"],"picked":"Buffer","floor":16.0},{"not_picked":["Conserve Battery","Leap+1"],"picked":"Force Field","floor":18.0},{"not_picked":["Turbo+1","Streamline","Redo"],"picked":"SKIP","floor":22.0}],"player_experience":572849,"relics_obtained":[{"floor":7.0,"key":"MawBank"},{"floor":9.0,"key":"Boot"},{"floor":12.0,"key":"Regal Pillow"}],"event_choices":[{"cards_removed":["Defend_B"],"damage_healed":0.0,"max_hp_gain":0.0,"max_hp_loss":0.0,"gold_gain":0.0,"event_name":"Bonfire Elementals","player_choice":"Offered Basic","floor":3.0,"gold_loss":0.0,"damage_taken":0.0},{"damage_healed":23.0,"max_hp_gain":0.0,"max_hp_loss":0.0,"gold_gain":0.0,"event_name":"Big Fish","player_choice":"Banana","floor":13.0,"gold_loss":0.0,"damage_taken":0.0},{"damage_healed":0.0,"max_hp_gain":0.0,"max_hp_loss":0.0,"gold_gain":99.0,"event_name":"Nest","player_choice":"Stole From Cult","floor":19.0,"gold_loss":0.0,"damage_taken":0.0},{"damage_healed":0.0,"max_hp_gain":0.0,"max_hp_loss":22.0,"gold_gain":0.0,"event_name":"Vampires","player_choice":"Became a vampire","floor":20.0,"gold_loss":0.0,"damage_taken":0.0,"cards_obtained":["Bite","Bite","Bite","Bite","Bite"]}],"is_beta":true,"boss_relics":[{"not_picked":["Runic Dome","Inserter"],"picked":"Snecko Eye"}],"items_purged_floors":[],"is_endless":false,"potions_floor_spawned":[5,7],"killed_by":"Slavers","ascension_level":14}