{"gold_per_floor":[113,132,151,151,94,94,111,111,111,142,154,172,172,198,198,270,270,280,280,53,323,342,342,367,367,367,382,382,29,45,55,55,129,129,148,148,0,0,0,0,15,15,15,27,127,143,175,185,185,185,185,185,185,76,76],"floor_reached":55,"playtime":4677,"items_purged":["Searing Blow"],"score":1934,"play_id":"b590f43d-3802-421b-9aec-e501292f00ce","local_time":"20190426201105","is_ascension_mode":true,"campfire_choices":[{"data":"Armaments","floor":6,"key":"SMITH"},{"data":"Shrug It Off","floor":8,"key":"SMITH"},{"data":"Barricade","floor":13,"key":"SMITH"},{"data":"Feel No Pain","floor":15,"key":"SMITH"},{"data":"Shockwave","floor":23,"key":"SMITH"},{"floor":25,"key":"REST"},{"data":"Berserk","floor":32,"key":"SMITH"},{"data":"Exhume","floor":40,"key":"SMITH"},{"floor":49,"key":"RECALL"},{"data":"Dark Embrace","floor":53,"key":"SMITH"}],"neow_cost":"NONE","seed_source_timestamp":371502778738300,"circlet_count":0,"master_deck":["AscendersBane","Uppercut","Shockwave+1","Burning Pact","Berserk+1","Exhume+1","Barricade+1","Limit Break","Reaper","Ghostly Armor","Feel No Pain+1","Shrug It Off+1","Thunderclap","Armaments+1","Flame Barrier","Feed","Shrug It Off+1","Second Wind","Body Slam","Battle Trance","Deep Breath","Thinking Ahead","Dark Embrace+1"],"relics":["Pandora\u0027s Box","Pantograph","Bag of Marbles","Philosopher\u0027s Stone","MutagenicStrength","Omamori","Boot","Meat on the Bone","Vajra","Lizard Tail","Red Mask","Pen Nib","Ancient Tea Set","FossilizedHelix","Nunchaku"],"potions_floor_usage":[16,16,22,24,44,44,44,44,47,50,55],"damage_taken":[{"damage":18,"enemies":"Cultist","floor":1,"turns":4},{"damage":10,"enemies":"2 Louse","floor":2,"turns":4},{"damage":23,"enemies":"Jaw Worm","floor":3,"turns":4},{"damage":3,"enemies":"Large Slime","floor":7,"turns":11},{"damage":0,"enemies":"Lagavulin","floor":10,"turns":8},{"damage":4,"enemies":"Blue Slaver","floor":11,"turns":8},{"damage":2,"enemies":"Red Slaver","floor":12,"turns":8},{"damage":15,"enemies":"Hexaghost","floor":16,"turns":11},{"damage":0,"enemies":"Chosen","floor":18,"turns":11},{"damage":24,"enemies":"2 Thieves","floor":22,"turns":5},{"damage":39,"enemies":"Book of Stabbing","floor":24,"turns":7},{"damage":18,"enemies":"Snake Plant","floor":27,"turns":7},{"damage":0,"enemies":"Chosen and Byrds","floor":30,"turns":12},{"damage":28,"enemies":"Sentry and Sphere","floor":31,"turns":8},{"damage":12,"enemies":"Champ","floor":33,"turns":12},{"damage":30,"enemies":"Orb Walker","floor":35,"turns":5},{"damage":38,"enemies":"3 Darklings","floor":41,"turns":10},{"damage":23,"enemies":"Jaw Worm Horde","floor":44,"turns":7},{"damage":13,"enemies":"Mind Bloom Boss Battle","floor":45,"turns":10},{"damage":9,"enemies":"Transient","floor":46,"turns":6},{"damage":0,"enemies":"Nemesis","floor":47,"turns":7},{"damage":21,"enemies":"Sphere and 2 Shapes","floor":48,"turns":8},{"damage":6,"enemies":"Time Eater","floor":50,"turns":11},{"damage":96,"enemies":"Donu and Deca","floor":51,"turns":11},{"damage":201,"enemies":"Shield and Spear","floor":55,"turns":8}],"seed_played":"-7766196622774178280","potions_obtained":[{"floor":3,"key":"LiquidBronze"},{"floor":11,"key":"LiquidBronze"},{"floor":12,"key":"Energy Potion"},{"floor":31,"key":"EntropicBrew"},{"floor":33,"key":"Block Potion"},{"floor":44,"key":"Swift Potion"},{"floor":47,"key":"EssenceOfSteel"}],"is_trial":false,"path_per_floor":["M","M","M","?","$","R","M","R","T","E","M","M","R","T","R","B",null,"M","?","$","?","M","R","E","R","T","M","?","$","M","M","R","B",null,"M","?","?","?","?","R","M","T","T","M","?","M","E","M","R","B","B",null,"R","$","E"],"character_chosen":"IRONCLAD","items_purchased":["Armaments","Omamori","PowerPotion","Body Slam","Vajra","Battle Trance","Strength Potion","Strength Potion"],"campfire_rested":1,"item_purchase_floors":[5,20,20,29,29,29,54,54],"current_hp_per_floor":[56,53,36,36,36,36,45,45,45,52,55,60,60,60,60,67,73,79,79,79,44,64,64,38,62,62,58,58,58,75,78,78,98,98,74,64,64,64,84,84,73,73,73,84,110,101,110,108,108,114,120,120,120,120,0],"gold":76,"neow_bonus":"BOSS_RELIC","is_prod":false,"is_daily":false,"chose_seed":false,"campfire_upgraded":8,"win_rate":0,"timestamp":1556277065,"path_taken":["M","?","M","?","$","R","M","R","T","E","M","M","R","?","R","BOSS","M","?","$","?","?","R","E","R","T","M","?","$","M","M","R","BOSS","M","?","?","?","?","R","M","?","T","M","?","M","E","M","R","BOSS","BOSS","R","$","E"],"build_version":"2019-01-23","purchased_purges":1,"victory":false,"max_hp_per_floor":[75,75,75,75,75,75,75,75,75,75,75,75,75,75,75,75,75,79,79,79,79,83,83,83,83,83,87,87,87,91,94,94,98,98,98,98,98,98,98,98,102,102,102,106,110,110,110,116,116,120,120,120,120,120,120],"card_choices":[{"not_picked":["Wild Strike","Blood for Blood"],"picked":"Ghostly Armor","floor":1},{"not_picked":["Burning Pact","Headbutt"],"picked":"Feel No Pain","floor":2},{"not_picked":["Headbutt","Iron Wave"],"picked":"Shrug It Off","floor":3},{"not_picked":["Havoc","Flex"],"picked":"Flame Barrier","floor":7},{"not_picked":["Brutality","Clothesline","Heavy Blade"],"picked":"SKIP","floor":10},{"not_picked":["Perfected Strike","Warcry","Dual Wield"],"picked":"SKIP","floor":11},{"not_picked":["Perfected Strike","Warcry","Dual Wield"],"picked":"SKIP","floor":11},{"not_picked":["Combust","Sever Soul","Heavy Blade"],"picked":"SKIP","floor":12},{"not_picked":["Reaper","Exhume"],"picked":"Feed","floor":16},{"not_picked":["True Grit","Warcry"],"picked":"Shrug It Off+1","floor":18},{"not_picked":["Sword Boomerang","Armaments","Warcry"],"picked":"SKIP","floor":22},{"not_picked":["Anger","Barricade","Perfected Strike"],"picked":"SKIP","floor":24},{"not_picked":["Bloodletting","Sword Boomerang","Shockwave"],"picked":"SKIP","floor":27},{"not_picked":["Armaments","Rage","Heavy Blade"],"picked":"SKIP","floor":30},{"not_picked":["Pommel Strike","Uppercut","Infernal Blade"],"picked":"SKIP","floor":31},{"not_picked":["Pommel Strike","Heavy Blade","Spot Weakness"],"picked":"SKIP","floor":35},{"not_picked":["PanicButton","Mind Blast"],"picked":"Deep Breath","floor":36},{"not_picked":["Impatience","Dark Shackles"],"picked":"Thinking Ahead","floor":36},{"not_picked":["Iron Wave","Armaments","Flex"],"picked":"SKIP","floor":41},{"not_picked":["Clothesline","Uppercut","Sword Boomerang"],"picked":"SKIP","floor":44},{"not_picked":["Perfected Strike","Wild Strike","Shockwave+1"],"picked":"SKIP","floor":46},{"not_picked":["Clothesline","True Grit"],"picked":"Dark Embrace","floor":47},{"not_picked":["Flex","Havoc","Cleave"],"picked":"SKIP","floor":48}],"player_experience":3392680,"relics_obtained":[{"floor":10,"key":"Pantograph"},{"floor":14,"key":"Bag of Marbles"},{"floor":24,"key":"Boot"},{"floor":26,"key":"Meat on the Bone"},{"floor":42,"key":"Pen Nib"},{"floor":43,"key":"Ancient Tea Set"},{"floor":45,"key":"FossilizedHelix"},{"floor":47,"key":"Nunchaku"}],"event_choices":[{"damage_healed":0,"gold_gain":0,"cards_transformed":["Bash"],"player_choice":"Change","damage_taken":0,"max_hp_gain":0,"max_hp_loss":0,"event_name":"Living Wall","floor":4,"gold_loss":0,"cards_obtained":["Thunderclap"]},{"damage_healed":0,"gold_gain":0,"player_choice":"Inject Mutagens","damage_taken":0,"relics_obtained":["MutagenicStrength"],"max_hp_gain":0,"max_hp_loss":0,"event_name":"Drug Dealer","floor":19,"gold_loss":0},{"damage_healed":0,"gold_gain":270,"player_choice":"GOLD GOLD POTION GOLD ","damage_taken":35,"max_hp_gain":0,"max_hp_loss":0,"event_name":"Knowing Skull","floor":21,"potions_obtained":["Energy Potion"],"gold_loss":0,"cards_obtained":[]},{"damage_healed":0,"gold_gain":0,"player_choice":"Read","damage_taken":0,"max_hp_gain":0,"max_hp_loss":0,"event_name":"The Library","floor":28,"gold_loss":0,"cards_obtained":["Second Wind"]},{"damage_healed":0,"gold_gain":0,"player_choice":"Memory 3","damage_taken":10,"max_hp_gain":0,"max_hp_loss":0,"event_name":"SensoryStone","floor":36,"gold_loss":0},{"damage_healed":0,"gold_gain":0,"player_choice":"Paid","damage_taken":0,"relics_obtained":["Red Mask"],"max_hp_gain":0,"max_hp_loss":0,"event_name":"Tomb of Lord Red Mask","floor":37,"gold_loss":148},{"damage_healed":0,"gold_gain":0,"player_choice":"Ignored","damage_taken":0,"max_hp_gain":0,"max_hp_loss":0,"event_name":"Mysterious Sphere","floor":38,"gold_loss":0},{"damage_healed":20,"gold_gain":0,"player_choice":"Writhe","damage_taken":0,"max_hp_gain":0,"max_hp_loss":0,"event_name":"Winding Halls","floor":39,"gold_loss":0,"cards_obtained":["Writhe"]},{"damage_healed":0,"gold_gain":0,"player_choice":"Fight","damage_taken":0,"max_hp_gain":0,"max_hp_loss":0,"event_name":"MindBloom","floor":45,"gold_loss":0}],"is_beta":false,"boss_relics":[{"not_picked":["Runic Dome","Black Star"],"picked":"Philosopher\u0027s Stone"},{"not_picked":["Velvet Choker","Snecko Eye"],"picked":"Lizard Tail"}],"items_purged_floors":[29],"is_endless":false,"potions_floor_spawned":[3,11,12,31,33,35,44,47],"killed_by":"Shield and Spear","ascension_level":20}