{"gold_per_floor":[119,136,136,82,82,82,108,118,145,202,220,237,237,237,237,315,315,333,333,38,65,88,100,141,153,165,189,8,24,24,41,41,118,118,131,150,163,176,186,186,198,230,283,45,64,77,0,15,15,15,15,15,15,15,47,47],"floor_reached":57,"playtime":3445,"items_purged":["Strike_B","Defend_B"],"score":2836,"play_id":"c9dda80d-e4c6-4b38-9cc7-416bb55c3501","local_time":"20190302133932","is_ascension_mode":true,"campfire_choices":[{"data":"Zap","floor":6.0,"key":"SMITH"},{"data":"Defragment","floor":15.0,"key":"SMITH"},{"data":"Capacitor","floor":23.0,"key":"SMITH"},{"floor":25.0,"key":"REST"},{"data":"Seek","floor":30.0,"key":"SMITH"},{"data":"Blizzard","floor":32.0,"key":"SMITH"},{"data":"Coolheaded","floor":40.0,"key":"SMITH"},{"floor":49,"key":"RECALL"},{"data":"Defragment","floor":53,"key":"SMITH"}],"neow_cost":"NONE","seed_source_timestamp":45679990438300,"circlet_count":0,"master_deck":["AscendersBane","Strike_B","Strike_B","Strike_B","Defend_B","Defend_B","Defend_B","Zap+1","Dualcast","Cold Snap","Self Repair","Coolheaded+1","Defragment+1","Buffer","Chill","White Noise","Seek+1","Cold Snap","Capacitor+1","Defragment+1","Hologram","Blizzard+1","Coolheaded","Gash","Electrodynamics","Gash+1","Barrage","Core Surge","Defragment+1","Defragment+1","Panacea","BootSequence+1","Reinforced Body","Hologram+1"],"special_seed":0,"relics":["Cracked Core","NeowsBlessing","Lantern","GremlinMask","Vajra","Bronze Scales","Tiny Chest","Mango","Nuclear Battery","Nilry\u0027s Codex","DollysMirror","MawBank","Regal Pillow","Bottled Lightning","Inserter","Incense Burner","Dream Catcher","Red Mask","Nunchaku"],"potions_floor_usage":[56],"damage_taken":[{"damage":0.0,"enemies":"Cultist","floor":1.0,"turns":1.0},{"damage":0.0,"enemies":"Small Slimes","floor":2.0,"turns":1.0},{"damage":0.0,"enemies":"Lagavulin","floor":7.0,"turns":1.0},{"damage":3.0,"enemies":"Jaw Worm","floor":8.0,"turns":4.0},{"damage":13.0,"enemies":"Gremlin Nob","floor":10.0,"turns":4.0},{"damage":21.0,"enemies":"Lots of Slimes","floor":11.0,"turns":4.0},{"damage":3.0,"enemies":"Exordium Thugs","floor":12.0,"turns":5.0},{"damage":38.0,"enemies":"The Guardian","floor":16.0,"turns":13.0},{"damage":0.0,"enemies":"Spheric Guardian","floor":18.0,"turns":6.0},{"damage":5.0,"enemies":"2 Thieves","floor":22.0,"turns":5.0},{"damage":42.0,"enemies":"Book of Stabbing","floor":24.0,"turns":6.0},{"damage":6.0,"enemies":"Snake Plant","floor":27.0,"turns":4.0},{"damage":12.0,"enemies":"Centurion and Healer","floor":29.0,"turns":9.0},{"damage":2.0,"enemies":"Chosen and Byrds","floor":31.0,"turns":5.0},{"damage":13.0,"enemies":"Collector","floor":33.0,"turns":14.0},{"damage":11.0,"enemies":"Orb Walker","floor":35.0,"turns":4.0},{"damage":0.0,"enemies":"3 Shapes","floor":36.0,"turns":5.0},{"damage":35.0,"enemies":"Transient","floor":37.0,"turns":6.0},{"damage":15.0,"enemies":"Spire Growth","floor":38.0,"turns":5.0},{"damage":0.0,"enemies":"Sphere and 2 Shapes","floor":39.0,"turns":5.0},{"damage":25.0,"enemies":"Transient","floor":41.0,"turns":6.0},{"damage":3.0,"enemies":"Reptomancer","floor":42.0,"turns":8.0},{"damage":22,"enemies":"Jaw Worm Horde","floor":45,"turns":5},{"damage":0,"enemies":"Writhing Mass","floor":46,"turns":7},{"damage":0,"enemies":"4 Shapes","floor":48,"turns":2},{"damage":0,"enemies":"Time Eater","floor":50,"turns":11},{"damage":0,"enemies":"Donu and Deca","floor":51,"turns":11},{"damage":17,"enemies":"Shield and Spear","floor":55,"turns":9},{"damage":62,"enemies":"The Heart","floor":56,"turns":12}],"seed_played":"6085805911627994029","potions_obtained":[{"floor":2.0,"key":"Poison Potion"},{"floor":8.0,"key":"Ancient Potion"},{"floor":10.0,"key":"SteroidPotion"},{"floor":24.0,"key":"Ancient Potion"},{"floor":27.0,"key":"Strength Potion"},{"floor":31.0,"key":"Dexterity Potion"},{"floor":46,"key":"Energy Potion"}],"is_trial":false,"path_per_floor":["M","M","?","$","?","R","E","M","T","E","M","M","T","T","R","B",null,"M","?","$","T","M","R","E","R","T","M","$","M","R","M","R","B",null,"M","M","M","M","M","R","M","E","T","$","M","M","?","M","R","B","B",null,"R","$","E","B",null],"character_chosen":"DEFECT","items_purchased":["Coolheaded","Capacitor","DollysMirror","Blizzard","Coolheaded","Defragment","Panacea"],"campfire_rested":1,"item_purchase_floors":[4,20,20,28,28,44,44],"current_hp_per_floor":[64,64,46,46,46,46,46,50,50,44,30,34,48,48,48,17,68,75,54,54,54,56,56,21,61,61,62,62,57,57,62,62,56,78,74,81,53,45,45,45,27,38,38,38,23,30,30,30,30,37,44,75,75,75,65,10],"gold":47,"neow_bonus":"THREE_ENEMY_KILL","is_prod":false,"is_daily":false,"chose_seed":false,"campfire_upgraded":7,"win_rate":0,"timestamp":1551501572,"path_taken":["M","?","?","$","?","R","E","M","T","E","M","?","?","?","R","BOSS","M","?","$","?","M","R","E","R","T","M","?","M","R","M","R","BOSS","M","?","M","M","M","R","M","E","T","$","M","M","?","M","R","BOSS","BOSS","R","$","E","BOSS"],"build_version":"2019-01-23","purchased_purges":2,"victory":true,"max_hp_per_floor":[71,71,71,71,71,71,71,71,71,71,71,71,85,85,85,85,85,85,85,85,85,85,85,85,85,85,85,85,85,85,85,85,85,85,85,85,85,85,85,85,85,85,85,85,85,85,85,85,85,85,85,85,85,85,85,85],"card_choices":[{"not_picked":["Gash","Leap"],"picked":"Cold Snap","floor":1.0},{"not_picked":["Barrage","Leap"],"picked":"Self Repair","floor":2.0},{"not_picked":["Rebound","Steam"],"picked":"Defragment","floor":7.0},{"not_picked":["Static Discharge","Stack","Redo"],"picked":"SKIP","floor":8.0},{"not_picked":["Gash","Leap"],"picked":"Buffer","floor":10.0},{"not_picked":["Streamline","Static Discharge"],"picked":"Chill","floor":11.0},{"not_picked":["Beam Cell","Leap"],"picked":"White Noise","floor":12.0},{"not_picked":["Hyperbeam","Rainbow"],"picked":"Seek","floor":16.0},{"not_picked":["Static Discharge","Heatsinks"],"picked":"Cold Snap","floor":18.0},{"not_picked":["Chaos","Auto Shields"],"picked":"Hologram","floor":22.0},{"not_picked":["Beam Cell","All For One","Sweeping Beam"],"picked":"SKIP","floor":24.0},{"not_picked":["Stack","Beam Cell","Rebound"],"picked":"SKIP","floor":27.0},{"not_picked":["Aggregate","Hologram"],"picked":"Gash","floor":29.0},{"not_picked":["Go for the Eyes","Turbo","Cold Snap"],"picked":"SKIP","floor":31.0},{"not_picked":["Buffer","Hyperbeam"],"picked":"Electrodynamics","floor":33.0},{"not_picked":["Ball Lightning","Rip and Tear"],"picked":"Gash+1","floor":35.0},{"not_picked":["Go for the Eyes","Melter+1","Sweeping Beam"],"picked":"SKIP","floor":36.0},{"not_picked":["Steam Power+1","Leap"],"picked":"Barrage","floor":37.0},{"not_picked":["Rebound+1","Sweeping Beam"],"picked":"Core Surge","floor":38.0},{"not_picked":["Redo+1","Hologram","Rebound"],"picked":"SKIP","floor":39.0},{"not_picked":["Self Repair","Leap"],"picked":"Defragment+1","floor":41.0},{"not_picked":["Ball Lightning","Skim","FTL"],"picked":"SKIP","floor":42.0},{"not_picked":["Coolheaded","Hologram"],"picked":"BootSequence+1","floor":45},{"not_picked":["Static Discharge","Gash"],"picked":"Reinforced Body","floor":46},{"not_picked":["Electrodynamics","Steam"],"picked":"Hologram+1","floor":48},{"not_picked":["Beam Cell","Recycle","Cold Snap"],"picked":"SKIP","floor":55}],"player_experience":1932738,"relics_obtained":[{"floor":7.0,"key":"Vajra"},{"floor":9.0,"key":"Bronze Scales"},{"floor":10.0,"key":"Tiny Chest"},{"floor":13.0,"key":"Mango"},{"floor":19.0,"key":"Nilry\u0027s Codex"},{"floor":21.0,"key":"MawBank"},{"floor":24.0,"key":"Regal Pillow"},{"floor":26.0,"key":"Bottled Lightning"},{"floor":42.0,"key":"Incense Burner"},{"floor":43.0,"key":"Dream Catcher"},{"floor":55,"key":"Nunchaku"}],"event_choices":[{"damage_healed":0.0,"max_hp_gain":0.0,"max_hp_loss":0.0,"gold_gain":0.0,"event_name":"Scrap Ooze","player_choice":"Success","floor":3.0,"gold_loss":0.0,"damage_taken":18.0,"relics_obtained":["Lantern"]},{"damage_healed":0.0,"max_hp_gain":0.0,"max_hp_loss":0.0,"gold_gain":0.0,"event_name":"FaceTrader","player_choice":"Trade","floor":5.0,"gold_loss":0.0,"damage_taken":0.0,"relics_obtained":["GremlinMask"]},{"damage_healed":0.0,"max_hp_gain":0.0,"max_hp_loss":0.0,"gold_gain":0.0,"event_name":"Cursed Tome","player_choice":"Obtained Book","floor":19.0,"gold_loss":0.0,"damage_taken":21.0},{"damage_healed":0,"gold_gain":0,"player_choice":"Paid","damage_taken":0,"relics_obtained":["Red Mask"],"max_hp_gain":0,"max_hp_loss":0,"event_name":"Tomb of Lord Red Mask","floor":47,"gold_loss":77}],"is_beta":false,"boss_relics":[{"not_picked":["Fusion Hammer","Velvet Choker"],"picked":"Nuclear Battery"},{"not_picked":["Philosopher\u0027s Stone","Tiny House"],"picked":"Inserter"}],"items_purged_floors":[28,44],"is_endless":false,"potions_floor_spawned":[2,8,10,24,27,31,36,46,48],"ascension_level":20}