{"gold_per_floor":[112,130,93,93,93,93,119,119,173,187,219,239,249,268,268,340,340,354,354,354,23,41,41,41,41,41,41,56,75,100,114,114,114],"floor_reached":33,"playtime":1287,"items_purged":[],"score":754,"play_id":"c38630e0-fa0d-4deb-815c-cffcaa94aab1","local_time":"20190308121752","is_ascension_mode":true,"campfire_choices":[{"data":"Zap","floor":6,"key":"SMITH"},{"data":"Hologram","floor":8,"key":"SMITH"},{"data":"Turbo","floor":15,"key":"SMITH"},{"data":"Consume","floor":23,"key":"SMITH"},{"floor":25,"key":"REST"},{"data":"Seek","floor":27,"key":"SMITH"},{"floor":32,"key":"REST"}],"neow_cost":"NONE","seed_source_timestamp":74180598503200,"circlet_count":0,"master_deck":["AscendersBane","Strike_B+1","Strike_B","Defend_B+1","Defend_B+1","Defend_B","Defend_B","Zap+1","Dualcast","Gash","Gash+1","Self Repair","Hologram+1","Go for the Eyes","Turbo+1","Consume+1","Echo Form","Seek+1","Skim","All For One","Chill","Biased Cognition"],"relics":["Cracked Core","NeowsBlessing","Unceasing Top","Whetstone","Shuriken","Runic Dome","Nilry\u0027s Codex","Ice Cream","Bottled Lightning","Turnip"],"potions_floor_usage":[11,16,30,33],"damage_taken":[{"damage":0,"enemies":"Cultist","floor":1,"turns":1},{"damage":0,"enemies":"Small Slimes","floor":2,"turns":1},{"damage":0,"enemies":"Lagavulin","floor":7,"turns":1},{"damage":2,"enemies":"2 Louse","floor":10,"turns":2},{"damage":34,"enemies":"Gremlin Nob","floor":11,"turns":4},{"damage":0,"enemies":"Red Slaver","floor":12,"turns":3},{"damage":1,"enemies":"2 Fungi Beasts","floor":13,"turns":3},{"damage":3,"enemies":"3 Louse","floor":14,"turns":3},{"damage":0,"enemies":"Slime Boss","floor":16,"turns":7},{"damage":30,"enemies":"Shell Parasite","floor":18,"turns":5},{"damage":0,"enemies":"Spheric Guardian","floor":22,"turns":3},{"damage":4,"enemies":"Chosen and Byrds","floor":28,"turns":3},{"damage":0,"enemies":"Sentry and Sphere","floor":29,"turns":4},{"damage":39,"enemies":"Slavers","floor":30,"turns":6},{"damage":13,"enemies":"Cultist and Chosen","floor":31,"turns":4},{"damage":59,"enemies":"Automaton","floor":33,"turns":6}],"seed_played":"5155929802510733934","potions_obtained":[{"floor":1,"key":"Poison Potion"},{"floor":2,"key":"SmokeBomb"},{"floor":7,"key":"Regen Potion"},{"floor":12,"key":"Block Potion"},{"floor":28,"key":"Energy Potion"},{"floor":30,"key":"Strength Potion"}],"is_trial":false,"path_per_floor":["M","M","$","?","?","R","E","R","T","M","E","M","M","M","R","B",null,"M","?","?","$","M","R","?","R","T","R","M","M","E","M","R","B"],"character_chosen":"DEFECT","items_purchased":["Self Repair","Ice Cream"],"campfire_rested":2,"item_purchase_floors":[3,21],"current_hp_per_floor":[64,64,64,43,43,43,50,50,50,55,40,47,53,50,50,64,69,46,46,25,25,32,32,32,53,53,53,56,70,38,32,53,0],"gold":114,"neow_bonus":"THREE_ENEMY_KILL","is_prod":false,"is_daily":false,"chose_seed":false,"campfire_upgraded":5,"win_rate":0,"timestamp":1552015072,"path_taken":["M","M","?","?","?","R","E","R","T","M","E","M","?","M","R","BOSS","M","?","?","$","M","R","?","R","T","R","M","M","E","?","R","BOSS"],"build_version":"2019-01-23","purchased_purges":0,"victory":false,"max_hp_per_floor":[71,71,71,71,71,71,71,71,71,71,71,71,71,71,71,71,71,71,71,71,71,71,71,71,71,71,71,71,71,71,71,71,71],"card_choices":[{"not_picked":["Scrape","Undo"],"picked":"Gash","floor":1},{"not_picked":["Tempest","Turbo"],"picked":"Gash","floor":2},{"not_picked":["Leap","Turbo"],"picked":"Hologram","floor":7},{"not_picked":["Recycle","Skim"],"picked":"Go for the Eyes","floor":10},{"not_picked":["Compile Driver","Rebound"],"picked":"Echo Form","floor":11},{"not_picked":["Hologram","Ball Lightning"],"picked":"Turbo","floor":12},{"not_picked":["Genetic Algorithm","Steam Power"],"picked":"Consume","floor":13},{"not_picked":["Melter","Sweeping Beam"],"picked":"Echo Form","floor":14},{"not_picked":["Amplify","Multi-Cast"],"picked":"Seek","floor":16},{"not_picked":["Stack","Skim","Barrage"],"picked":"SKIP","floor":18},{"not_picked":["Heatsinks","Streamline","Fusion"],"picked":"SKIP","floor":22},{"not_picked":["Undo","Hologram"],"picked":"Chill","floor":28},{"not_picked":["Go for the Eyes","Stack","Barrage"],"picked":"SKIP","floor":29},{"not_picked":["Skim","Chaos"],"picked":"Biased Cognition","floor":30},{"not_picked":["Blizzard+1","Barrage+1","Go for the Eyes"],"picked":"SKIP","floor":31}],"player_experience":2065162,"relics_obtained":[{"floor":7,"key":"Unceasing Top"},{"floor":9,"key":"Whetstone"},{"floor":11,"key":"Shuriken"},{"floor":20,"key":"Nilry\u0027s Codex"},{"floor":26,"key":"Bottled Lightning"},{"floor":30,"key":"Turnip"}],"event_choices":[{"damage_healed":0,"gold_gain":0,"player_choice":"Entered Light","damage_taken":21,"max_hp_gain":0,"max_hp_loss":0,"event_name":"Shining Light","floor":4,"gold_loss":0,"cards_upgraded":["Defend_B","Defend_B"]},{"cards_removed":["Strike_B"],"damage_healed":0,"gold_gain":0,"player_choice":"Purged","damage_taken":0,"max_hp_gain":0,"max_hp_loss":0,"event_name":"Purifier","floor":5,"gold_loss":0},{"damage_healed":0,"gold_gain":0,"cards_transformed":["Echo Form","Strike_B"],"player_choice":"Became Test Subject","damage_taken":0,"max_hp_gain":0,"max_hp_loss":0,"event_name":"Drug Dealer","floor":19,"gold_loss":0,"cards_obtained":["Skim","All For One"]},{"damage_healed":0,"gold_gain":0,"player_choice":"Obtained Book","damage_taken":21,"max_hp_gain":0,"max_hp_loss":0,"event_name":"Cursed Tome","floor":20,"gold_loss":0},{"damage_healed":0,"gold_gain":0,"player_choice":"0 cards matched","damage_taken":0,"max_hp_gain":0,"max_hp_loss":0,"event_name":"Match and Keep!","floor":24,"gold_loss":0,"cards_obtained":[]}],"is_beta":false,"boss_relics":[{"not_picked":["Orrery","FrozenCore"],"picked":"Runic Dome"}],"items_purged_floors":[],"is_endless":false,"potions_floor_spawned":[1,2,7,12,28,29,30],"killed_by":"Automaton","ascension_level":20}