{"gold_per_floor":[110,122,122,22,22,22,32,32,57,88,106,106,183,183],"floor_reached":14,"playtime":334,"items_purged":[],"score":176,"play_id":"0aeec6b4-fd3d-4d4d-b6ce-f009971c843e","local_time":"20190209101950","is_ascension_mode":true,"campfire_choices":[{"data":"Streamline","floor":6,"key":"SMITH"},{"data":"Creative AI","floor":8,"key":"SMITH"}],"neow_cost":"NONE","seed_source_timestamp":317427973948800,"circlet_count":0,"master_deck":["AscendersBane","Strike_B","Strike_B","Strike_B","Strike_B","Defend_B+1","Defend_B","Defend_B+1","Defend_B","Zap","Dualcast","Trip","Streamline+1","Beam Cell","Cold Snap","Capacitor","Creative AI+1","Gash","Gash"],"relics":["Cracked Core","Anchor","Gremlin Horn","Golden Idol"],"potions_floor_usage":[14,14],"damage_taken":[{"damage":7,"enemies":"2 Louse","floor":1,"turns":2},{"damage":0,"enemies":"Small Slimes","floor":2,"turns":2},{"damage":5,"enemies":"Jaw Worm","floor":7,"turns":3},{"damage":30,"enemies":"Lagavulin","floor":10,"turns":8},{"damage":0,"enemies":"2 Fungi Beasts","floor":11,"turns":3},{"damage":0,"enemies":"3 Sentries","floor":14,"turns":2}],"seed_played":"-8163440738742026562","potions_obtained":[{"floor":2,"key":"PowerPotion"},{"floor":7,"key":"Ancient Potion"}],"is_trial":false,"path_per_floor":["M","M","?","$","?","R","M","R","T","E","M","?","?","E"],"character_chosen":"DEFECT","items_purchased":["Cold Snap","Capacitor"],"campfire_rested":0,"item_purchase_floors":[4,4],"current_hp_per_floor":[57,57,36,36,36,36,31,31,31,1,1,1,1,1],"gold":183,"neow_bonus":"RANDOM_COLORLESS","is_prod":false,"is_daily":false,"chose_seed":false,"campfire_upgraded":2,"win_rate":0,"timestamp":1549675190,"path_taken":["M","M","?","$","?","R","M","R","T","E","?","?","?","E"],"build_version":"2019-01-23","purchased_purges":0,"victory":false,"max_hp_per_floor":[71,71,71,71,71,71,71,71,71,71,71,64,64,64],"card_choices":[{"not_picked":["Auto Shields","Melter"],"picked":"Streamline","floor":1},{"not_picked":["Loop","Compile Driver"],"picked":"Beam Cell","floor":2},{"not_picked":["Self Repair","Sweeping Beam"],"picked":"Creative AI","floor":7},{"not_picked":["Doom and Gloom","Conserve Battery"],"picked":"Gash","floor":10},{"not_picked":["Stack","Reinforced Body"],"picked":"Gash","floor":11}],"player_experience":1470458,"relics_obtained":[{"floor":9,"key":"Anchor"},{"floor":10,"key":"Gremlin Horn"}],"event_choices":[{"damage_healed":0,"gold_gain":0,"player_choice":"Entered Light","damage_taken":21,"max_hp_gain":0,"max_hp_loss":0,"event_name":"Shining Light","floor":3,"gold_loss":0,"cards_upgraded":["Defend_B","Defend_B"]},{"damage_healed":0,"gold_gain":0,"player_choice":"Leave","damage_taken":0,"max_hp_gain":0,"max_hp_loss":0,"event_name":"The Cleric","floor":5,"gold_loss":0},{"damage_healed":0,"gold_gain":0,"player_choice":"Lose Max HP","damage_taken":0,"relics_obtained":["Golden Idol"],"max_hp_gain":0,"max_hp_loss":7,"event_name":"Golden Idol","floor":12,"gold_loss":0},{"damage_healed":0,"gold_gain":77,"player_choice":"Gained Gold","damage_taken":0,"max_hp_gain":0,"max_hp_loss":0,"event_name":"Golden Wing","floor":13,"gold_loss":0}],"is_beta":false,"boss_relics":[],"items_purged_floors":[],"is_endless":false,"potions_floor_spawned":[2,7],"killed_by":"3 Sentries","ascension_level":20}