{"gold_per_floor":[116,391,50,70,90,90,119,133,133,56,84,84,118,118],"floor_reached":14,"playtime":492,"items_purged":["Regret"],"score":216,"play_id":"acd30c15-4a6b-4a2f-b36c-758fc9bdadb1","local_time":"20190225121357","is_ascension_mode":true,"campfire_choices":[{"data":"Defragment","floor":6,"key":"SMITH"},{"floor":12,"key":"REST"}],"neow_cost":"NONE","seed_source_timestamp":433340182817400,"circlet_count":0,"master_deck":["AscendersBane","Strike_B","Strike_B","Strike_B","Strike_B","Defend_B","Defend_B","Defend_B","Defend_B","Zap","Dualcast","Consume","Defragment+1","Coolheaded","Loop","Coolheaded"],"relics":["Cracked Core","Anchor","DataDisk","Dream Catcher","Lantern","Kunai","Bag of Marbles"],"potions_floor_usage":[8,11,13],"damage_taken":[{"damage":7,"enemies":"Jaw Worm","floor":1,"turns":4},{"damage":7,"enemies":"Cultist","floor":4,"turns":4},{"damage":7,"enemies":"Small Slimes","floor":5,"turns":3},{"damage":39,"enemies":"Gremlin Nob","floor":7,"turns":4},{"damage":0,"enemies":"2 Fungi Beasts","floor":8,"turns":2},{"damage":3,"enemies":"3 Sentries","floor":11,"turns":21},{"damage":20,"enemies":"Gremlin Nob","floor":13,"turns":4},{"damage":9,"enemies":"3 Louse","floor":14,"turns":2}],"seed_played":"-3053467750773567657","potions_obtained":[{"floor":1,"key":"FocusPotion"},{"floor":8,"key":"Weak Potion"},{"floor":11,"key":"SpeedPotion"}],"is_trial":false,"path_per_floor":["M","?","$","M","M","R","E","M","T","$","E","R","E","M"],"character_chosen":"DEFECT","items_purchased":["DataDisk","Defragment","Explosive Potion","Loop"],"campfire_rested":1,"item_purchase_floors":[3,3,3,10],"current_hp_per_floor":[57,57,57,50,43,43,4,4,4,4,1,22,2,0],"gold":118,"neow_bonus":"RANDOM_COMMON_RELIC","is_prod":false,"is_daily":false,"chose_seed":false,"campfire_upgraded":1,"win_rate":0,"timestamp":1551064437,"path_taken":["M","?","$","?","?","R","E","M","T","$","E","R","E","M"],"build_version":"2019-01-23","purchased_purges":1,"victory":false,"max_hp_per_floor":[71,71,71,71,71,71,71,71,71,71,71,71,71,71],"card_choices":[{"not_picked":["Go for the Eyes","Genetic Algorithm"],"picked":"Consume","floor":1},{"not_picked":["Steam","Barrage","Conserve Battery"],"picked":"SKIP","floor":4},{"not_picked":["Double Energy","Go for the Eyes","Hello World"],"picked":"SKIP","floor":5},{"not_picked":["Skim","Amplify","Hologram"],"picked":"SKIP","floor":7},{"not_picked":["Rebound","Turbo"],"picked":"Coolheaded","floor":8},{"not_picked":["Multi-Cast","Steam Power","Beam Cell"],"picked":"SKIP","floor":11},{"not_picked":["Turbo","Genetic Algorithm"],"picked":"Coolheaded","floor":12},{"not_picked":["Doom and Gloom","Sweeping Beam","Beam Cell"],"picked":"SKIP","floor":13}],"player_experience":1806066,"relics_obtained":[{"floor":7,"key":"Dream Catcher"},{"floor":9,"key":"Lantern"},{"floor":11,"key":"Kunai"},{"floor":13,"key":"Bag of Marbles"}],"event_choices":[{"damage_healed":0,"gold_gain":275,"player_choice":"Desecrate","damage_taken":0,"max_hp_gain":0,"max_hp_loss":0,"event_name":"Golden Shrine","floor":2,"gold_loss":0,"cards_obtained":["Regret"]}],"is_beta":false,"boss_relics":[],"items_purged_floors":[3],"is_endless":false,"potions_floor_spawned":[1,8,11],"killed_by":"3 Louse","ascension_level":20}