{"gold_per_floor":[109,384,398,398,18,18,43,58,58,58,84,28,61,73,73,148,148,164,164,64,64,40,40,52,68,68,78,78,105,117,140,152,238,250,272,284,306,30,44,44,74,474,501,32,0,29,29,44,44,44],"floor_reached":51,"playtime":1640,"items_purged":["Regret","Doubt","Strike_B"],"score":1606,"play_id":"b43de1e1-21fe-4f7c-a43f-39591e742bde","local_time":"20190216205406","is_ascension_mode":true,"campfire_choices":[{"data":"Buffer","floor":6,"key":"SMITH"},{"data":"Consume","floor":10,"key":"SMITH"},{"data":"Zap","floor":15,"key":"SMITH"},{"data":"Electrodynamics","floor":23,"key":"SMITH"},{"data":"Blizzard","floor":28,"key":"SMITH"},{"floor":30,"key":"REST"},{"data":"Coolheaded","floor":32,"key":"SMITH"},{"data":"Buffer","floor":40,"key":"SMITH"},{"floor":49,"key":"REST"}],"neow_cost":"NONE","seed_source_timestamp":211269719767200,"circlet_count":0,"master_deck":["AscendersBane","Strike_B","Strike_B","Strike_B+1","Defend_B","Defend_B","Defend_B","Defend_B","Zap+1","Dualcast","Cold Snap+1","Buffer+1","Core Surge","Consume+1","Reinforced Body","Electrodynamics+1","Glacier","Blizzard+1","Coolheaded+1","White Noise","Self Repair","Coolheaded","Buffer+1","Turbo+1","Blizzard"],"relics":["Cracked Core","Bag of Preparation","ClockworkSouvenir","Thread and Needle","Pocketwatch","Odd Mushroom","Sundial","Inserter","Whetstone","MawBank","Snecko Eye","Dodecahedron","PreservedInsect","Old Coin","Centennial Puzzle","Lantern","Regal Pillow","Red Mask","Kunai"],"potions_floor_usage":[7,14,50,50],"damage_taken":[{"damage":2,"enemies":"Jaw Worm","floor":1,"turns":4},{"damage":4,"enemies":"Cultist","floor":3,"turns":3},{"damage":19,"enemies":"3 Sentries","floor":7,"turns":8},{"damage":0,"enemies":"Small Slimes","floor":8,"turns":3},{"damage":0,"enemies":"The Mushroom Lair","floor":11,"turns":5},{"damage":0,"enemies":"Lagavulin","floor":13,"turns":6},{"damage":0,"enemies":"Gremlin Gang","floor":14,"turns":2},{"damage":0,"enemies":"The Guardian","floor":16,"turns":13},{"damage":3,"enemies":"3 Byrds","floor":18,"turns":2},{"damage":0,"enemies":"Shell Parasite","floor":24,"turns":6},{"damage":0,"enemies":"Snecko","floor":25,"turns":6},{"damage":11,"enemies":"Snake Plant","floor":27,"turns":4},{"damage":32,"enemies":"Book of Stabbing","floor":29,"turns":9},{"damage":0,"enemies":"3 Cultists","floor":31,"turns":3},{"damage":12,"enemies":"Automaton","floor":33,"turns":14},{"damage":1,"enemies":"Orb Walker","floor":35,"turns":5},{"damage":0,"enemies":"3 Darklings","floor":37,"turns":4},{"damage":0,"enemies":"Spire Growth","floor":39,"turns":5},{"damage":0,"enemies":"Reptomancer","floor":41,"turns":7},{"damage":0,"enemies":"Mind Bloom Boss Battle","floor":42,"turns":6},{"damage":0,"enemies":"Nemesis","floor":46,"turns":7},{"damage":10,"enemies":"Jaw Worm Horde","floor":48,"turns":3},{"damage":11,"enemies":"Donu and Deca","floor":50,"turns":8}],"seed_played":"-8228201557925908557","potions_obtained":[{"floor":3,"key":"LiquidBronze"},{"floor":13,"key":"Explosive Potion"},{"floor":14,"key":"Poison Potion"},{"floor":35,"key":"PowerPotion"}],"is_trial":false,"path_per_floor":["M","?","M","?","$","R","E","M","T","R","?","$","E","M","R","B",null,"M","?","$","?","$","R","M","M","T","M","R","E","R","M","R","B",null,"M","?","M","$","M","R","E","?","T","$","?","E","?","M","R","B",null],"character_chosen":"DEFECT","items_purchased":["Buffer","ClockworkSouvenir","PowerPotion","Coolheaded","Dodecahedron","Lantern","Regal Pillow"],"campfire_rested":2,"item_purchase_floors":[5,5,12,22,38,44,44],"current_hp_per_floor":[62,62,58,58,58,58,39,39,39,39,39,39,39,39,39,39,63,60,60,60,60,60,60,60,60,60,49,49,24,45,45,45,40,63,69,67,67,67,67,67,67,67,67,67,67,67,67,57,67,63],"gold":44,"neow_bonus":"RANDOM_COMMON_RELIC","is_prod":false,"is_daily":false,"chose_seed":false,"campfire_upgraded":7,"win_rate":0,"timestamp":1550318046,"path_taken":["M","?","?","?","$","R","E","?","T","R","?","?","E","M","R","BOSS","M","?","$","?","?","R","M","?","T","M","R","E","R","M","R","BOSS","M","?","M","$","M","R","E","?","T","$","?","E","?","M","R","BOSS"],"build_version":"2019-01-23","purchased_purges":3,"victory":true,"max_hp_per_floor":[71,71,71,71,71,71,71,71,71,71,71,71,71,71,71,71,71,71,71,71,71,71,71,71,71,71,71,71,71,71,71,71,71,71,71,67,67,67,67,67,67,67,67,67,67,67,67,67,67,67],"card_choices":[{"not_picked":["Gash","Beam Cell"],"picked":"Cold Snap","floor":1},{"not_picked":["Rebound","Doom and Gloom","Redo"],"picked":"SKIP","floor":3},{"not_picked":["Hologram","Conserve Battery"],"picked":"Core Surge","floor":7},{"not_picked":["Sunder","Rebound"],"picked":"Consume","floor":8},{"not_picked":["Ball Lightning","Force Field"],"picked":"Reinforced Body","floor":13},{"not_picked":["Steam","Scrape","Redo"],"picked":"SKIP","floor":14},{"not_picked":["Fission","Core Surge"],"picked":"Electrodynamics","floor":16},{"not_picked":["Coolheaded+1","Heatsinks"],"picked":"Glacier","floor":18},{"not_picked":["Melter","Chaos"],"picked":"White Noise","floor":24},{"not_picked":["Genetic Algorithm","Steam Power","Reinforced Body"],"picked":"SKIP","floor":25},{"not_picked":["Stack","Go for the Eyes"],"picked":"Self Repair","floor":27},{"not_picked":["White Noise","Compile Driver"],"picked":"Coolheaded","floor":29},{"not_picked":["Go for the Eyes","Gash","Undo"],"picked":"SKIP","floor":31},{"not_picked":["Core Surge","Thunder Strike"],"picked":"Buffer","floor":33},{"not_picked":["Reprogram+1","Turbo+1","Steam Power"],"picked":"SKIP","floor":35},{"not_picked":["Reprogram+1","Steam Power"],"picked":"Turbo+1","floor":35},{"not_picked":["Steam Power+1","Cold Snap","Coolheaded"],"picked":"SKIP","floor":37},{"not_picked":["Barrage","Ball Lightning","Chill"],"picked":"SKIP","floor":39},{"not_picked":["Heatsinks","Hologram","Rebound"],"picked":"SKIP","floor":41},{"not_picked":["Sweeping Beam","Redo+1"],"picked":"Blizzard","floor":46},{"not_picked":["Chaos","Barrage","Beam Cell+1"],"picked":"SKIP","floor":48}],"player_experience":97830,"relics_obtained":[{"floor":7,"key":"Thread and Needle"},{"floor":9,"key":"Pocketwatch"},{"floor":11,"key":"Odd Mushroom"},{"floor":13,"key":"Sundial"},{"floor":26,"key":"Whetstone"},{"floor":29,"key":"MawBank"},{"floor":41,"key":"PreservedInsect"},{"floor":42,"key":"Old Coin"},{"floor":43,"key":"Centennial Puzzle"},{"floor":46,"key":"Kunai"}],"event_choices":[{"damage_healed":0,"gold_gain":275,"player_choice":"Desecrate","damage_taken":0,"max_hp_gain":0,"max_hp_loss":0,"event_name":"Golden Shrine","floor":2,"gold_loss":0,"cards_obtained":["Regret"]},{"damage_healed":0,"gold_gain":0,"player_choice":"1 cards matched","damage_taken":0,"max_hp_gain":0,"max_hp_loss":0,"event_name":"Match and Keep!","floor":4,"gold_loss":0,"cards_obtained":["Doubt"]},{"damage_healed":0,"gold_gain":0,"player_choice":"Fought Mushrooms","damage_taken":0,"max_hp_gain":0,"max_hp_loss":0,"event_name":"Mushrooms","floor":11,"gold_loss":0},{"damage_healed":0,"gold_gain":0,"player_choice":"Read","damage_taken":0,"max_hp_gain":0,"max_hp_loss":0,"event_name":"The Library","floor":19,"gold_loss":0,"cards_obtained":["Blizzard"]},{"damage_healed":0,"gold_gain":0,"player_choice":"Ignored","damage_taken":0,"max_hp_gain":0,"max_hp_loss":0,"event_name":"Beggar","floor":21,"gold_loss":0},{"damage_healed":0,"gold_gain":0,"player_choice":"Max HP","damage_taken":0,"max_hp_gain":0,"max_hp_loss":4,"event_name":"Winding Halls","floor":36,"gold_loss":0},{"damage_healed":0,"gold_gain":0,"player_choice":"Fight","damage_taken":0,"max_hp_gain":0,"max_hp_loss":0,"event_name":"MindBloom","floor":42,"gold_loss":0},{"damage_healed":0,"gold_gain":0,"player_choice":"Paid","damage_taken":0,"relics_obtained":["Red Mask"],"max_hp_gain":0,"max_hp_loss":0,"event_name":"Tomb of Lord Red Mask","floor":45,"gold_loss":32},{"damage_healed":0,"gold_gain":0,"player_choice":"Memory 1","damage_taken":0,"max_hp_gain":0,"max_hp_loss":0,"event_name":"SensoryStone","floor":47,"gold_loss":0}],"is_beta":false,"boss_relics":[{"not_picked":["White Beast Statue","Nuclear Battery"],"picked":"Inserter"},{"not_picked":["Empty Cage","Lizard Tail"],"picked":"Snecko Eye"}],"items_purged_floors":[5,20,44],"is_endless":false,"potions_floor_spawned":[3,13,14,16,18,29,33,35,42,46],"ascension_level":18}