{"gold_per_floor":[112,37,54,71,21,21,37,49,49,49,66,66,78,94,94,190,190,206,216,216],"floor_reached":20,"playtime":1567,"items_purged":["Strike_R"],"score":213,"play_id":"dd8bb2d8-fc02-48ff-852a-5e3d87de7ac0","local_time":"20190418204455","is_ascension_mode":true,"campfire_choices":[{"data":"Bash","floor":6.0,"key":"SMITH"},{"data":"Body Slam","floor":12.0,"key":"SMITH"},{"data":"Shockwave","floor":15.0,"key":"SMITH"}],"neow_cost":"NONE","seed_source_timestamp":0,"circlet_count":0,"master_deck":["Bash+1","Body Slam+1","Dropkick","Cleave","Whirlwind","Evolve","Headbutt","Corruption","Shockwave+1","Feed","Second Wind","Barricade","Intimidate","Bloodletting","Pummel","Dark Embrace","Armaments"],"special_seed":0,"relics":["Burning Blood","War Paint","Pandora\u0027s Box"],"potions_floor_usage":[20],"damage_taken":[{"damage":14.0,"enemies":"Jaw Worm","floor":1.0,"turns":5.0},{"damage":3.0,"enemies":"2 Louse","floor":3.0,"turns":3.0},{"damage":9.0,"enemies":"Small Slimes","floor":4.0,"turns":3.0},{"damage":8.0,"enemies":"3 Louse","floor":7.0,"turns":3.0},{"damage":11.0,"enemies":"Blue Slaver","floor":8.0,"turns":3.0},{"damage":7.0,"enemies":"Exordium Wildlife","floor":11.0,"turns":5.0},{"damage":8.0,"enemies":"3 Louse","floor":13.0,"turns":2.0},{"damage":6.0,"enemies":"Looter","floor":14.0,"turns":3.0},{"damage":42.0,"enemies":"The Guardian","floor":16.0,"turns":14.0},{"damage":66.0,"enemies":"Spheric Guardian","floor":18.0,"turns":6.0},{"damage":6,"enemies":"3 Byrds","floor":19,"turns":4},{"damage":43,"enemies":"Snecko","floor":20,"turns":5}],"seed_played":"5315232599835353302","potions_obtained":[{"floor":4.0,"key":"EntropicBrew"},{"floor":7.0,"key":"SneckoOil"},{"floor":13.0,"key":"AttackPotion"},{"floor":18.0,"key":"FairyPotion"}],"is_trial":false,"path_per_floor":["M","$","M","M","?","R","M","M","T","$","M","R","M","M","R","B",null,"M","M","M"],"character_chosen":"IRONCLAD","items_purchased":[],"campfire_rested":0,"item_purchase_floors":[],"current_hp_per_floor":[72,72,75,72,72,72,70,65,65,65,64,64,62,62,62,26,67,7,7,0],"gold":216,"neow_bonus":"REMOVE_CARD","is_prod":false,"is_daily":false,"chose_seed":false,"campfire_upgraded":3,"win_rate":0,"timestamp":1555587895,"path_taken":["M","$","M","M","?","R","M","M","T","$","M","R","M","M","R","BOSS","M","M","M"],"build_version":"2019-01-23","purchased_purges":1,"victory":false,"max_hp_per_floor":[80,80,80,80,80,80,80,80,80,80,80,80,80,80,80,80,80,80,80,80],"card_choices":[{"not_picked":["Clash","Rupture"],"picked":"Body Slam","floor":1.0},{"not_picked":["Clash","Havoc"],"picked":"Dropkick","floor":3.0},{"not_picked":["Spot Weakness","Sword Boomerang"],"picked":"Cleave","floor":4.0},{"not_picked":["Battle Trance","Reckless Charge"],"picked":"Whirlwind","floor":7.0},{"not_picked":["Shrug It Off","Pommel Strike"],"picked":"Evolve","floor":8.0},{"not_picked":["Warcry","Thunderclap"],"picked":"Headbutt","floor":11.0},{"not_picked":["Double Tap","Combust"],"picked":"Corruption","floor":13.0},{"not_picked":["Uppercut","Clash"],"picked":"Shockwave","floor":14.0},{"not_picked":["Berserk","Exhume"],"picked":"Feed","floor":16.0},{"not_picked":["Evolve","Warcry+1"],"picked":"Armaments","floor":18.0},{"not_picked":["Bloodletting","Searing Blow","Clash"],"picked":"SKIP","floor":19}],"player_experience":291978,"relics_obtained":[{"floor":9.0,"key":"War Paint"}],"event_choices":[{"cards_removed":["Strike_R"],"damage_healed":0.0,"max_hp_gain":0.0,"max_hp_loss":0.0,"gold_gain":0.0,"event_name":"The Cleric","player_choice":"Card Removal","floor":5.0,"gold_loss":50.0,"damage_taken":0.0}],"is_beta":false,"boss_relics":[{"not_picked":["Tiny House","Black Blood"],"picked":"Pandora\u0027s Box"}],"items_purged_floors":[2],"is_endless":false,"potions_floor_spawned":[4,7,13,18],"killed_by":"Snecko","ascension_level":5}