{"path_per_floor":["M","?","M","?","$","E","R","E","T","E","M","?","?","M","R","B",null,"M","?","M","M","$","R","?","R","T","R","$","M","M","E","R","B",null,"M","$","?","?","T","E","R","?","T","M","E","M","E","M","R"],"character_chosen":"IRONCLAD","items_purchased":["Shuriken","Dramatic Entrance","Block Potion","Swift Strike","Regen Potion"],"gold_per_floor":[218,218,237,312,53,79,79,113,113,143,153,153,153,165,165,268,268,282,282,298,313,138,138,138,138,189,189,40,52,71,97,97,195,195,206,38,38,38,38,68,68,68,68,87,120,137,167,186,186,186],"floor_reached":50,"campfire_rested":7,"playtime":2560,"item_purchase_floors":[5,22,28,36,36],"current_hp_per_floor":[77,77,69,58,58,34,58,55,55,47,53,53,53,59,85,73,84,67,67,73,26,26,52,52,52,52,78,78,79,67,73,87,15,69,41,41,41,63,73,55,84,84,84,76,71,69,31,35,64,0],"items_purged":["Defend_R","Strike_R"],"gold":186,"score":852,"play_id":"caf2389f-b0b4-47f5-a0ca-31951f6ce2cb","local_time":"20180529214844","is_prod":false,"is_daily":false,"chose_seed":false,"is_ascension_mode":true,"campfire_upgraded":1,"win_rate":0,"timestamp":1527619724,"campfire_choices":[{"floor":7,"key":"REST"},{"floor":15,"key":"REST"},{"floor":23,"key":"REST"},{"data":"Dual Wield","floor":25,"key":"SMITH"},{"floor":27,"key":"REST"},{"floor":32,"key":"REST"},{"floor":41,"key":"REST"},{"floor":49,"key":"REST"}],"path_taken":["M","?","M","?","$","E","R","E","T","E","M","?","?","M","R","BOSS","M","?","?","M","$","R","?","R","T","R","$","M","?","E","R","BOSS","M","$","?","?","?","E","R","?","T","?","E","?","E","M","R","BOSS"],"build_version":"2018-05-24","seed_source_timestamp":687832999602237,"purchased_purges":2,"victory":false,"master_deck":["Strike_R","Strike_R","Strike_R","Defend_R+1","Defend_R+1","Bash","Anger","Iron Wave","Anger","Dual Wield+1","Anger+1","Dramatic Entrance","Fire Breathing+1","Swift Strike+1","Dramatic Entrance","Clash+1","Injury","Pain","Infernal Blade+1","Iron Wave"],"max_hp_per_floor":[80,80,80,80,80,80,80,87,87,87,87,87,87,87,87,87,87,87,87,87,87,87,87,87,87,87,87,87,87,87,87,87,87,87,87,87,87,87,97,97,97,97,97,97,97,97,97,97,97,97],"relics":["Burning Blood","Shuriken","Anchor","Strawberry","Kunai","Boot","Runic Cube","War Paint","Omamori","Cursed Key","Pear","Blood Vial","Whetstone","Smiling Mask","Unceasing Top"],"card_choices":[{"not_picked":["Seeing Red","True Grit"],"picked":"Anger","floor":1},{"not_picked":["Second Wind","Thunderclap","Bloodletting"],"picked":"SKIP","floor":3},{"not_picked":["Inflame","Wild Strike"],"picked":"Iron Wave","floor":6},{"not_picked":["Armaments","Demon Form"],"picked":"Anger","floor":8},{"not_picked":["Clothesline","Headbutt","Armaments"],"picked":"SKIP","floor":10},{"not_picked":["Searing Blow","Pommel Strike","Inflame"],"picked":"SKIP","floor":11},{"not_picked":["Evolve","Havoc","Armaments"],"picked":"SKIP","floor":14},{"not_picked":["Shrug It Off+1","Rampage"],"picked":"Dual Wield","floor":18},{"not_picked":["Shrug It Off","Disarm+1","Clothesline"],"picked":"SKIP","floor":20},{"not_picked":["Wild Strike","Perfected Strike+1"],"picked":"Anger","floor":21},{"not_picked":["Reaper","Flex","Wild Strike"],"picked":"SKIP","floor":29},{"not_picked":["Ghostly Armor","Searing Blow","Rampage"],"picked":"SKIP","floor":30},{"not_picked":["Headbutt+1","Perfected Strike+1"],"picked":"Fire Breathing","floor":31},{"not_picked":["Headbutt","Rampage","Warcry"],"picked":"SKIP","floor":35},{"not_picked":["Dual Wield","Rupture+1"],"picked":"Clash+1","floor":40},{"not_picked":["Metallicize+1","Wild Strike+1"],"picked":"Infernal Blade+1","floor":44},{"not_picked":["Cleave+1","Body Slam","Impervious"],"picked":"SKIP","floor":45},{"not_picked":["Flex","Dropkick","Havoc+1"],"picked":"SKIP","floor":46},{"not_picked":["Heavy Blade+1","Body Slam+1","Wild Strike"],"picked":"SKIP","floor":47},{"not_picked":["Thunderclap+1","Ghostly Armor"],"picked":"Iron Wave","floor":48}],"player_experience":441567,"potions_floor_usage":[6,8,10,20,21,29,33,40,40,45,50],"damage_taken":[{"damage":1,"enemies":"2 Louse","floor":1,"turns":3},{"damage":14,"enemies":"Jaw Worm","floor":3,"turns":3},{"damage":30,"enemies":"Lagavulin","floor":6,"turns":6},{"damage":16,"enemies":"Gremlin Nob","floor":8,"turns":3},{"damage":14,"enemies":"Lagavulin","floor":10,"turns":5},{"damage":0,"enemies":"Cultist","floor":11,"turns":3},{"damage":0,"enemies":"2 Fungi Beasts","floor":14,"turns":3},{"damage":18,"enemies":"Slime Boss","floor":16,"turns":9},{"damage":23,"enemies":"2 Thieves","floor":18,"turns":5},{"damage":0,"enemies":"3 Byrds","floor":20,"turns":4},{"damage":53,"enemies":"Cultist and Chosen","floor":21,"turns":7},{"damage":5,"enemies":"Snecko","floor":29,"turns":4},{"damage":18,"enemies":"Sentry and Sphere","floor":30,"turns":4},{"damage":0,"enemies":"Gremlin Leader","floor":31,"turns":5},{"damage":78,"enemies":"Collector","floor":33,"turns":8},{"damage":34,"enemies":"3 Shapes","floor":35,"turns":3},{"damage":38,"enemies":"Nemesis","floor":40,"turns":5},{"damage":16,"enemies":"Orb Walker","floor":44,"turns":3},{"damage":13,"enemies":"Giant Head","floor":45,"turns":5},{"damage":10,"enemies":"4 Shapes","floor":46,"turns":2},{"damage":46,"enemies":"Nemesis","floor":47,"turns":5},{"damage":4,"enemies":"3 Darklings","floor":48,"turns":3},{"damage":74,"enemies":"Awakened One","floor":50,"turns":4}],"relics_obtained":[{"floor":6,"key":"Anchor"},{"floor":8,"key":"Strawberry"},{"floor":9,"key":"Kunai"},{"floor":10,"key":"Boot"},{"floor":26,"key":"War Paint"},{"floor":31,"key":"Omamori"},{"floor":39,"key":"Pear"},{"floor":40,"key":"Blood Vial"},{"floor":43,"key":"Whetstone"},{"floor":45,"key":"Smiling Mask"},{"floor":47,"key":"Unceasing Top"}],"event_choices":[{"event_name":"Living Wall","player_choice":"Forget","floor":2,"damage_taken":0},{"event_name":"World of Goop","player_choice":"Gather Gold","floor":4,"damage_taken":0},{"event_name":"Liars Game","player_choice":"disagreed","floor":12,"damage_taken":0},{"event_name":"Golden Idol","player_choice":"Ignored","floor":13,"damage_taken":0},{"event_name":"Ghosts","player_choice":"Ignored","floor":19,"damage_taken":0},{"event_name":"Purifier","player_choice":"One Purge","floor":24,"damage_taken":0},{"event_name":"Duplicator","player_choice":"One dupe","floor":37,"damage_taken":0},{"event_name":"Winding Halls","player_choice":"Writhe","floor":38,"damage_taken":0},{"event_name":"Accursed Blacksmith","player_choice":"Forge","floor":42,"damage_taken":0}],"boss_relics":[{"not_picked":["Ectoplasm","Mark of Pain"],"picked":"Runic Cube"},{"not_picked":["White Beast Statue","Runic Dome"],"picked":"Cursed Key"}],"items_purged_floors":[22,28],"potions_floor_spawned":[1,6,8,14,18,31,35,44,48],"seed_played":"-5765554075749896096","killed_by":"Awakened One","ascension_level":8,"potions_obtained":[{"floor":1,"key":"Block Potion"},{"floor":6,"key":"Swift Potion"},{"floor":8,"key":"AttackPotion"},{"floor":14,"key":"SpeedPotion"},{"floor":18,"key":"AttackPotion"},{"floor":31,"key":"Energy Potion"},{"floor":35,"key":"Weak Potion"},{"floor":44,"key":"EssenceOfSteel"},{"floor":48,"key":"Poison Potion"}],"is_trial":false}