{"gold_per_floor":[117,117,117,117,117,155,155,190,190,214,214,227,152,166,166,166],"floor_reached":16,"playtime":302,"items_purged":["Regret"],"score":316,"play_id":"8f76d4ba-4fe0-4f5b-aabd-d402e39cdc7a","local_time":"20190418183328","is_ascension_mode":true,"campfire_choices":[{"data":"Armaments","floor":7,"key":"SMITH"},{"data":"Bash","floor":11,"key":"SMITH"},{"data":"Disarm","floor":15,"key":"SMITH"}],"neow_cost":"NONE","seed_source_timestamp":225531925055700,"circlet_count":0,"master_deck":["AscendersBane","Strike_R","Strike_R","Strike_R","Strike_R","Strike_R","Defend_R","Defend_R","Defend_R","Defend_R","Bash+1","Armaments+1","Evolve","Disarm+1","Barricade","Battle Trance"],"relics":["Burning Blood","NeowsBlessing","Letter Opener","Golden Idol","Oddly Smooth Stone","Ornamental Fan","Regal Pillow","PreservedInsect"],"potions_floor_usage":[16],"damage_taken":[{"damage":0,"enemies":"Small Slimes","floor":1,"turns":1},{"damage":0,"enemies":"Gremlin Nob","floor":6,"turns":1},{"damage":0,"enemies":"Lagavulin","floor":8,"turns":1},{"damage":12,"enemies":"Jaw Worm","floor":10,"turns":5},{"damage":5,"enemies":"Cultist","floor":12,"turns":4},{"damage":4,"enemies":"2 Fungi Beasts","floor":14,"turns":5},{"damage":59,"enemies":"Hexaghost","floor":16,"turns":10}],"seed_played":"-3193513669623284781","potions_obtained":[{"floor":6,"key":"Swift Potion"},{"floor":8,"key":"Explosive Potion"}],"is_trial":false,"path_per_floor":["M","?","?","?","$","E","R","E","T","M","R","M","$","M","R","B"],"character_chosen":"IRONCLAD","items_purchased":[],"campfire_rested":0,"item_purchase_floors":[],"current_hp_per_floor":[74,74,48,48,48,54,54,60,60,54,54,55,55,57,57,0],"gold":166,"neow_bonus":"THREE_ENEMY_KILL","is_prod":false,"is_daily":false,"chose_seed":false,"campfire_upgraded":3,"win_rate":0,"timestamp":1555580008,"path_taken":["M","?","?","?","$","E","R","E","T","M","R","M","$","?","R","BOSS"],"build_version":"2019-01-23","purchased_purges":1,"victory":false,"max_hp_per_floor":[75,75,75,75,75,75,75,75,75,75,75,75,75,75,75,75],"card_choices":[{"not_picked":["Iron Wave","Corruption"],"picked":"Clothesline","floor":1},{"not_picked":["Iron Wave","Shrug It Off"],"picked":"Armaments","floor":6},{"not_picked":["Thunderclap","Perfected Strike"],"picked":"Evolve","floor":8},{"not_picked":["Evolve","Armaments"],"picked":"Disarm","floor":10},{"not_picked":["Shockwave","Heavy Blade"],"picked":"Barricade","floor":12},{"not_picked":["Clothesline","Sentinel"],"picked":"Battle Trance","floor":14}],"player_experience":3212103,"relics_obtained":[{"floor":6,"key":"Ornamental Fan"},{"floor":8,"key":"Regal Pillow"},{"floor":9,"key":"PreservedInsect"}],"event_choices":[{"damage_healed":0,"gold_gain":0,"player_choice":"Box","damage_taken":0,"relics_obtained":["Letter Opener"],"max_hp_gain":0,"max_hp_loss":0,"event_name":"Big Fish","floor":2,"gold_loss":0,"cards_obtained":["Regret"]},{"damage_healed":0,"gold_gain":0,"player_choice":"Take Damage","damage_taken":26,"relics_obtained":["Golden Idol"],"max_hp_gain":0,"max_hp_loss":0,"event_name":"Golden Idol","floor":3,"gold_loss":0},{"cards_removed":["Clothesline"],"damage_healed":0,"gold_gain":0,"player_choice":"Gave Card","damage_taken":0,"relics_obtained":["Oddly Smooth Stone"],"max_hp_gain":0,"max_hp_loss":0,"event_name":"WeMeetAgain","floor":4,"gold_loss":0}],"is_beta":false,"boss_relics":[],"items_purged_floors":[13],"is_endless":false,"potions_floor_spawned":[6,8,14],"killed_by":"Hexaghost","ascension_level":20}