{"gold_per_floor":[16,32,103,103,121,152,152,178,204,204,217,248,268,26,26,105,105,118,78],"floor_reached":19,"playtime":993,"items_purged":[],"score":474,"play_id":"04f8513f-b3f7-4bb8-8554-70279fb7ffb5","local_time":"20190404231306","is_ascension_mode":true,"campfire_choices":[{"floor":7.0,"key":"REST"},{"floor":10.0,"key":"REST"},{"data":"Hyperbeam","floor":15.0,"key":"SMITH"}],"neow_cost":"NO_GOLD","seed_source_timestamp":3499255154442544,"circlet_count":0,"master_deck":["AscendersBane","Strike_B","Strike_B","Strike_B","Strike_B","Defend_B+1","Defend_B","Defend_B","Defend_B","Zap","Dualcast+1","Sweeping Beam","Hyperbeam+1","Go for the Eyes","Chill","Electrodynamics","Leap","Defragment","Reinforced Body","Loop","Core Surge","Auto Shields"],"special_seed":0,"relics":["Cracked Core","Ginger","Boot","DataDisk","Emotion Chip","Vajra","Inserter"],"potions_floor_usage":[],"damage_taken":[{"damage":7.0,"enemies":"2 Louse","floor":1.0,"turns":3.0},{"damage":12.0,"enemies":"Jaw Worm","floor":2.0,"turns":3.0},{"damage":0.0,"enemies":"Cultist","floor":5.0,"turns":3.0},{"damage":12.0,"enemies":"3 Sentries","floor":6.0,"turns":5.0},{"damage":21.0,"enemies":"Lagavulin","floor":8.0,"turns":7.0},{"damage":0.0,"enemies":"Gremlin Gang","floor":11.0,"turns":1.0},{"damage":10.0,"enemies":"3 Sentries","floor":12.0,"turns":4.0},{"damage":9.0,"enemies":"3 Louse","floor":13.0,"turns":3.0},{"damage":0.0,"enemies":"Slime Boss","floor":16.0,"turns":6.0},{"damage":38.0,"enemies":"Chosen","floor":18.0,"turns":4.0},{"damage":22,"enemies":"2 Thieves","floor":19,"turns":1}],"seed_played":"2173848150597237086","potions_obtained":[{"floor":2.0,"key":"Weak Potion"},{"floor":6.0,"key":"FearPotion"},{"floor":12.0,"key":"FearPotion"},{"floor":13.0,"key":"Strength Potion"}],"is_trial":false,"path_per_floor":["M","M","?","?","M","E","R","E","T","R","M","E","M","$","R","B",null,"M","M"],"character_chosen":"DEFECT","items_purchased":["Loop","Vajra"],"campfire_rested":2,"item_purchase_floors":[14,14],"current_hp_per_floor":[57,45,45,24,24,12,33,12,12,33,33,23,14,14,14,14,57,19,0],"gold":78,"neow_bonus":"ONE_RARE_RELIC","is_prod":false,"is_daily":false,"chose_seed":false,"campfire_upgraded":1,"win_rate":0,"timestamp":1554390786,"path_taken":["M","M","?","?","M","E","R","E","T","R","M","E","M","$","R","BOSS","M","M"],"build_version":"2019-03-15","purchased_purges":0,"victory":false,"max_hp_per_floor":[71,71,71,71,71,71,71,71,71,71,71,71,71,71,71,71,71,71,71],"card_choices":[{"not_picked":["Stack","Hologram"],"picked":"Sweeping Beam","floor":1.0},{"not_picked":["Steam","Gash"],"picked":"Hyperbeam","floor":2.0},{"not_picked":["Leap","Recycle"],"picked":"Go for the Eyes","floor":5.0},{"not_picked":["Cold Snap","Compile Driver"],"picked":"Chill","floor":6.0},{"not_picked":["Redo","Streamline"],"picked":"Electrodynamics","floor":8.0},{"not_picked":["Meteor Strike","Compile Driver"],"picked":"Leap","floor":11.0},{"not_picked":["Rebound","Stack"],"picked":"Defragment","floor":12.0},{"not_picked":["Redo","Steam"],"picked":"Reinforced Body","floor":13.0},{"not_picked":["Electrodynamics","Rainbow"],"picked":"Core Surge","floor":16.0},{"not_picked":["Go for the Eyes","Barrage"],"picked":"Auto Shields","floor":18.0}],"player_experience":762468,"relics_obtained":[{"floor":6.0,"key":"Boot"},{"floor":8.0,"key":"DataDisk"},{"floor":12.0,"key":"Emotion Chip"}],"event_choices":[{"damage_healed":0.0,"max_hp_gain":0.0,"max_hp_loss":0.0,"gold_gain":71.0,"event_name":"Golden Wing","player_choice":"Gained Gold","floor":3.0,"gold_loss":0.0,"damage_taken":0.0},{"damage_healed":0.0,"max_hp_gain":0.0,"max_hp_loss":0.0,"gold_gain":0.0,"event_name":"Shining Light","player_choice":"Entered Light","floor":4.0,"gold_loss":0.0,"damage_taken":21.0,"cards_upgraded":["Dualcast","Defend_B"]}],"is_beta":true,"boss_relics":[{"not_picked":["FrozenCore","Lizard Tail"],"picked":"Inserter"}],"items_purged_floors":[],"is_endless":false,"potions_floor_spawned":[2,6,12,13],"killed_by":"2 Thieves","ascension_level":20}