{"gold_per_floor":[113,113,132,57,74,74,102,102,127,152,152,29,49,76,76,178,178,193,193,210,210,245,245,274,274,274,292,39,65,78,104,104,202,202,214,266,285,331,331,357,357,382,382,398,398,398,398,38,38,38],"floor_reached":51,"playtime":1128,"items_purged":["Regret","Normality","Shame"],"score":1073,"play_id":"8e505636-94e4-43fd-bcce-ba966ef8d0dd","local_time":"20190203104422","is_ascension_mode":true,"campfire_choices":[{"data":"Whirlwind","floor":6,"key":"SMITH"},{"data":"Demon Form","floor":8,"key":"SMITH"},{"data":"Entrench","floor":15,"key":"SMITH"},{"data":"Barricade","floor":23,"key":"SMITH"},{"data":"Body Slam","floor":25,"key":"SMITH"},{"floor":32,"key":"REST"},{"floor":41,"key":"REST"},{"data":"True Grit","floor":49,"key":"SMITH"}],"neow_cost":"TEN_PERCENT_HP_LOSS","seed_source_timestamp":92766488402900,"circlet_count":0,"master_deck":["Strike_R+1","Strike_R+1","Strike_R+1","Strike_R+1","Defend_R+1","Defend_R+1","Defend_R+1","Defend_R+1","Bash+1","Impervious+1","Cleave+1","Reckless Charge+1","Whirlwind+1","Evolve+1","Entrench+1","Demon Form+1","Body Slam+1","Barricade+1","Battle Trance+1","Bloodletting+1","Body Slam+1","Rage+1","Seeing Red+1","Pain","Offering+1","Pain","Ghostly Armor+1","Deep Breath+1","Rupture","True Grit+1"],"relics":["Burning Blood","Bag of Preparation","Ancient Tea Set","Juzu Bracelet","Centennial Puzzle","Strawberry","Cursed Key","Molten Egg 2","Red Mask","Ornamental Fan","Pantograph","Bag of Marbles","Darkstone Periapt","Blood Vial","Busted Crown","Champion Belt","Potion Belt","Shuriken","Happy Flower","Letter Opener","Mark of the Bloom","Anchor"],"potions_floor_usage":[7,16,20,24,24,42,50,50],"damage_taken":[{"damage":8,"enemies":"Small Slimes","floor":1,"turns":5},{"damage":0,"enemies":"Cultist","floor":3,"turns":2},{"damage":7,"enemies":"2 Louse","floor":5,"turns":2},{"damage":0,"enemies":"3 Sentries","floor":7,"turns":2},{"damage":13,"enemies":"Gremlin Nob","floor":10,"turns":4},{"damage":0,"enemies":"Lots of Slimes","floor":13,"turns":1},{"damage":9,"enemies":"3 Sentries","floor":14,"turns":3},{"damage":0,"enemies":"Slime Boss","floor":16,"turns":5},{"damage":33,"enemies":"Spheric Guardian","floor":18,"turns":4},{"damage":4,"enemies":"Shell Parasite","floor":20,"turns":6},{"damage":5,"enemies":"Masked Bandits","floor":22,"turns":2},{"damage":15,"enemies":"Slavers","floor":24,"turns":2},{"damage":12,"enemies":"Shelled Parasite and Fungi","floor":27,"turns":2},{"damage":3,"enemies":"Gremlin Leader","floor":29,"turns":4},{"damage":3,"enemies":"Snake Plant","floor":30,"turns":3},{"damage":38,"enemies":"Champ","floor":33,"turns":9},{"damage":4,"enemies":"3 Darklings","floor":35,"turns":3},{"damage":14,"enemies":"2 Orb Walkers","floor":36,"turns":2},{"damage":28,"enemies":"3 Shapes","floor":37,"turns":7},{"damage":21,"enemies":"Giant Head","floor":40,"turns":8},{"damage":14,"enemies":"Reptomancer","floor":42,"turns":5},{"damage":1,"enemies":"Jaw Worm Horde","floor":44,"turns":1},{"damage":29,"enemies":"Time Eater","floor":50,"turns":4}],"seed_played":"7760720331764836713","potions_obtained":[{"floor":1,"key":"Explosive Potion"},{"floor":7,"key":"Explosive Potion"},{"floor":16,"key":"Block Potion"},{"floor":18,"key":"Block Potion"},{"floor":27,"key":"FearPotion"},{"floor":33,"key":"Ancient Potion"},{"floor":40,"key":"Regen Potion"},{"floor":42,"key":"SkillPotion"}],"is_trial":false,"path_per_floor":["M","?","M","$","M","R","E","R","T","E","?","$","M","E","R","B",null,"M","?","M","?","?","R","E","R","T","M","$","E","M","T","R","B",null,"M","?","M","T","?","E","R","E","T","M","?","?","?","$","R","B",null],"character_chosen":"IRONCLAD","items_purchased":["Evolve","Explosive Potion","Bag of Marbles","Anchor","Rupture","True Grit"],"campfire_rested":2,"item_purchase_floors":[4,12,28,48,48,48],"current_hp_per_floor":[70,70,72,72,71,71,72,72,72,65,65,65,71,75,75,79,79,52,52,54,39,40,40,31,31,31,25,25,28,31,37,64,58,90,90,82,62,68,68,55,83,91,97,102,92,92,92,92,92,63],"gold":38,"neow_bonus":"THREE_RARE_CARDS","is_prod":false,"is_daily":false,"chose_seed":false,"campfire_upgraded":6,"win_rate":0,"timestamp":1549158262,"path_taken":["M","?","?","?","M","R","E","R","T","E","?","$","M","E","R","BOSS","M","?","M","?","?","R","E","R","T","M","$","E","M","?","R","BOSS","M","?","M","?","?","E","R","E","T","M","?","?","?","$","R","BOSS"],"build_version":"2019-01-23","purchased_purges":3,"victory":true,"max_hp_per_floor":[72,72,72,72,72,72,72,72,72,72,72,72,72,79,79,79,79,79,79,79,84,84,84,84,84,84,84,84,84,84,90,90,90,90,90,90,90,96,96,96,96,96,102,102,102,97,97,97,97,97],"card_choices":[{"not_picked":["Brutality","Dark Embrace"],"picked":"Impervious","floor":0},{"not_picked":["Ghostly Armor","Iron Wave"],"picked":"Cleave","floor":1},{"not_picked":["Entrench","Anger"],"picked":"Whirlwind","floor":3},{"not_picked":["Heavy Blade","Sever Soul"],"picked":"Entrench","floor":5},{"not_picked":["Rage","Thunderclap"],"picked":"Demon Form","floor":7},{"not_picked":["Twin Strike","Intimidate","Inflame"],"picked":"SKIP","floor":10},{"not_picked":["Warcry","Flex","Anger"],"picked":"SKIP","floor":13},{"not_picked":["Metallicize","Sever Soul"],"picked":"Body Slam","floor":14},{"not_picked":["Juggernaut","Berserk"],"picked":"Barricade","floor":16},{"not_picked":["Armaments","Heavy Blade"],"picked":"Battle Trance","floor":18},{"not_picked":["Iron Wave+1","Sword Boomerang+1"],"picked":"Bloodletting+1","floor":20},{"not_picked":["Warcry","Corruption"],"picked":"Body Slam+1","floor":22},{"not_picked":["Armaments","Perfected Strike+1"],"picked":"Rage+1","floor":24},{"not_picked":["Twin Strike+1","Dropkick+1","Uppercut+1"],"picked":"SKIP","floor":27},{"not_picked":["Rage","Carnage+1","Armaments"],"picked":"SKIP","floor":29},{"not_picked":["Uppercut+1","Cleave+1"],"picked":"Seeing Red","floor":30},{"not_picked":["Dark Embrace","Barricade"],"picked":"Offering","floor":33},{"not_picked":["Twin Strike+1"],"picked":"SKIP","floor":35},{"not_picked":["Body Slam+1"],"picked":"SKIP","floor":37},{"not_picked":["Thunderclap+1"],"picked":"SKIP","floor":40},{"not_picked":[],"picked":"Ghostly Armor","floor":42},{"not_picked":["Perfected Strike+1"],"picked":"SKIP","floor":44},{"not_picked":[],"picked":"Deep Breath","floor":45}],"player_experience":5091,"relics_obtained":[{"floor":7,"key":"Bag of Preparation"},{"floor":9,"key":"Ancient Tea Set"},{"floor":10,"key":"Juzu Bracelet"},{"floor":14,"key":"Strawberry"},{"floor":19,"key":"Molten Egg 2"},{"floor":22,"key":"Red Mask"},{"floor":24,"key":"Ornamental Fan"},{"floor":26,"key":"Pantograph"},{"floor":29,"key":"Darkstone Periapt"},{"floor":31,"key":"Blood Vial"},{"floor":36,"key":"Champion Belt"},{"floor":38,"key":"Potion Belt"},{"floor":40,"key":"Shuriken"},{"floor":42,"key":"Happy Flower"},{"floor":43,"key":"Letter Opener"}],"event_choices":[{"damage_healed":0,"gold_gain":0,"player_choice":"1 cards matched","damage_taken":0,"max_hp_gain":0,"max_hp_loss":0,"event_name":"Match and Keep!","floor":2,"gold_loss":0,"cards_obtained":["Reckless Charge"]},{"damage_healed":0,"gold_gain":0,"player_choice":"Box","damage_taken":0,"relics_obtained":["Centennial Puzzle"],"max_hp_gain":0,"max_hp_loss":0,"event_name":"Big Fish","floor":11,"gold_loss":0,"cards_obtained":["Regret"]},{"damage_healed":0,"gold_gain":0,"player_choice":"Relic","damage_taken":0,"max_hp_gain":0,"max_hp_loss":0,"event_name":"Wheel of Change","floor":19,"gold_loss":0},{"damage_healed":0,"gold_gain":0,"player_choice":"Shed Blood","damage_taken":20,"max_hp_gain":5,"max_hp_loss":0,"event_name":"Forgotten Altar","floor":21,"gold_loss":0},{"damage_healed":0,"gold_gain":0,"player_choice":"Fought Bandits","damage_taken":0,"max_hp_gain":0,"max_hp_loss":0,"event_name":"Masked Bandits","floor":22,"gold_loss":0},{"damage_healed":0,"gold_gain":0,"player_choice":"Fight","damage_taken":0,"max_hp_gain":0,"max_hp_loss":0,"event_name":"Mysterious Sphere","floor":36,"gold_loss":0},{"cards_removed":["Strike_R"],"damage_healed":0,"gold_gain":0,"player_choice":"Removed Attack","damage_taken":0,"max_hp_gain":0,"max_hp_loss":0,"event_name":"Falling","floor":39,"gold_loss":0},{"damage_healed":0,"gold_gain":0,"player_choice":"Memory 3","damage_taken":10,"max_hp_gain":0,"max_hp_loss":0,"event_name":"SensoryStone","floor":45,"gold_loss":0},{"damage_healed":0,"gold_gain":0,"player_choice":"Max HP","damage_taken":0,"max_hp_gain":0,"max_hp_loss":5,"event_name":"Winding Halls","floor":46,"gold_loss":0},{"damage_healed":0,"gold_gain":0,"player_choice":"Upgrade","damage_taken":0,"relics_obtained":["Mark of the Bloom"],"max_hp_gain":0,"max_hp_loss":0,"event_name":"MindBloom","floor":47,"gold_loss":0,"cards_upgraded":["Strike_R","Strike_R","Strike_R","Strike_R","Defend_R","Defend_R","Defend_R","Defend_R","Bash","Impervious","Cleave","Reckless Charge","Evolve","Battle Trance","Seeing Red","Offering","Ghostly Armor","Deep Breath"]}],"is_beta":false,"boss_relics":[{"not_picked":["Runic Pyramid","White Beast Statue"],"picked":"Cursed Key"},{"not_picked":["Black Blood","Runic Cube"],"picked":"Busted Crown"}],"items_purged_floors":[12,28,48],"is_endless":false,"potions_floor_spawned":[1,7,16,18,27,33,40,42],"ascension_level":2}