{"gold_per_floor":[112,124,49,49,49,49,84,84,84,84,84,97,97,117,117,191,191,204,0,0,0,17,17],"floor_reached":23,"playtime":628,"items_purged":["Defend_B"],"score":374,"play_id":"7130b808-a6f2-4643-aeed-621e094c94c3","local_time":"20190314101944","is_ascension_mode":true,"campfire_choices":[{"data":"Zap","floor":6.0,"key":"SMITH"},{"data":"Blizzard","floor":8.0,"key":"SMITH"},{"data":"Coolheaded","floor":10.0,"key":"SMITH"},{"floor":15.0,"key":"REST"}],"neow_cost":"NONE","seed_source_timestamp":549107160400,"circlet_count":0,"master_deck":["AscendersBane","Strike_B","Strike_B","Strike_B","Defend_B+1","Zap+1","Dualcast+1","Coolheaded+1","Glacier","Blizzard+1","Creative AI","Coolheaded","Capacitor","Chill","Ghostly","Ghostly","Ghostly"],"special_seed":0,"relics":["Cracked Core","Happy Flower","Centennial Puzzle","Pear","Torii","Coffee Dripper"],"potions_floor_usage":[22],"damage_taken":[{"damage":9.0,"enemies":"Jaw Worm","floor":1.0,"turns":3.0},{"damage":0.0,"enemies":"2 Louse","floor":2.0,"turns":2.0},{"damage":13.0,"enemies":"Lagavulin","floor":7.0,"turns":9.0},{"damage":1.0,"enemies":"Small Slimes","floor":12.0,"turns":3.0},{"damage":8.0,"enemies":"Exordium Wildlife","floor":14.0,"turns":4.0},{"damage":14.0,"enemies":"Slime Boss","floor":16.0,"turns":11.0},{"damage":2.0,"enemies":"2 Thieves","floor":18.0,"turns":4.0},{"damage":0,"enemies":"Chosen","floor":22,"turns":6},{"damage":44,"enemies":"Gremlin Leader","floor":23,"turns":4}],"seed_played":"-2324533793100183466","potions_obtained":[{"floor":1.0,"key":"GamblersBrew"},{"floor":2.0,"key":"EssenceOfSteel"},{"floor":18.0,"key":"Ancient Potion"}],"is_trial":false,"path_per_floor":["M","M","?","?","$","R","E","R","T","R","?","M","?","M","R","B",null,"M","$","?","?","M","E"],"character_chosen":"DEFECT","items_purchased":["Capacitor","Chill"],"campfire_rested":1,"item_purchase_floors":[19,19],"current_hp_per_floor":[55,55,55,34,34,34,21,21,31,31,20,19,12,4,28,14,64,62,62,40,40,40,0],"gold":17,"neow_bonus":"RANDOM_COMMON_RELIC","is_prod":false,"is_daily":false,"chose_seed":false,"campfire_upgraded":3,"win_rate":0,"timestamp":1552526384,"path_taken":["M","M","?","?","?","R","E","R","T","R","?","?","?","M","R","BOSS","M","$","?","?","M","E"],"build_version":"2019-01-23","purchased_purges":1,"victory":false,"max_hp_per_floor":[71,71,71,71,71,71,71,71,81,81,81,81,81,81,81,81,81,81,81,40,40,40,40],"card_choices":[{"not_picked":["Redo","Gash"],"picked":"Coolheaded","floor":1.0},{"not_picked":["Hello World","Compile Driver"],"picked":"Glacier","floor":2.0},{"not_picked":["Sunder","Aggregate"],"picked":"Blizzard","floor":7.0},{"not_picked":["Sweeping Beam","Steam","Conserve Battery"],"picked":"SKIP","floor":12.0},{"not_picked":["Lockon","Rebound","Skim"],"picked":"SKIP","floor":14.0},{"not_picked":["Buffer","Rainbow"],"picked":"Creative AI","floor":16.0},{"not_picked":["Doom and Gloom","Stack"],"picked":"Coolheaded","floor":18.0},{"not_picked":["Gash","Rebound","Tempest"],"picked":"SKIP","floor":22}],"player_experience":2255734,"relics_obtained":[{"floor":7.0,"key":"Centennial Puzzle"},{"floor":9.0,"key":"Pear"}],"event_choices":[{"cards_removed":["Defend_B"],"damage_healed":0.0,"max_hp_gain":0.0,"max_hp_loss":0.0,"gold_gain":0.0,"event_name":"The Cleric","player_choice":"Card Removal","floor":3.0,"gold_loss":75.0,"damage_taken":0.0},{"damage_healed":0.0,"max_hp_gain":0.0,"max_hp_loss":0.0,"gold_gain":0.0,"event_name":"Shining Light","player_choice":"Entered Light","floor":4.0,"gold_loss":0.0,"damage_taken":21.0,"cards_upgraded":["Dualcast","Defend_B"]},{"damage_healed":0.0,"max_hp_gain":0.0,"max_hp_loss":0.0,"gold_gain":0.0,"event_name":"Scrap Ooze","player_choice":"Success","floor":11.0,"gold_loss":0.0,"damage_taken":11.0,"relics_obtained":["Torii"]},{"cards_removed":["Defend_B"],"damage_healed":0.0,"max_hp_gain":0.0,"max_hp_loss":0.0,"gold_gain":0.0,"event_name":"Golden Wing","player_choice":"Card Removal","floor":13.0,"gold_loss":0.0,"damage_taken":7.0},{"damage_healed":0.0,"max_hp_gain":0.0,"max_hp_loss":41.0,"gold_gain":0.0,"event_name":"Ghosts","player_choice":"Became a Ghost","floor":20.0,"gold_loss":0.0,"damage_taken":0.0,"cards_obtained":["Ghostly","Ghostly","Ghostly"]},{"cards_removed":["Strike_B"],"damage_healed":0.0,"max_hp_gain":0.0,"max_hp_loss":0.0,"gold_gain":0.0,"event_name":"Back to Basics","player_choice":"Elegance","floor":21.0,"gold_loss":0.0,"damage_taken":0.0}],"is_beta":false,"boss_relics":[{"not_picked":["White Beast Statue","Black Star"],"picked":"Coffee Dripper"}],"items_purged_floors":[19],"is_endless":false,"potions_floor_spawned":[1,2,18],"killed_by":"Gremlin Leader","ascension_level":20}