{"gold_per_floor":[99,99,99,99,99,99,99,99,99,99,99,61,61,61,11,11,11,11,11,11,11,11,0,0,0,0,0,0,0,0,0,0,0,0,0,0,0,0,0,0,0,0,0,0,0,0,0,0,0,0,0,0,0],"floor_reached":54,"playtime":3704,"items_purged":[],"score":950,"play_id":"c5f1da2e-5378-4d26-af08-e4e55f2c708b","local_time":"20190329231113","is_ascension_mode":true,"campfire_choices":[{"data":"Armaments","floor":6,"key":"SMITH"},{"data":"True Grit","floor":11,"key":"SMITH"},{"data":"Searing Blow","floor":14,"key":"SMITH"},{"data":"Searing Blow+1","floor":16,"key":"SMITH"},{"data":"Armaments","floor":25,"key":"SMITH"},{"data":"Feed","floor":29,"key":"SMITH"},{"data":"Searing Blow+2","floor":34,"key":"SMITH"},{"data":"Searing Blow+4","floor":42,"key":"SMITH"},{"data":"Searing Blow+5","floor":47,"key":"SMITH"},{"data":"Searing Blow+6","floor":50,"key":"SMITH"},{"floor":52,"key":"REST"}],"neow_cost":"NONE","seed_source_timestamp":40191415886300,"circlet_count":0,"master_deck":["Headbutt+1","Battle Trance","Dual Wield","Armaments+1","Reaper","Fiend Fire","True Grit+1","Shrug It Off","Shrug It Off","Feel No Pain+1","Sword Boomerang","Feed+1","Wild Strike","Entrench","Searing Blow+7","Havoc","Armaments+1","Cleave+1","Pommel Strike","Wild Strike+1","Havoc","Infernal Blade","Anger+1","Twin Strike","Pommel Strike","Pommel Strike+1","Pommel Strike","Body Slam","Havoc+1"],"relics":["Ectoplasm","Ice Cream","Ornamental Fan","Philosopher\u0027s Stone","The Courier","Paper Frog","Potion Belt","Velvet Choker","Old Coin","Letter Opener","Lantern","Gambling Chip"],"potions_floor_usage":[31,41,44,44,53,53,53],"damage_taken":[{"damage":0,"enemies":"Jaw Worm","floor":1,"turns":2},{"damage":0,"enemies":"2 Louse","floor":4,"turns":2},{"damage":14,"enemies":"Small Slimes","floor":5,"turns":3},{"damage":0,"enemies":"Blue Slaver","floor":8,"turns":2},{"damage":5,"enemies":"Red Slaver","floor":13,"turns":4},{"damage":35,"enemies":"Hexaghost","floor":17,"turns":10},{"damage":0,"enemies":"Spheric Guardian","floor":19,"turns":2},{"damage":11,"enemies":"2 Thieves","floor":23,"turns":4},{"damage":0,"enemies":"3 Cultists","floor":24,"turns":4},{"damage":29,"enemies":"Slavers","floor":26,"turns":4},{"damage":14,"enemies":"Chosen and Byrds","floor":30,"turns":5},{"damage":8,"enemies":"Book of Stabbing","floor":31,"turns":4},{"damage":18,"enemies":"Centurion and Healer","floor":33,"turns":5},{"damage":15,"enemies":"Collector","floor":35,"turns":8},{"damage":25,"enemies":"3 Darklings","floor":37,"turns":4},{"damage":21,"enemies":"Mind Bloom Boss Battle","floor":38,"turns":7},{"damage":0,"enemies":"3 Shapes","floor":41,"turns":4},{"damage":23,"enemies":"Writhing Mass","floor":43,"turns":6},{"damage":39,"enemies":"Reptomancer","floor":44,"turns":7},{"damage":11,"enemies":"Giant Head","floor":48,"turns":5},{"damage":21,"enemies":"Jaw Worm Horde","floor":49,"turns":4},{"damage":28,"enemies":"4 Shapes","floor":51,"turns":4},{"damage":61,"enemies":"Donu and Deca","floor":53,"turns":9}],"seed_played":"3936220059443744851","potions_obtained":[{"floor":13,"key":"Dexterity Potion"},{"floor":17,"key":"Fire Potion"},{"floor":19,"key":"FearPotion"},{"floor":30,"key":"Ancient Potion"},{"floor":33,"key":"Block Potion"},{"floor":35,"key":"Swift Potion"},{"floor":41,"key":"Explosive Potion"},{"floor":43,"key":"BloodPotion"}],"is_trial":false,"path_per_floor":["M","?","?","M","M","R","?","M","T","T","R","$","M","R","?","R","B",null,"M","?","?","$","M","M","R","E","T","T","R","M","E","$","M","R","B",null,"M","?","$","?","M","R","M","E","T","T","R","E","M","R","M","R","B",null],"character_chosen":"IRONCLAD","items_purchased":["Entrench"],"campfire_rested":1,"item_purchase_floors":[12],"current_hp_per_floor":[80,77,61,71,60,60,60,64,64,64,64,64,63,63,63,63,32,74,77,59,59,59,67,86,86,68,68,68,68,66,63,63,58,58,56,103,90,77,77,77,89,89,75,64,64,64,64,53,44,44,32,73,20],"gold":0,"neow_bonus":"BOSS_RELIC","is_prod":false,"is_daily":false,"chose_seed":false,"campfire_upgraded":10,"win_rate":0,"timestamp":1553868673,"path_taken":["M","?","?","M","?","R","?","M","T","R","?","M","R","?","R","BOSS","M","?","?","?","M","M","R","E","T","R","M","E","$","M","R","BOSS","M","?","$","?","M","R","M","E","T","R","E","?","R","M","R","BOSS"],"build_version":"2019-01-23","purchased_purges":0,"victory":true,"max_hp_per_floor":[80,80,80,80,80,80,80,84,84,84,84,84,88,88,88,88,88,88,91,96,96,96,99,103,103,106,106,106,106,110,110,110,118,118,118,118,118,122,122,122,126,126,130,130,130,130,130,130,134,134,138,138,138],"card_choices":[{"not_picked":["Entrench","Body Slam"],"picked":"Wild Strike","floor":1},{"not_picked":["Armaments","Flex"],"picked":"Sword Boomerang","floor":4},{"not_picked":["Body Slam","Exhume"],"picked":"Sword Boomerang","floor":5},{"not_picked":["Infernal Blade","Sword Boomerang"],"picked":"Wild Strike","floor":8},{"not_picked":["Warcry","Pommel Strike"],"picked":"Searing Blow","floor":13},{"not_picked":["Cleave+1","Shockwave"],"picked":"Havoc","floor":19},{"not_picked":["Shrug It Off","Blood for Blood"],"picked":"Cleave+1","floor":23},{"not_picked":["Warcry+1","Burning Pact"],"picked":"Pommel Strike","floor":24},{"not_picked":["Rage+1","Searing Blow"],"picked":"Wild Strike+1","floor":26},{"not_picked":["Intimidate+1","Whirlwind"],"picked":"Havoc","floor":31},{"not_picked":["Headbutt+1","Uppercut"],"picked":"Infernal Blade","floor":33},{"not_picked":["Pommel Strike","Twin Strike"],"picked":"Anger+1","floor":37},{"not_picked":["Hemokinesis","Clothesline"],"picked":"Twin Strike","floor":38},{"not_picked":["Infernal Blade+1","Anger+1"],"picked":"Pommel Strike","floor":41},{"not_picked":["Shrug It Off","Carnage+1"],"picked":"Pommel Strike+1","floor":43},{"not_picked":["Dropkick+1","Seeing Red+1"],"picked":"Pommel Strike","floor":48},{"not_picked":["Cleave","Reckless Charge"],"picked":"Body Slam","floor":49},{"not_picked":["Carnage+1","True Grit+1"],"picked":"Havoc+1","floor":51}],"player_experience":2725937,"relics_obtained":[{"floor":9,"key":"Ornamental Fan"},{"floor":26,"key":"The Courier"},{"floor":27,"key":"Paper Frog"},{"floor":31,"key":"Potion Belt"},{"floor":38,"key":"Old Coin"},{"floor":44,"key":"Letter Opener"},{"floor":45,"key":"Lantern"},{"floor":48,"key":"Gambling Chip"}],"event_choices":[{"damage_healed":0,"gold_gain":0,"player_choice":"Success","damage_taken":3,"relics_obtained":["Ice Cream"],"max_hp_gain":0,"max_hp_loss":0,"event_name":"Scrap Ooze","floor":2,"gold_loss":0},{"damage_healed":0,"gold_gain":0,"player_choice":"Entered Light","damage_taken":16,"max_hp_gain":0,"max_hp_loss":0,"event_name":"Shining Light","floor":3,"gold_loss":0,"cards_upgraded":["Headbutt","Feel No Pain"]},{"damage_healed":0,"gold_gain":0,"cards_transformed":["Wild Strike"],"player_choice":"Change","damage_taken":0,"max_hp_gain":0,"max_hp_loss":0,"event_name":"Living Wall","floor":7,"gold_loss":0,"cards_obtained":["Feed"]},{"cards_removed":["Sword Boomerang"],"damage_healed":0,"gold_gain":0,"player_choice":"Card Removal","damage_taken":0,"max_hp_gain":0,"max_hp_loss":0,"event_name":"The Cleric","floor":15,"gold_loss":50},{"damage_healed":0,"gold_gain":0,"player_choice":"Shed Blood","damage_taken":23,"max_hp_gain":5,"max_hp_loss":0,"event_name":"Forgotten Altar","floor":20,"gold_loss":0},{"damage_healed":0,"gold_gain":0,"player_choice":"Read","damage_taken":0,"max_hp_gain":0,"max_hp_loss":0,"event_name":"The Library","floor":21,"gold_loss":0,"cards_obtained":["Armaments"]},{"damage_healed":0,"gold_gain":0,"player_choice":"Fight","damage_taken":0,"max_hp_gain":0,"max_hp_loss":0,"event_name":"MindBloom","floor":38,"gold_loss":0},{"damage_healed":0,"gold_gain":0,"player_choice":"Forge","damage_taken":0,"max_hp_gain":0,"max_hp_loss":0,"event_name":"Accursed Blacksmith","floor":40,"gold_loss":0,"cards_upgraded":["Searing Blow"]}],"is_beta":false,"boss_relics":[{"not_picked":["Busted Crown","Eternal Feather"],"picked":"Philosopher\u0027s Stone"},{"not_picked":["Runic Dome","Astrolabe"],"picked":"Velvet Choker"}],"items_purged_floors":[],"is_endless":false,"potions_floor_spawned":[13,17,19,24,30,33,35,41,43],"ascension_level":5}