{"path_per_floor":["M","M","M","M","?","R","E","R","T","M","$","M","M","E","R","B",null,"M","M","M","M","$","E","R","E","T","M","E","M","R","M","R","B",null,"M","M","?","?","M","R","E","$","T","M","R","E","R","M","R","B"],"character_chosen":"THE_SILENT","items_purchased":["Infinite Blades","Accuracy","Happy Flower","Whetstone"],"gold_per_floor":[118,128,139,159,234,234,267,267,267,286,134,147,157,189,189,286,316,328,343,354,367,51,82,82,117,117,137,172,192,192,212,212,312,312,331,349,349,349,367,367,394,112,157,170,170,199,199,215,215,215],"floor_reached":51,"campfire_rested":1,"playtime":4594,"current_hp_per_floor":[63,63,61,59,48,48,34,34,34,34,34,34,34,6,6,13,68,68,68,68,64,64,60,60,47,47,47,16,11,11,4,24,26,68,68,68,68,59,60,60,76,76,76,78,78,79,79,80,80,32],"items_purged":["Strike_G","Strike_G","Defend_G"],"gold":215,"score":790,"play_id":"78d7141a-4d20-46ea-9c3d-478bb775bd54","local_time":"20180302003232","is_prod":false,"is_daily":false,"is_ascension_mode":true,"campfire_upgraded":9,"timestamp":1519921952,"path_taken":["M","M","M","M","?","R","E","R","T","M","$","M","?","E","R","BOSS","M","M","M","M","$","E","R","E","T","M","E","M","R","M","R","BOSS","M","M","?","?","M","R","E","$","T","M","R","E","R","M","R","BOSS"],"build_version":"2018-02-28-BETA2","purchased_purges":3,"victory":true,"master_deck":["Defend_G+1","Defend_G","Defend_G+1","Defend_G+1","Survivor","Neutralize+1","Infinite Blades+1","Blur","Dagger Spray+1","Accuracy+1","Cloak And Dagger+1","Infinite Blades","Expertise","After Image+1","Dodge and Roll+1","Distraction+1","Finisher+1","Sucker Punch+1","Accuracy+1","Dash+1","Backstab+1","Cloak And Dagger+1","Acrobatics","Adrenaline","Caltrops+1","Bullet Time+1","Adrenaline+1","Footwork+1","Madness","Madness","Blade Dance+1","Escape Plan+1"],"max_hp_per_floor":[63,63,63,63,63,63,63,63,63,63,63,63,63,63,63,63,68,68,68,68,68,68,68,68,68,68,68,68,68,68,68,68,68,68,68,68,68,68,68,68,82,82,82,82,82,82,82,82,82,82],"relics":["Ring of the Snake","Ice Cream","Anchor","Gambling Chip","Oddly Smooth Stone","Tiny House","Happy Flower","Letter Opener","War Paint","Torii","Blood Vial","Astrolabe","Mango","Whetstone","Bag of Preparation","Regal Pillow"],"card_choices":[{"not_picked":["Terror","Well Laid Plans"],"picked":"Infinite Blades"},{"not_picked":["Backflip","Deflect"],"picked":"Blur"},{"not_picked":["Deflect","Slice"],"picked":"Dagger Spray"},{"not_picked":["Bullet Time","Expertise"],"picked":"Accuracy"},{"not_picked":["Quick Slash","Outmaneuver"],"picked":"Cloak And Dagger"},{"not_picked":["Underhanded Strike","Poisoned Stab"],"picked":"Expertise"},{"not_picked":["Burst","Adrenaline"],"picked":"After Image"},{"not_picked":["Slice","Underhanded Strike"],"picked":"Dodge and Roll"},{"not_picked":["Catalyst","Dagger Spray"],"picked":"Distraction"},{"not_picked":["Dodge and Roll","Choke"],"picked":"Finisher"},{"not_picked":["Caltrops","Catalyst"],"picked":"Sucker Punch"},{"not_picked":["Slice","Backflip"],"picked":"Dash"},{"not_picked":["Dagger Spray","Glass Knife"],"picked":"Backstab"},{"not_picked":["Riddle With Holes","Acrobatics"],"picked":"Cloak And Dagger"},{"not_picked":["Underhanded Strike","All Out Attack"],"picked":"Acrobatics"},{"not_picked":["Tactician","Die Die Die"],"picked":"Adrenaline"},{"not_picked":["Dagger Throw","Quick Slash"],"picked":"Footwork"},{"not_picked":["Endless Agony","All Out Attack"],"picked":"Blade Dance"},{"not_picked":["Caltrops","Leg Sweep"],"picked":"Escape Plan"}],"player_experience":120362,"potions_floor_usage":[7,14,16,16,21,23,25,33,33,33,46,50,50,50],"damage_taken":[{"damage":0,"enemies":"2 Louse","floor":1,"turns":3},{"damage":0,"enemies":"Jaw Worm","floor":2,"turns":5},{"damage":2,"enemies":"Cultist","floor":3,"turns":4},{"damage":2,"enemies":"Large Slime","floor":4,"turns":7},{"damage":14,"enemies":"Lagavulin","floor":7,"turns":8},{"damage":0,"enemies":"Gremlin Gang","floor":10,"turns":2},{"damage":0,"enemies":"Red Slaver","floor":12,"turns":3},{"damage":0,"enemies":"3 Louse","floor":13,"turns":3},{"damage":28,"enemies":"Gremlin Nob","floor":14,"turns":4},{"damage":8,"enemies":"The Guardian","floor":16,"turns":12},{"damage":0,"enemies":"3 Byrds","floor":18,"turns":4},{"damage":0,"enemies":"Chosen","floor":19,"turns":7},{"damage":0,"enemies":"Snecko","floor":20,"turns":5},{"damage":4,"enemies":"Sentry and Sphere","floor":21,"turns":6},{"damage":4,"enemies":"Slavers","floor":23,"turns":4},{"damage":13,"enemies":"Book of Stabbing","floor":25,"turns":4},{"damage":0,"enemies":"Centurion and Healer","floor":27,"turns":5},{"damage":31,"enemies":"Slavers","floor":28,"turns":7},{"damage":7,"enemies":"Snecko","floor":29,"turns":6},{"damage":9,"enemies":"Slaver and Parasite","floor":31,"turns":6},{"damage":0,"enemies":"Champ","floor":33,"turns":8},{"damage":0,"enemies":"Orb Walker","floor":35,"turns":3},{"damage":0,"enemies":"3 Shapes","floor":36,"turns":4},{"damage":1,"enemies":"Sphere and 2 Shapes","floor":39,"turns":4},{"damage":0,"enemies":"Giant Head","floor":41,"turns":6},{"damage":0,"enemies":"3 Darklings","floor":44,"turns":5},{"damage":1,"enemies":"Nemesis","floor":46,"turns":5},{"damage":1,"enemies":"Maw","floor":48,"turns":5},{"damage":65,"enemies":"Awakened One","floor":50,"turns":10}],"event_choices":[{"event_name":"World of Goop","player_choice":"Gather Gold","floor":5,"damage_taken":0},{"event_name":"The Lab","player_choice":"Got Potions","floor":37,"damage_taken":0},{"event_name":"Winding Halls","player_choice":"Embrace Madness","floor":38,"damage_taken":0}],"boss_relics":[{"not_picked":["Runic Pyramid","Snecko Eye"],"picked":"Tiny House"},{"not_picked":["Black Star","Sozu"],"picked":"Astrolabe"}],"potions_floor_spawned":[4,7,12,13,19,21,27,28,31,33,35,36,46],"seed_played":"-5888125784551591871","ascension_level":4,"is_trial":false}