{"gold_per_floor":[113,73,92,37,112,112,126,126,126,51,77,107,124,124,124,196,196,208,237,237,255,269,269,269,286,286,286,211,211,211,231,231,307,307,322,322,340,359,359,359,359,359,359,359,388,108,208,220,220,220,220,220,220,120,147,147],"floor_reached":57,"playtime":2234,"items_purged":["Strike_R","Bash+1"],"score":2872,"play_id":"957956a2-1ca4-43c3-b47b-acc4796f089d","local_time":"20190318135708","is_ascension_mode":true,"campfire_choices":[{"data":"Carnage","floor":6,"key":"SMITH"},{"data":"True Grit","floor":15,"key":"SMITH"},{"data":"Barricade","floor":23,"key":"SMITH"},{"floor":24,"key":"REST"},{"data":"Offering","floor":27,"key":"SMITH"},{"data":"Shrug It Off","floor":30,"key":"SMITH"},{"data":"Feel No Pain","floor":32,"key":"SMITH"},{"data":"Exhume","floor":40,"key":"SMITH"},{"data":"Shrug It Off","floor":42,"key":"SMITH"},{"data":"Second Wind","floor":44,"key":"SMITH"},{"floor":49,"key":"RECALL"},{"data":"Feel No Pain","floor":53,"key":"SMITH"}],"neow_cost":"NONE","seed_source_timestamp":95730715585900,"circlet_count":0,"master_deck":["AscendersBane","Defend_R","Defend_R","Defend_R","Defend_R","Carnage+1","True Grit+1","Feel No Pain+1","Second Wind+1","Barricade+1","Offering+1","Evolve","Body Slam+1","Shrug It Off+1","Exhume+1","Shrug It Off+1","Seeing Red","Feel No Pain+1","Sentinel+1"],"relics":["Burning Blood","NeowsBlessing","Molten Egg 2","WingedGreaves","Pantograph","Pocketwatch","Empty Cage","Red Mask","Meat on the Bone","White Beast Statue","Shuriken","Medical Kit","Thread and Needle","Bag of Preparation"],"potions_floor_usage":[11,19,22,25,33,56,56],"damage_taken":[{"damage":0,"enemies":"Cultist","floor":1,"turns":1},{"damage":0,"enemies":"Jaw Worm","floor":3,"turns":1},{"damage":0,"enemies":"2 Louse","floor":7,"turns":1},{"damage":10,"enemies":"3 Sentries","floor":11,"turns":8},{"damage":29,"enemies":"Gremlin Nob","floor":12,"turns":4},{"damage":8,"enemies":"Blue Slaver","floor":13,"turns":3},{"damage":6,"enemies":"Slime Boss","floor":16,"turns":7},{"damage":0,"enemies":"Chosen","floor":18,"turns":6},{"damage":52,"enemies":"Masked Bandits","floor":19,"turns":5},{"damage":10,"enemies":"3 Byrds","floor":21,"turns":5},{"damage":6,"enemies":"Cultist and Chosen","floor":22,"turns":5},{"damage":10,"enemies":"3 Cultists","floor":25,"turns":4},{"damage":12,"enemies":"Snecko","floor":31,"turns":5},{"damage":12,"enemies":"Champ","floor":33,"turns":17},{"damage":0,"enemies":"3 Darklings","floor":35,"turns":5},{"damage":6,"enemies":"Orb Walker","floor":37,"turns":4},{"damage":6,"enemies":"Maw","floor":38,"turns":5},{"damage":6,"enemies":"Giant Head","floor":45,"turns":5},{"damage":12,"enemies":"Mind Bloom Boss Battle","floor":47,"turns":3},{"damage":22,"enemies":"Spire Growth","floor":48,"turns":5},{"damage":15,"enemies":"Donu and Deca","floor":50,"turns":4},{"damage":6,"enemies":"Awakened One","floor":51,"turns":6},{"damage":12,"enemies":"Shield and Spear","floor":55,"turns":3},{"damage":14,"enemies":"The Heart","floor":56,"turns":7}],"seed_played":"-8805820796207958650","potions_obtained":[{"floor":1,"key":"SkillPotion"},{"floor":12,"key":"Explosive Potion"},{"floor":19,"key":"GamblersBrew"},{"floor":21,"key":"SteroidPotion"},{"floor":31,"key":"Dexterity Potion"},{"floor":33,"key":"EssenceOfSteel"},{"floor":35,"key":"EssenceOfSteel"},{"floor":47,"key":"Dexterity Potion"}],"is_trial":false,"path_per_floor":["M","$","M","$","?","R","M","T","T","$","E","E","M","?","R","B",null,"M","?","?","M","M","R","R","M","T","R","?","$","R","M","R","B",null,"M","$","M","M","?","R","$","R","T","R","E","$","?","M","R","B","B",null,"R","$","E","B",null],"character_chosen":"IRONCLAD","items_purchased":["Inflame","True Grit","Medical Kit","Dexterity Potion"],"campfire_rested":1,"item_purchase_floors":[2,4,46,46],"current_hp_per_floor":[74,74,75,75,64,64,70,70,70,70,66,43,41,18,18,43,67,73,27,27,23,23,23,45,41,41,41,41,41,41,47,47,66,73,75,75,75,75,75,75,75,75,75,75,75,75,69,53,53,66,75,75,75,75,69,67],"gold":147,"neow_bonus":"THREE_ENEMY_KILL","is_prod":false,"is_daily":false,"chose_seed":false,"campfire_upgraded":10,"win_rate":0,"timestamp":1552885028,"path_taken":["M","?","?","$","?","R","M","?","T","?","E","E","M","?","R","BOSS","M","?","?","M","M","R","R","M","T","R","?","$","R","M","R","BOSS","M","$","M","M","?","R","$","R","T","R","E","$","?","M","R","BOSS","BOSS","R","$","E","BOSS"],"build_version":"2019-01-23","purchased_purges":2,"victory":true,"max_hp_per_floor":[75,75,75,75,75,75,75,75,75,75,75,75,75,75,75,75,75,75,75,75,75,75,75,75,75,75,75,75,75,75,75,75,75,75,75,75,75,75,75,75,75,75,75,75,75,75,75,75,75,75,75,75,75,75,75,75],"card_choices":[{"not_picked":["Infernal Blade","Combust","Flex"],"picked":"SKIP","floor":1},{"not_picked":["Iron Wave","Seeing Red"],"picked":"Carnage","floor":3},{"not_picked":["Shockwave","Second Wind"],"picked":"Feel No Pain","floor":7},{"not_picked":["Sentinel","Fire Breathing"],"picked":"Second Wind","floor":11},{"not_picked":["Clash+1","Havoc"],"picked":"Combust","floor":12},{"not_picked":["Sword Boomerang+1","Hemokinesis+1","Pommel Strike+1"],"picked":"SKIP","floor":13},{"not_picked":["Dark Embrace","Bludgeon+1"],"picked":"Barricade","floor":16},{"not_picked":["Armaments","Sentinel","Carnage+1"],"picked":"SKIP","floor":18},{"not_picked":["Sword Boomerang+1","Flame Barrier"],"picked":"Body Slam+1","floor":21},{"not_picked":["Cleave+1","Hemokinesis+1"],"picked":"Shrug It Off","floor":22},{"not_picked":["Corruption","Combust","Perfected Strike+1"],"picked":"SKIP","floor":25},{"not_picked":["Havoc+1","Cleave+1"],"picked":"Exhume","floor":31},{"not_picked":["Havoc","Uppercut+1"],"picked":"Shrug It Off","floor":35},{"not_picked":["Anger+1","Clothesline+1"],"picked":"Seeing Red","floor":37},{"not_picked":["Clothesline+1","Hemokinesis+1","Sever Soul+1"],"picked":"SKIP","floor":38},{"not_picked":["Body Slam+1","Rage"],"picked":"Feel No Pain","floor":45},{"not_picked":["Pommel Strike+1","Havoc"],"picked":"Sentinel+1","floor":48},{"not_picked":["Cleave+1","Second Wind","Evolve+1"],"picked":"SKIP","floor":55}],"player_experience":2344948,"relics_obtained":[{"floor":8,"key":"Molten Egg 2"},{"floor":9,"key":"WingedGreaves"},{"floor":11,"key":"Pantograph"},{"floor":12,"key":"Pocketwatch"},{"floor":19,"key":"Red Mask"},{"floor":26,"key":"Meat on the Bone"},{"floor":45,"key":"Shuriken"},{"floor":47,"key":"Thread and Needle"},{"floor":55,"key":"Bag of Preparation"}],"event_choices":[{"damage_healed":0,"gold_gain":75,"player_choice":"Gather Gold","damage_taken":11,"max_hp_gain":0,"max_hp_loss":0,"event_name":"World of Goop","floor":5,"gold_loss":0},{"damage_healed":0,"gold_gain":0,"player_choice":"Entered Light","damage_taken":23,"max_hp_gain":0,"max_hp_loss":0,"event_name":"Shining Light","floor":14,"gold_loss":0,"cards_upgraded":["Combust","Bash"]},{"damage_healed":0,"gold_gain":0,"player_choice":"Fought Bandits","damage_taken":0,"max_hp_gain":0,"max_hp_loss":0,"event_name":"Masked Bandits","floor":19,"gold_loss":0},{"damage_healed":0,"gold_gain":0,"cards_transformed":["Strike_R","Strike_R"],"player_choice":"Became Test Subject","damage_taken":0,"max_hp_gain":0,"max_hp_loss":0,"event_name":"Drug Dealer","floor":20,"gold_loss":0,"cards_obtained":["Offering","Evolve"]},{"cards_removed":["Inflame"],"damage_healed":0,"gold_gain":0,"player_choice":"Gave Gold","damage_taken":0,"max_hp_gain":0,"max_hp_loss":0,"event_name":"Beggar","floor":28,"gold_loss":75},{"cards_removed":["Combust"],"damage_healed":0,"gold_gain":0,"player_choice":"Removed Power","damage_taken":0,"max_hp_gain":0,"max_hp_loss":0,"event_name":"Falling","floor":39,"gold_loss":0},{"damage_healed":0,"gold_gain":0,"player_choice":"Fight","damage_taken":0,"max_hp_gain":0,"max_hp_loss":0,"event_name":"MindBloom","floor":47,"gold_loss":0}],"is_beta":false,"boss_relics":[{"not_picked":["Eternal Feather","Black Blood"],"picked":"Empty Cage"},{"not_picked":["Lizard Tail","Tiny House"],"picked":"White Beast Statue"}],"items_purged_floors":[10,54],"is_endless":false,"potions_floor_spawned":[1,12,19,21,31,33,35,37,38,45,47,48,55],"ascension_level":20}