{"gold_per_floor":[117,117,117,130,150,150,168,168,221,239,289,302,330,350,350,427,427,440,440,331,346,366,366,366],"floor_reached":24,"playtime":957,"items_purged":[],"score":500,"play_id":"bf256764-2ee8-461f-a27c-86f8f8c4b219","local_time":"20190216223908","is_ascension_mode":true,"campfire_choices":[{"data":"Streamline","floor":6,"key":"SMITH"},{"data":"Self Repair","floor":8,"key":"SMITH"},{"data":"Zap","floor":15,"key":"SMITH"},{"data":"Coolheaded","floor":23,"key":"SMITH"}],"neow_cost":"NONE","seed_source_timestamp":218261021330400,"circlet_count":0,"master_deck":["AscendersBane","Strike_B","Strike_B","Strike_B","Strike_B","Defend_B","Defend_B","Defend_B","Defend_B","Zap+1","Dualcast","Coolheaded+1","Coolheaded+1","Streamline+1","Self Repair+1","Undo+1","Chill+1","BootSequence+1","Seek+1","Hologram+1","Conserve Battery+1"],"relics":["Coffee Dripper","Toxic Egg 2","Vajra","Happy Flower","Inserter","Singing Bowl"],"potions_floor_usage":[16,16,19],"damage_taken":[{"damage":1,"enemies":"Cultist","floor":1,"turns":4},{"damage":0,"enemies":"2 Louse","floor":4,"turns":4},{"damage":0,"enemies":"Jaw Worm","floor":5,"turns":5},{"damage":15,"enemies":"Exordium Wildlife","floor":7,"turns":6},{"damage":0,"enemies":"Exordium Thugs","floor":10,"turns":4},{"damage":18,"enemies":"3 Louse","floor":12,"turns":4},{"damage":18,"enemies":"3 Sentries","floor":13,"turns":11},{"damage":0,"enemies":"Blue Slaver","floor":14,"turns":4},{"damage":0,"enemies":"The Guardian","floor":16,"turns":10},{"damage":7,"enemies":"2 Thieves","floor":18,"turns":5},{"damage":14,"enemies":"Colosseum Slavers","floor":19,"turns":6},{"damage":0,"enemies":"Shell Parasite","floor":21,"turns":7},{"damage":7,"enemies":"Snecko","floor":22,"turns":9},{"damage":80,"enemies":"Gremlin Leader","floor":24,"turns":8}],"seed_played":"7906268636195818037","potions_obtained":[{"floor":1,"key":"Swift Potion"},{"floor":4,"key":"Strength Potion"},{"floor":5,"key":"FocusPotion"},{"floor":13,"key":"Dexterity Potion"},{"floor":16,"key":"GamblersBrew"},{"floor":22,"key":"FearPotion"}],"is_trial":false,"path_per_floor":["M","T","?","M","M","R","M","R","T","M","?","M","E","M","R","B",null,"M","?","?","M","M","R","E"],"character_chosen":"DEFECT","items_purchased":[],"campfire_rested":0,"item_purchase_floors":[],"current_hp_per_floor":[63,63,68,68,68,68,53,53,53,63,56,38,30,40,40,50,70,73,69,69,78,78,78,0],"gold":366,"neow_bonus":"BOSS_RELIC","is_prod":false,"is_daily":false,"chose_seed":false,"campfire_upgraded":4,"win_rate":0,"timestamp":1550324348,"path_taken":["M","?","?","M","M","R","M","R","T","M","?","?","E","M","R","BOSS","M","?","?","M","M","R","E"],"build_version":"2019-01-23","purchased_purges":0,"victory":false,"max_hp_per_floor":[71,71,76,76,76,76,76,76,76,76,76,76,76,76,76,76,76,76,76,76,78,78,78,78],"card_choices":[{"not_picked":["Hello World","Double Energy"],"picked":"Coolheaded","floor":1},{"not_picked":["Go for the Eyes","Stack+1"],"picked":"Coolheaded+1","floor":4},{"not_picked":["Sweeping Beam","Go for the Eyes"],"picked":"Streamline","floor":5},{"not_picked":["Skim+1","Sunder"],"picked":"Self Repair","floor":7},{"not_picked":["Beam Cell","Stack+1"],"picked":"Undo+1","floor":10},{"not_picked":["Barrage","Streamline","Sweeping Beam"],"picked":"SKIP","floor":12},{"not_picked":["Barrage","Hyperbeam"],"picked":"Chill+1","floor":13},{"not_picked":["Doom and Gloom","Compile Driver"],"picked":"BootSequence+1","floor":14},{"not_picked":["Buffer","Hyperbeam"],"picked":"Seek+1","floor":16},{"not_picked":["Ball Lightning","Rebound"],"picked":"Hologram+1","floor":18},{"not_picked":["Beam Cell","Steam+1","Tempest+1"],"picked":"Singing Bowl","floor":21},{"not_picked":["Aggregate+1","Stack+1"],"picked":"Conserve Battery+1","floor":22}],"player_experience":104671,"relics_obtained":[{"floor":2,"key":"Toxic Egg 2"},{"floor":9,"key":"Vajra"},{"floor":13,"key":"Happy Flower"}],"event_choices":[{"damage_healed":0,"gold_gain":0,"player_choice":"Donut","damage_taken":0,"max_hp_gain":5,"max_hp_loss":0,"event_name":"Big Fish","floor":3,"gold_loss":0},{"damage_healed":0,"gold_gain":50,"player_choice":"Touch","damage_taken":7,"max_hp_gain":0,"max_hp_loss":0,"event_name":"FaceTrader","floor":11,"gold_loss":0},{"damage_healed":0,"gold_gain":0,"player_choice":"Fight","damage_taken":0,"max_hp_gain":0,"max_hp_loss":0,"event_name":"Colosseum","floor":19,"gold_loss":0},{"damage_healed":0,"gold_gain":0,"player_choice":"Fled From Nobs","damage_taken":0,"max_hp_gain":0,"max_hp_loss":0,"event_name":"Colosseum","floor":19,"gold_loss":0},{"damage_healed":0,"gold_gain":0,"player_choice":"Paid Gold","damage_taken":0,"relics_obtained":["Singing Bowl"],"max_hp_gain":0,"max_hp_loss":0,"event_name":"WeMeetAgain","floor":20,"gold_loss":109}],"is_beta":false,"boss_relics":[{"not_picked":["Orrery","Black Star"],"picked":"Inserter"}],"items_purged_floors":[],"is_endless":false,"potions_floor_spawned":[1,4,5,13,16,22],"killed_by":"Gremlin Leader","ascension_level":20}