{"gold_per_floor":[367,367,384,399,409,409,437,437,437,447,28,28,41,41,41,41],"floor_reached":16,"playtime":329,"items_purged":[],"score":168,"play_id":"fd4a8a75-0b8a-438d-9db3-aa9eb5e0cdcf","local_time":"20190203195845","is_ascension_mode":true,"campfire_choices":[{"data":"Carnage","floor":6,"key":"SMITH"},{"data":"Bash","floor":8,"key":"SMITH"},{"data":"Body Slam","floor":12,"key":"SMITH"},{"data":"Whirlwind","floor":15,"key":"SMITH"}],"neow_cost":"PERCENT_DAMAGE","seed_source_timestamp":126833196207500,"circlet_count":0,"master_deck":["AscendersBane","Strike_R","Strike_R","Strike_R","Strike_R","Defend_R","Defend_R","Defend_R","Defend_R","Bash+1","Body Slam+1","Flex","Carnage+1","Second Wind","Feel No Pain","Whirlwind+1"],"relics":["Burning Blood","Mercury Hourglass","Sundial","Bronze Scales","Anchor"],"potions_floor_usage":[16,16],"damage_taken":[{"damage":12,"enemies":"Small Slimes","floor":1,"turns":5},{"damage":1,"enemies":"Cultist","floor":3,"turns":3},{"damage":8,"enemies":"Jaw Worm","floor":4,"turns":5},{"damage":15,"enemies":"Gremlin Gang","floor":5,"turns":5},{"damage":24,"enemies":"Gremlin Nob","floor":7,"turns":4},{"damage":0,"enemies":"2 Fungi Beasts","floor":10,"turns":3},{"damage":0,"enemies":"Looter","floor":13,"turns":2},{"damage":35,"enemies":"The Guardian","floor":16,"turns":7}],"seed_played":"-5035855464959874402","potions_obtained":[{"floor":10,"key":"Poison Potion"},{"floor":13,"key":"AttackPotion"}],"is_trial":false,"path_per_floor":["M","?","M","M","M","R","E","R","T","M","$","R","M","$","R","B"],"character_chosen":"IRONCLAD","items_purchased":["Bronze Scales","Feel No Pain","Whirlwind","Anchor"],"campfire_rested":0,"item_purchase_floors":[11,11,11,11],"current_hp_per_floor":[45,45,50,48,39,39,21,21,21,27,27,27,33,33,33,0],"gold":41,"neow_bonus":"TWO_FIFTY_GOLD","is_prod":false,"is_daily":false,"chose_seed":false,"campfire_upgraded":4,"win_rate":0,"timestamp":1549191525,"path_taken":["M","?","M","?","M","R","E","R","T","M","$","R","M","?","R","BOSS"],"build_version":"2019-01-23","purchased_purges":0,"victory":false,"max_hp_per_floor":[80,80,80,80,80,80,80,80,80,80,80,80,80,80,80,80],"card_choices":[{"not_picked":["Warcry","Thunderclap"],"picked":"Body Slam","floor":1},{"not_picked":["Intimidate","Body Slam"],"picked":"Flex","floor":3},{"not_picked":["Rage","Sentinel"],"picked":"Carnage","floor":4},{"not_picked":["Shockwave","Cleave"],"picked":"Second Wind","floor":5},{"not_picked":["Berserk","True Grit","Iron Wave"],"picked":"SKIP","floor":7},{"not_picked":["Pummel","Iron Wave","Sever Soul"],"picked":"SKIP","floor":10},{"not_picked":["Pommel Strike","Searing Blow","Twin Strike"],"picked":"SKIP","floor":13}],"player_experience":38533,"relics_obtained":[{"floor":7,"key":"Mercury Hourglass"},{"floor":9,"key":"Sundial"}],"event_choices":[{"cards_removed":["Strike_R"],"damage_healed":0,"gold_gain":0,"player_choice":"Purged","damage_taken":0,"max_hp_gain":0,"max_hp_loss":0,"event_name":"Purifier","floor":2,"gold_loss":0}],"is_beta":false,"boss_relics":[],"items_purged_floors":[],"is_endless":false,"potions_floor_spawned":[10,13],"killed_by":"The Guardian","ascension_level":13}