{"gold_per_floor":[109,109,120,133,146,176,176,186,256,81,81,81,106,116,116,214,214,227,253,253,264,264,264,179,179,179,209,209,209,209,209,209,209],"floor_reached":33,"playtime":1760,"items_purged":[],"score":261,"play_id":"3b56a09c-c4cd-43dc-a641-e8b47ac041ef","local_time":"20190126172739","is_ascension_mode":false,"campfire_choices":[{"floor":7,"key":"REST"},{"floor":15,"key":"RECALL"},{"floor":25,"key":"REST"},{"floor":30,"key":"REST"},{"floor":32,"key":"REST"}],"neow_cost":"NONE","seed_source_timestamp":508818662431784,"circlet_count":0,"master_deck":["Strike_B","Strike_B","Strike_B","Strike_B","Defend_B","Defend_B","Defend_B+1","Zap","Dualcast","Force Field+1","All For One","Streamline","Chaos","Buffer","BootSequence","Loop","Go for the Eyes+1","Rebound+1","Go for the Eyes+1","Seek","Go for the Eyes+1","Streamline+1","Ball Lightning+1","Beam Cell+1"],"relics":["Cracked Core","Letter Opener","Molten Egg 2","Dead Branch","Juzu Bracelet","White Beast Statue","Red Mask","Dodecahedron","Potion Belt","Singing Bowl","War Paint","MutagenicStrength"],"potions_floor_usage":[6,6,6,6,8,8,18,19,21,27],"damage_taken":[{"damage":6,"enemies":"Jaw Worm","floor":1,"turns":3},{"damage":0,"enemies":"Cultist","floor":3,"turns":3},{"damage":6,"enemies":"2 Louse","floor":4,"turns":2},{"damage":9,"enemies":"2 Fungi Beasts","floor":5,"turns":4},{"damage":22,"enemies":"3 Sentries","floor":6,"turns":5},{"damage":0,"enemies":"Looter","floor":8,"turns":3},{"damage":0,"enemies":"Blue Slaver","floor":14,"turns":3},{"damage":23,"enemies":"Slime Boss","floor":16,"turns":9},{"damage":11,"enemies":"3 Byrds","floor":18,"turns":5},{"damage":33,"enemies":"Masked Bandits","floor":19,"turns":6},{"damage":8,"enemies":"Shell Parasite","floor":21,"turns":3},{"damage":40,"enemies":"Book of Stabbing","floor":27,"turns":5},{"damage":81,"enemies":"Collector","floor":33,"turns":9}],"seed_played":"6264955367407224324","potions_obtained":[{"floor":0,"key":"GamblersBrew"},{"floor":0,"key":"EntropicBrew"},{"floor":0,"key":"Dexterity Potion"},{"floor":1,"key":"Fire Potion"},{"floor":14,"key":"Block Potion"},{"floor":18,"key":"Dexterity Potion"},{"floor":19,"key":"Poison Potion"},{"floor":21,"key":"Strength Potion"},{"floor":27,"key":"Regen Potion"}],"is_trial":false,"path_per_floor":["M","?","M","M","M","E","R","M","T","$","?","?","T","M","R","B",null,"M","?","T","M","?","?","?","R","T","E","?","?","R","?","R","B"],"character_chosen":"DEFECT","items_purchased":["Loop","Go for the Eyes+1","Rebound+1"],"campfire_rested":4,"item_purchase_floors":[10,10,10],"current_hp_per_floor":[69,69,69,63,54,32,54,66,66,66,71,68,68,68,68,45,80,69,36,36,28,28,28,28,52,52,12,4,4,28,54,78,0],"gold":209,"neow_bonus":"THREE_SMALL_POTIONS","is_prod":false,"is_daily":false,"chose_seed":false,"campfire_upgraded":0,"win_rate":0,"timestamp":1548516459,"path_taken":["M","?","M","M","?","E","R","?","T","$","?","?","?","M","R","BOSS","M","?","?","M","?","?","?","R","T","E","?","?","R","?","R","BOSS"],"build_version":"2019-01-23","purchased_purges":0,"victory":false,"max_hp_per_floor":[75,75,75,75,75,75,75,75,75,75,80,80,80,80,80,80,80,80,80,80,80,80,80,80,80,80,80,80,80,80,80,80,80],"card_choices":[{"not_picked":["Barrage","Hologram"],"picked":"Force Field","floor":1},{"not_picked":["Rebound","Undo"],"picked":"Streamline","floor":3},{"not_picked":["Compile Driver","Steam Power","Reinforced Body"],"picked":"SKIP","floor":4},{"not_picked":["Doom and Gloom","Tempest"],"picked":"Chaos","floor":5},{"not_picked":["Static Discharge","Double Energy"],"picked":"Buffer","floor":6},{"not_picked":["Sweeping Beam","Steam"],"picked":"BootSequence","floor":8},{"not_picked":["Coolheaded","Multi-Cast"],"picked":"Go for the Eyes+1","floor":14},{"not_picked":["Machine Learning","Thunder Strike+1"],"picked":"Seek","floor":16},{"not_picked":["Sweeping Beam+1","Stack"],"picked":"Go for the Eyes+1","floor":18},{"not_picked":["Heatsinks","Melter+1"],"picked":"Streamline+1","floor":19},{"not_picked":["Compile Driver+1","Conserve Battery"],"picked":"Ball Lightning+1","floor":21},{"not_picked":["Hello World+1","Hologram+1"],"picked":"Beam Cell+1","floor":27}],"player_experience":920439,"relics_obtained":[{"floor":6,"key":"Letter Opener"},{"floor":9,"key":"Molten Egg 2"},{"floor":13,"key":"Juzu Bracelet"},{"floor":19,"key":"Red Mask"},{"floor":20,"key":"Dodecahedron"},{"floor":26,"key":"Singing Bowl"},{"floor":27,"key":"War Paint"}],"event_choices":[{"damage_healed":0,"gold_gain":0,"cards_transformed":["Defend_B"],"player_choice":"Transformed","damage_taken":0,"max_hp_gain":0,"max_hp_loss":0,"event_name":"Transmorgrifier","floor":2,"gold_loss":0,"cards_obtained":["All For One"]},{"damage_healed":0,"gold_gain":0,"player_choice":"Donut","damage_taken":0,"max_hp_gain":5,"max_hp_loss":0,"event_name":"Big Fish","floor":11,"gold_loss":0},{"damage_healed":0,"gold_gain":0,"player_choice":"Success","damage_taken":3,"relics_obtained":["Dead Branch"],"max_hp_gain":0,"max_hp_loss":0,"event_name":"Scrap Ooze","floor":12,"gold_loss":0},{"damage_healed":0,"gold_gain":0,"player_choice":"Fought Bandits","damage_taken":0,"max_hp_gain":0,"max_hp_loss":0,"event_name":"Masked Bandits","floor":19,"gold_loss":0},{"damage_healed":0,"gold_gain":0,"player_choice":"Ignored","damage_taken":0,"max_hp_gain":0,"max_hp_loss":0,"event_name":"N\u0027loth","floor":22,"gold_loss":0},{"damage_healed":0,"gold_gain":0,"player_choice":"Ignored","damage_taken":0,"max_hp_gain":0,"max_hp_loss":0,"event_name":"Cursed Tome","floor":23,"gold_loss":0},{"damage_healed":0,"gold_gain":0,"player_choice":"Obtained Relic","damage_taken":0,"relics_obtained":["Potion Belt"],"max_hp_gain":0,"max_hp_loss":0,"event_name":"Addict","floor":24,"gold_loss":85},{"damage_healed":0,"gold_gain":0,"player_choice":"Damaged","damage_taken":8,"max_hp_gain":0,"max_hp_loss":0,"event_name":"Wheel of Change","floor":28,"gold_loss":0},{"damage_healed":0,"gold_gain":0,"player_choice":"Inject Mutagens","damage_taken":0,"relics_obtained":["MutagenicStrength"],"max_hp_gain":0,"max_hp_loss":0,"event_name":"Drug Dealer","floor":29,"gold_loss":0},{"damage_healed":26,"gold_gain":0,"player_choice":"Heal","damage_taken":0,"max_hp_gain":0,"max_hp_loss":0,"event_name":"The Library","floor":31,"gold_loss":0}],"is_beta":false,"boss_relics":[{"not_picked":["Fusion Hammer","Philosopher\u0027s Stone"],"picked":"White Beast Statue"}],"items_purged_floors":[],"is_endless":false,"potions_floor_spawned":[1,4,5,14,18,19,21,27],"killed_by":"Collector","ascension_level":0}