{"gold_per_floor":[112,387,28,28,41,72,72,98,147,163,163,163,9,27,27,27],"floor_reached":16,"playtime":388,"items_purged":["Pain","Strike_B"],"score":216,"play_id":"17f13435-6aa6-4f91-8e5d-148f8a50605d","local_time":"20190316160358","is_ascension_mode":true,"campfire_choices":[{"floor":7,"key":"REST"},{"floor":12,"key":"REST"},{"data":"Loop","floor":15,"key":"SMITH"}],"neow_cost":"CURSE","seed_source_timestamp":194277636702000,"circlet_count":0,"master_deck":["AscendersBane","Strike_B","Strike_B","Defend_B","Defend_B","Defend_B","Zap","Dualcast","Core Surge","Recycle","Chaos","Loop+1","Cold Snap","Flash of Steel","Dual Wield"],"relics":["Cracked Core","PrismaticShard","Ancient Tea Set","Orichalcum","Singing Bowl"],"potions_floor_usage":[8,8,16,16],"damage_taken":[{"damage":2,"enemies":"Small Slimes","floor":1,"turns":3},{"damage":2,"enemies":"Cultist","floor":5,"turns":5},{"damage":40,"enemies":"Lagavulin","floor":6,"turns":8},{"damage":25,"enemies":"Gremlin Nob","floor":8,"turns":4},{"damage":4,"enemies":"Jaw Worm","floor":10,"turns":3},{"damage":3,"enemies":"Blue Slaver","floor":14,"turns":3},{"damage":24,"enemies":"Slime Boss","floor":16,"turns":9}],"seed_played":"-29316277139558755","potions_obtained":[{"floor":6,"key":"SkillPotion"},{"floor":8,"key":"Explosive Potion"},{"floor":10,"key":"GamblersBrew"}],"is_trial":false,"path_per_floor":["M","?","$","?","M","E","R","E","T","M","T","R","$","M","R","B"],"character_chosen":"DEFECT","items_purchased":["PowerPotion","PrismaticShard","SteroidPotion"],"campfire_rested":2,"item_purchase_floors":[3,3,13],"current_hp_per_floor":[62,62,62,62,60,20,41,16,16,12,12,33,33,30,30,6],"gold":27,"neow_bonus":"TRANSFORM_TWO_CARDS","is_prod":false,"is_daily":false,"chose_seed":false,"campfire_upgraded":1,"win_rate":0,"timestamp":1552719838,"path_taken":["M","?","?","?","M","E","R","E","T","M","?","R","$","M","R","BOSS"],"build_version":"2019-01-23","purchased_purges":2,"victory":false,"max_hp_per_floor":[71,71,71,71,71,71,71,71,71,71,71,71,71,71,71,71],"card_choices":[{"not_picked":["Leap","Aggregate"],"picked":"Chaos","floor":1},{"not_picked":["Compile Driver","PiercingWail","Sword Boomerang"],"picked":"SKIP","floor":5},{"not_picked":["Finisher","Armaments"],"picked":"Loop","floor":6},{"not_picked":["Unload","Twin Strike"],"picked":"Cold Snap","floor":8},{"not_picked":["Uppercut","PiercingWail"],"picked":"Flash of Steel","floor":10},{"not_picked":["True Grit","Flash of Steel"],"picked":"Dual Wield","floor":14}],"player_experience":2310114,"relics_obtained":[{"floor":6,"key":"Ancient Tea Set"},{"floor":8,"key":"Orichalcum"},{"floor":11,"key":"Singing Bowl"}],"event_choices":[{"damage_healed":0,"gold_gain":275,"player_choice":"Desecrate","damage_taken":0,"max_hp_gain":0,"max_hp_loss":0,"event_name":"Golden Shrine","floor":2,"gold_loss":0,"cards_obtained":["Regret"]},{"cards_removed":["Regret"],"damage_healed":0,"gold_gain":0,"player_choice":"Forget","damage_taken":0,"max_hp_gain":0,"max_hp_loss":0,"event_name":"Living Wall","floor":4,"gold_loss":0}],"is_beta":false,"boss_relics":[],"items_purged_floors":[3,13],"is_endless":false,"potions_floor_spawned":[6,8,10],"killed_by":"Slime Boss","ascension_level":20}