{"gold_per_floor":[119,62,62,78,95,95,130,143,143,143,159,172,213,213,213,303,303,324,324,6,31,31,70,91,91,91,91,107,107,121,170,170,170],"floor_reached":33,"playtime":1332,"items_purged":["Strike_R"],"score":554,"play_id":"01179d10-6631-416f-87a4-fcceeb9047ce","local_time":"20190423123511","is_ascension_mode":true,"campfire_choices":[{"data":"Carnage","floor":6,"key":"SMITH"},{"data":"True Grit","floor":15,"key":"SMITH"},{"floor":25,"key":"REST"},{"floor":27,"key":"REST"},{"floor":29,"key":"REST"},{"data":"Second Wind","floor":32,"key":"SMITH"}],"neow_cost":"NONE","seed_source_timestamp":88294999517200,"circlet_count":0,"master_deck":["AscendersBane","Strike_R","Defend_R","Defend_R","Defend_R","Bash","Battle Trance","True Grit+1","Carnage+1","Feel No Pain","Shrug It Off","Double Tap","Offering","Second Wind+1","Shrug It Off","Power Through","Evolve"],"relics":["Runic Dome","Kunai","Dodecahedron","Golden Idol","Prayer Wheel","Empty Cage","Ancient Tea Set","Lantern","Paper Frog"],"potions_floor_usage":[7,13,16,23,23],"damage_taken":[{"damage":2,"enemies":"2 Louse","floor":1,"turns":3},{"damage":0,"enemies":"Cultist","floor":4,"turns":3},{"damage":8,"enemies":"Small Slimes","floor":5,"turns":3},{"damage":8,"enemies":"Gremlin Nob","floor":7,"turns":3},{"damage":12,"enemies":"3 Louse","floor":8,"turns":3},{"damage":9,"enemies":"Large Slime","floor":11,"turns":7},{"damage":3,"enemies":"Looter","floor":12,"turns":2},{"damage":7,"enemies":"Lagavulin","floor":13,"turns":4},{"damage":9,"enemies":"Hexaghost","floor":16,"turns":8},{"damage":11,"enemies":"2 Thieves","floor":18,"turns":4},{"damage":21,"enemies":"3 Byrds","floor":21,"turns":5},{"damage":12,"enemies":"Book of Stabbing","floor":23,"turns":4},{"damage":6,"enemies":"Snecko","floor":24,"turns":3},{"damage":10,"enemies":"Sentry and Sphere","floor":28,"turns":16},{"damage":7,"enemies":"Centurion and Healer","floor":30,"turns":5},{"damage":47,"enemies":"Champ","floor":33,"turns":11}],"seed_played":"-2770994703697340572","potions_obtained":[{"floor":4,"key":"FearPotion"},{"floor":11,"key":"GamblersBrew"},{"floor":16,"key":"Strength Potion"},{"floor":21,"key":"Poison Potion"},{"floor":28,"key":"Ancient Potion"},{"floor":30,"key":"Swift Potion"}],"is_trial":false,"path_per_floor":["M","$","?","M","M","R","E","M","T","?","M","M","E","?","R","B",null,"M","?","$","M","?","E","M","R","T","R","M","R","M","T","R","B"],"character_chosen":"IRONCLAD","items_purchased":["Fire Potion","Ancient Tea Set","Second Wind"],"campfire_rested":3,"item_purchase_floors":[2,20,20],"current_hp_per_floor":[66,66,66,66,58,58,50,38,38,38,29,26,19,19,19,10,54,43,43,43,22,22,10,4,24,24,44,34,54,47,47,47,0],"gold":170,"neow_bonus":"BOSS_RELIC","is_prod":false,"is_daily":false,"chose_seed":false,"campfire_upgraded":3,"win_rate":0,"timestamp":1555990511,"path_taken":["M","$","?","M","?","R","E","M","T","?","M","M","E","?","R","BOSS","M","?","$","M","?","E","M","R","T","R","M","R","M","?","R","BOSS"],"build_version":"2019-01-23","purchased_purges":1,"victory":false,"max_hp_per_floor":[75,75,75,75,75,75,75,75,75,68,68,68,68,68,68,68,68,68,68,68,68,68,68,68,68,68,68,68,68,68,68,68,68],"card_choices":[{"not_picked":["Cleave","Rupture"],"picked":"Battle Trance","floor":1},{"not_picked":["Shrug It Off","Thunderclap"],"picked":"Carnage","floor":4},{"not_picked":["Clash","Battle Trance","Flex"],"picked":"SKIP","floor":5},{"not_picked":["Sword Boomerang","Reckless Charge"],"picked":"Feel No Pain","floor":7},{"not_picked":["Sword Boomerang","Entrench"],"picked":"Shrug It Off","floor":8},{"not_picked":["Reckless Charge","Pummel","Shrug It Off"],"picked":"SKIP","floor":11},{"not_picked":["Warcry","Body Slam","Rage"],"picked":"SKIP","floor":12},{"not_picked":["Seeing Red","True Grit"],"picked":"Double Tap","floor":13},{"not_picked":["Bludgeon","Impervious"],"picked":"Offering","floor":16},{"not_picked":["Havoc","Heavy Blade","Flex"],"picked":"SKIP","floor":18},{"not_picked":["Dropkick","Clash+1","Flex"],"picked":"SKIP","floor":18},{"not_picked":["Havoc","Clash"],"picked":"Shrug It Off","floor":21},{"not_picked":["Cleave","Heavy Blade","Sever Soul+1"],"picked":"SKIP","floor":21},{"not_picked":["Cleave","Heavy Blade","Sever Soul+1"],"picked":"SKIP","floor":21},{"not_picked":["Disarm","Shrug It Off"],"picked":"Power Through","floor":23},{"not_picked":["Brutality","Flex","Anger"],"picked":"SKIP","floor":24},{"not_picked":["Armaments","Wild Strike","Sword Boomerang"],"picked":"SKIP","floor":24},{"not_picked":["Battle Trance","Warcry","Sword Boomerang"],"picked":"SKIP","floor":28},{"not_picked":["Sword Boomerang","Pummel","Armaments"],"picked":"SKIP","floor":28},{"not_picked":["Blood for Blood+1","Flex+1"],"picked":"Evolve","floor":30},{"not_picked":["Flex","Cleave","Clothesline"],"picked":"SKIP","floor":30}],"player_experience":3307661,"relics_obtained":[{"floor":7,"key":"Kunai"},{"floor":9,"key":"Dodecahedron"},{"floor":13,"key":"Prayer Wheel"},{"floor":23,"key":"Lantern"},{"floor":26,"key":"Paper Frog"}],"event_choices":[{"damage_healed":0,"gold_gain":0,"cards_transformed":["Strike_R"],"player_choice":"Transformed","damage_taken":0,"max_hp_gain":0,"max_hp_loss":0,"event_name":"Transmorgrifier","floor":3,"gold_loss":0,"cards_obtained":["True Grit"]},{"damage_healed":0,"gold_gain":0,"player_choice":"Lose Max HP","damage_taken":0,"relics_obtained":["Golden Idol"],"max_hp_gain":0,"max_hp_loss":7,"event_name":"Golden Idol","floor":10,"gold_loss":0},{"damage_healed":0,"gold_gain":0,"player_choice":"Fled","damage_taken":0,"max_hp_gain":0,"max_hp_loss":0,"event_name":"Scrap Ooze","floor":14,"gold_loss":0},{"cards_removed":["Strike_R"],"damage_healed":0,"gold_gain":0,"player_choice":"Elegance","damage_taken":0,"max_hp_gain":0,"max_hp_loss":0,"event_name":"Back to Basics","floor":19,"gold_loss":0},{"damage_healed":0,"gold_gain":0,"player_choice":"Ignored","damage_taken":0,"max_hp_gain":0,"max_hp_loss":0,"event_name":"Vampires","floor":22,"gold_loss":0}],"is_beta":false,"boss_relics":[{"not_picked":["Sozu","Coffee Dripper"],"picked":"Empty Cage"}],"items_purged_floors":[20],"is_endless":false,"potions_floor_spawned":[4,11,12,16,21,28,30],"killed_by":"Champ","ascension_level":20}