{"gold_per_floor":[116,116,126,141,141,141,152,182,182,194,194,209,239,258,258,258],"floor_reached":16,"playtime":767,"items_purged":[],"score":166,"play_id":"3efae9f4-e5e5-4c75-a6a9-f8ace886ba8e","local_time":"20180906133314","is_ascension_mode":true,"campfire_choices":[{"floor":6,"key":"REST"},{"floor":11,"key":"REST"},{"floor":15,"key":"REST"}],"neow_cost":"NONE","seed_source_timestamp":1883801411457331,"circlet_count":0,"master_deck":["Strike_B","Strike_B","Strike_B","Strike_B","Defend_B","Defend_B+1","Defend_B","Defend_B","Zap+1","Dualcast","AscendersBane","Gash","Steam","Gash","Steam","Redo","Redo"],"relics":["Cracked Core","War Paint","Mummified Hand"],"potions_floor_usage":[7,8,8,12,14],"damage_taken":[{"damage":4,"enemies":"Small Slimes","floor":1,"turns":3},{"damage":1,"enemies":"Cultist","floor":3,"turns":4},{"damage":3,"enemies":"2 Louse","floor":4,"turns":2},{"damage":0,"enemies":"Blue Slaver","floor":7,"turns":3},{"damage":37,"enemies":"Gremlin Nob","floor":8,"turns":5},{"damage":17,"enemies":"Large Slime","floor":10,"turns":6},{"damage":6,"enemies":"Exordium Thugs","floor":12,"turns":4},{"damage":0,"enemies":"Exordium Wildlife","floor":14,"turns":3},{"damage":65,"enemies":"Slime Boss","floor":16,"turns":9}],"seed_played":"-7081674703679104307","potions_obtained":[{"floor":0,"key":"SkillPotion"},{"floor":0,"key":"Block Potion"},{"floor":7,"key":"SkillPotion"},{"floor":10,"key":"Fire Potion"},{"floor":12,"key":"Swift Potion"}],"is_trial":false,"path_per_floor":["M","?","M","M","$","R","M","E","T","M","R","M","?","M","R"],"character_chosen":"DEFECT","items_purchased":[],"campfire_rested":3,"item_purchase_floors":[],"current_hp_per_floor":[64,64,63,60,60,75,75,38,38,21,43,37,37,37,59,0],"gold":258,"neow_bonus":"THREE_SMALL_POTIONS","is_prod":false,"is_daily":false,"chose_seed":false,"campfire_upgraded":0,"win_rate":0,"timestamp":1536229994,"path_taken":["M","?","M","M","$","R","M","E","T","M","R","M","?","M","R","BOSS"],"build_version":"2018-08-30","purchased_purges":0,"victory":false,"max_hp_per_floor":[75,75,75,75,75,75,75,75,75,75,75,75,75,75,75,75],"card_choices":[{"not_picked":["Rebound","Barrage","Go for the Eyes"],"picked":"SKIP","floor":1},{"not_picked":["Steam Power","Streamline"],"picked":"Gash","floor":3},{"not_picked":["Streamline","Cold Snap"],"picked":"Steam","floor":4},{"not_picked":["Coolheaded","Go for the Eyes"],"picked":"Gash","floor":7},{"not_picked":["Loop","Reinforced Body"],"picked":"Steam","floor":8},{"not_picked":["Barrage","Turbo","Genetic Algorithm"],"picked":"SKIP","floor":10},{"not_picked":["Rebound","Auto Shields"],"picked":"Redo","floor":12},{"not_picked":["Hello World","Fission"],"picked":"Redo","floor":14}],"player_experience":685598,"relics_obtained":[{"floor":8,"key":"War Paint"},{"floor":9,"key":"Mummified Hand"}],"event_choices":[{"event_name":"The Woman in Blue","player_choice":"Bought 0 Potions","floor":2,"damage_taken":0},{"event_name":"Dead Adventurer","player_choice":"Searched \u00271\u0027 times","floor":13,"damage_taken":0}],"is_beta":false,"boss_relics":[],"items_purged_floors":[],"is_endless":false,"potions_floor_spawned":[1,7,10,12],"killed_by":"Slime Boss","ascension_level":12}