{"gold_per_floor":[118,118,133,133,133,160,160,186,260,260,260,260,293,313,313,389,389,406,441,356,31,44,44,60,110,158,172,172,183,183,183],"floor_reached":31,"playtime":696,"items_purged":["Strike_R"],"score":552,"play_id":"13de2b6c-d0b7-41c6-9ef7-20446344aae0","local_time":"20190409215857","is_ascension_mode":true,"campfire_choices":[{"data":"Bash","floor":7,"key":"SMITH"},{"data":"Demon Form","floor":11,"key":"SMITH"},{"floor":15,"key":"REST"},{"data":"Whirlwind","floor":23,"key":"SMITH"},{"data":"True Grit","floor":28,"key":"SMITH"},{"floor":30,"key":"REST"}],"neow_cost":"NONE","seed_source_timestamp":244571193098500,"circlet_count":0,"master_deck":["AscendersBane","Strike_R","Strike_R","Defend_R","Defend_R","Defend_R","Defend_R+1","Bash+1","Searing Blow","Shrug It Off","True Grit+1","Demon Form+1","Battle Trance","Whirlwind+1","Exhume+1","Ghostly Armor+1","Armaments+1"],"relics":["Burning Blood","NeowsBlessing","Strawberry","Blood Vial","The Courier","Vajra","Runic Dome","Red Mask","Orichalcum","Magic Flower","War Paint"],"potions_floor_usage":[8,16,19,29],"damage_taken":[{"damage":0,"enemies":"Jaw Worm","floor":1,"turns":1},{"damage":0,"enemies":"2 Louse","floor":3,"turns":1},{"damage":0,"enemies":"Lagavulin","floor":6,"turns":1},{"damage":60,"enemies":"Gremlin Nob","floor":8,"turns":5},{"damage":29,"enemies":"Lagavulin","floor":13,"turns":8},{"damage":1,"enemies":"Small Slimes","floor":14,"turns":4},{"damage":23,"enemies":"The Guardian","floor":16,"turns":10},{"damage":19,"enemies":"2 Thieves","floor":18,"turns":4},{"damage":30,"enemies":"Masked Bandits","floor":19,"turns":4},{"damage":13,"enemies":"Shell Parasite","floor":22,"turns":4},{"damage":24,"enemies":"Chosen and Byrds","floor":24,"turns":5},{"damage":27,"enemies":"Sentry and Sphere","floor":27,"turns":7},{"damage":14,"enemies":"Snake Plant","floor":29,"turns":4},{"damage":49,"enemies":"Gremlin Leader","floor":31,"turns":4}],"seed_played":"-4528990918298818425","potions_obtained":[{"floor":1,"key":"SteroidPotion"},{"floor":8,"key":"Strength Potion"},{"floor":16,"key":"Block Potion"},{"floor":18,"key":"EssenceOfSteel"},{"floor":19,"key":"Fire Potion"}],"is_trial":false,"path_per_floor":["M","?","M","?","?","E","R","E","T","?","R","?","E","M","R","B",null,"M","?","?","$","M","R","M","?","T","M","R","M","R","E"],"character_chosen":"IRONCLAD","items_purchased":["Magic Flower"],"campfire_rested":2,"item_purchase_floors":[21],"current_hp_per_floor":[74,74,75,80,73,86,86,32,32,32,32,32,11,18,44,29,73,62,40,40,40,39,39,27,27,27,12,12,10,36,0],"gold":183,"neow_bonus":"THREE_ENEMY_KILL","is_prod":false,"is_daily":false,"chose_seed":false,"campfire_upgraded":4,"win_rate":0,"timestamp":1554814737,"path_taken":["M","?","M","?","?","E","R","E","T","?","R","?","E","M","R","BOSS","M","?","?","$","M","R","M","?","T","M","R","M","R","E"],"build_version":"2019-01-23","purchased_purges":1,"victory":false,"max_hp_per_floor":[75,75,75,80,80,87,87,87,87,87,87,87,87,87,87,87,87,87,87,87,87,87,87,87,87,87,87,87,87,87,87],"card_choices":[{"not_picked":["Reckless Charge","Rupture","Iron Wave"],"picked":"SKIP","floor":1},{"not_picked":["Anger","Intimidate"],"picked":"Shrug It Off","floor":3},{"not_picked":["Twin Strike","Wild Strike"],"picked":"True Grit","floor":6},{"not_picked":["Fire Breathing","Clash"],"picked":"Demon Form","floor":8},{"not_picked":["Warcry","Headbutt"],"picked":"Battle Trance","floor":13},{"not_picked":["Anger","Perfected Strike"],"picked":"Whirlwind","floor":14},{"not_picked":["Bludgeon","Immolate"],"picked":"Exhume","floor":16},{"not_picked":["True Grit","Rampage+1"],"picked":"Ghostly Armor+1","floor":18},{"not_picked":["Clothesline+1","Clash","Sentinel"],"picked":"SKIP","floor":22},{"not_picked":["Ghostly Armor","Perfected Strike","Rage"],"picked":"SKIP","floor":24},{"not_picked":["Infernal Blade+1","Seeing Red"],"picked":"Armaments+1","floor":27},{"not_picked":["Body Slam","Perfected Strike","Sword Boomerang+1"],"picked":"SKIP","floor":29}],"player_experience":3021206,"relics_obtained":[{"floor":6,"key":"Strawberry"},{"floor":8,"key":"Blood Vial"},{"floor":9,"key":"The Courier"},{"floor":13,"key":"Vajra"},{"floor":19,"key":"Red Mask"},{"floor":26,"key":"War Paint"}],"event_choices":[{"damage_healed":0,"gold_gain":0,"cards_transformed":["Strike_R"],"player_choice":"Change","damage_taken":0,"max_hp_gain":0,"max_hp_loss":0,"event_name":"Living Wall","floor":2,"gold_loss":0,"cards_obtained":["Searing Blow"]},{"damage_healed":0,"gold_gain":0,"player_choice":"Donut","damage_taken":0,"max_hp_gain":5,"max_hp_loss":0,"event_name":"Big Fish","floor":4,"gold_loss":0},{"cards_removed":["Strike_R"],"damage_healed":0,"gold_gain":0,"player_choice":"Card Removal","damage_taken":7,"max_hp_gain":0,"max_hp_loss":0,"event_name":"Golden Wing","floor":5,"gold_loss":0},{"damage_healed":0,"gold_gain":0,"player_choice":"Ignored","damage_taken":0,"max_hp_gain":0,"max_hp_loss":0,"event_name":"Liars Game","floor":10,"gold_loss":0},{"damage_healed":0,"gold_gain":0,"player_choice":"Ignored","damage_taken":0,"max_hp_gain":0,"max_hp_loss":0,"event_name":"Shining Light","floor":12,"gold_loss":0},{"damage_healed":0,"gold_gain":0,"player_choice":"Fought Bandits","damage_taken":0,"max_hp_gain":0,"max_hp_loss":0,"event_name":"Masked Bandits","floor":19,"gold_loss":0},{"damage_healed":0,"gold_gain":0,"player_choice":"Obtained Relic","damage_taken":0,"relics_obtained":["Orichalcum"],"max_hp_gain":0,"max_hp_loss":0,"event_name":"Addict","floor":20,"gold_loss":85},{"damage_healed":0,"gold_gain":50,"player_choice":"Pray","damage_taken":0,"max_hp_gain":0,"max_hp_loss":0,"event_name":"Golden Shrine","floor":25,"gold_loss":0}],"is_beta":false,"boss_relics":[{"not_picked":["White Beast Statue","Lizard Tail"],"picked":"Runic Dome"}],"items_purged_floors":[21],"is_endless":false,"potions_floor_spawned":[1,8,16,18,19,27],"killed_by":"Gremlin Leader","ascension_level":20}