{"gold_per_floor":[116,116,136,136,136,169,169,187,187,202,6,40,40,74,74,164,164,179,179,204,204,204,204,227,227,227,227,267,267,267,39,39,39],"floor_reached":33,"playtime":4849,"items_purged":[],"score":633,"play_id":"a4b31252-f6f2-4df0-84c4-c2d1cf5bf8f7","local_time":"20190325211846","is_ascension_mode":true,"campfire_choices":[{"data":"1","floor":7.0,"key":"LIFT"},{"data":"2","floor":15.0,"key":"LIFT"},{"data":"3","floor":23.0,"key":"LIFT"},{"floor":25.0,"key":"REST"},{"floor":27.0,"key":"REST"},{"floor":32,"key":"REST"}],"neow_cost":"NONE","seed_source_timestamp":90397168288600,"circlet_count":0,"master_deck":["AscendersBane","Defend_B","Defend_B","Defend_B","Defend_B","Zap","Dualcast","Beam Cell","Rainbow","Ball Lightning","Coolheaded","Barrage","Core Surge","Creative AI+1","Rip and Tear","Glacier","Cold Snap","White Noise+1","Bite","Bite","Bite","Bite"],"special_seed":0,"relics":["Cracked Core","NeowsBlessing","Frozen Egg 2","Girya","Thread and Needle","Potion Belt","Cables","Golden Idol","Du-Vu Doll","Inserter","Singing Bowl","Bottled Tornado","Happy Flower"],"potions_floor_usage":[28,28,33],"damage_taken":[{"damage":0.0,"enemies":"Small Slimes","floor":1.0,"turns":1.0},{"damage":0.0,"enemies":"Cultist","floor":3.0,"turns":1.0},{"damage":0.0,"enemies":"3 Sentries","floor":6.0,"turns":1.0},{"damage":7.0,"enemies":"Jaw Worm","floor":8.0,"turns":3.0},{"damage":0.0,"enemies":"Large Slime","floor":10.0,"turns":4.0},{"damage":4.0,"enemies":"Lagavulin","floor":12.0,"turns":5.0},{"damage":2.0,"enemies":"3 Sentries","floor":14.0,"turns":6.0},{"damage":14.0,"enemies":"Hexaghost","floor":16.0,"turns":6.0},{"damage":6.0,"enemies":"2 Thieves","floor":18.0,"turns":3.0},{"damage":0.0,"enemies":"Chosen","floor":20.0,"turns":2.0},{"damage":30.0,"enemies":"Colosseum Slavers","floor":21.0,"turns":4.0},{"damage":5.0,"enemies":"Centurion and Healer","floor":24.0,"turns":6.0},{"damage":55,"enemies":"Slavers","floor":28,"turns":5},{"damage":24,"enemies":"Champ","floor":33,"turns":3}],"seed_played":"7492101663320405585","potions_obtained":[{"floor":1.0,"key":"AttackPotion"},{"floor":5.0,"key":"Poison Potion"},{"floor":14.0,"key":"Block Potion"},{"floor":16.0,"key":"FearPotion"},{"floor":20.0,"key":"SpeedPotion"}],"is_trial":false,"path_per_floor":["M","?","M","T","?","E","R","M","T","M","$","E","?","E","R","B",null,"M","?","M","?","T","R","M","R","T","R","E","?","?","$","R","B"],"character_chosen":"DEFECT","items_purchased":["Potion Belt","Coolheaded","Happy Flower","Block Potion"],"campfire_rested":3,"item_purchase_floors":[11,11,31,31],"current_hp_per_floor":[64,64,64,64,64,64,64,57,57,57,57,53,29,27,27,13,57,51,51,51,21,21,21,16,37,37,58,5,5,5,5,20,0],"gold":39,"neow_bonus":"THREE_ENEMY_KILL","is_prod":false,"is_daily":false,"chose_seed":false,"campfire_upgraded":0,"win_rate":0,"timestamp":1553516326,"path_taken":["M","?","?","?","?","E","R","M","T","?","$","E","?","E","R","BOSS","M","?","M","?","?","R","?","R","T","R","E","?","?","$","R","BOSS"],"build_version":"2019-01-23","purchased_purges":0,"victory":false,"max_hp_per_floor":[71,71,71,71,71,71,71,71,71,71,71,71,71,71,71,71,71,71,71,71,71,71,71,71,71,71,71,73,51,51,51,51,51],"card_choices":[{"not_picked":["Heatsinks","Ball Lightning","Redo"],"picked":"SKIP","floor":1.0},{"not_picked":["Conserve Battery","Sweeping Beam","Gash"],"picked":"SKIP","floor":3.0},{"not_picked":["Rebound","Fusion"],"picked":"Rainbow","floor":6.0},{"not_picked":["Turbo","Skim","Leap"],"picked":"SKIP","floor":8.0},{"not_picked":["Turbo","Coolheaded"],"picked":"Ball Lightning","floor":10.0},{"not_picked":["Go for the Eyes","Barrage","Skim"],"picked":"SKIP","floor":12.0},{"not_picked":["Go for the Eyes","Skim"],"picked":"Barrage","floor":12.0},{"not_picked":["Steam","Stack"],"picked":"Core Surge","floor":14.0},{"not_picked":["Amplify","Fission"],"picked":"Creative AI+1","floor":16.0},{"not_picked":["Sunder","Ball Lightning"],"picked":"Rip and Tear","floor":18.0},{"not_picked":["Leap","Sweeping Beam"],"picked":"Cold Snap","floor":20.0},{"not_picked":["Ball Lightning","Streamline"],"picked":"White Noise+1","floor":24.0},{"not_picked":["Ball Lightning","Streamline","Go for the Eyes"],"picked":"Singing Bowl","floor":28}],"player_experience":2578118,"relics_obtained":[{"floor":4.0,"key":"Frozen Egg 2"},{"floor":6.0,"key":"Girya"},{"floor":9.0,"key":"Thread and Needle"},{"floor":12.0,"key":"Cables"},{"floor":14.0,"key":"Du-Vu Doll"},{"floor":26.0,"key":"Singing Bowl"},{"floor":28,"key":"Bottled Tornado"}],"event_choices":[{"damage_healed":0.0,"max_hp_gain":0.0,"max_hp_loss":0.0,"gold_gain":0.0,"event_name":"Match and Keep!","player_choice":"1 cards matched","floor":2.0,"gold_loss":0.0,"damage_taken":0.0,"cards_obtained":["Beam Cell"]},{"damage_healed":0.0,"max_hp_gain":0.0,"max_hp_loss":0.0,"gold_gain":0.0,"event_name":"Lab","player_choice":"Got Potions","floor":5.0,"gold_loss":0.0,"damage_taken":0.0},{"damage_healed":0.0,"max_hp_gain":0.0,"max_hp_loss":0.0,"gold_gain":0.0,"event_name":"Golden Idol","player_choice":"Take Damage","floor":13.0,"gold_loss":0.0,"damage_taken":24.0,"relics_obtained":["Golden Idol"]},{"damage_healed":0.0,"max_hp_gain":0.0,"max_hp_loss":0.0,"gold_gain":0.0,"event_name":"The Library","player_choice":"Read","floor":19.0,"gold_loss":0.0,"damage_taken":0.0,"cards_obtained":["Glacier"]},{"damage_healed":0.0,"max_hp_gain":0.0,"max_hp_loss":0.0,"gold_gain":0.0,"event_name":"Colosseum","player_choice":"Fight","floor":21.0,"gold_loss":0.0,"damage_taken":0.0},{"damage_healed":0.0,"max_hp_gain":0.0,"max_hp_loss":0.0,"gold_gain":0.0,"event_name":"Colosseum","player_choice":"Fled From Nobs","floor":21.0,"gold_loss":0.0,"damage_taken":0.0},{"damage_healed":0,"gold_gain":0,"player_choice":"Became a vampire","damage_taken":0,"max_hp_gain":0,"max_hp_loss":22,"event_name":"Vampires","floor":29,"gold_loss":0,"cards_obtained":["Bite","Bite","Bite","Bite","Bite"]},{"cards_removed":["Bite"],"damage_healed":0,"gold_gain":0,"player_choice":"Purged","damage_taken":0,"max_hp_gain":0,"max_hp_loss":0,"event_name":"Purifier","floor":30,"gold_loss":0}],"is_beta":false,"boss_relics":[{"not_picked":["Nuclear Battery","Calling Bell"],"picked":"Inserter"}],"items_purged_floors":[],"is_endless":false,"potions_floor_spawned":[1,14,16,20],"killed_by":"Champ","ascension_level":20}