{"path_per_floor":["M","M","?","$","?","R","?","R","T","M","?","E","M","E","R","B",null,"M","?","?","M","M","E","M"],"character_chosen":"THE_SILENT","items_purchased":["Catalyst"],"gold_per_floor":[16,36,136,61,61,61,61,61,116,135,135,175,194,229,229,360,360,360,275,275,200,200,200,200,200],"floor_reached":25,"campfire_rested":0,"playtime":1501,"current_hp_per_floor":[58,58,58,58,58,58,63,63,63,63,63,32,32,21,21,15,56,38,38,38,32,40,19,5,0],"items_purged":[],"gold":200,"score":360,"play_id":"db5632f2-2675-4042-bfeb-2f3286e00055","local_time":"20180430131031","is_prod":false,"is_daily":false,"chose_seed":false,"is_ascension_mode":true,"campfire_upgraded":3,"timestamp":1525065031,"path_taken":["M","M","?","$","?","R","?","R","T","M","?","E","M","E","R","BOSS","M","?","?","M","?","E","M","?"],"build_version":"2018-04-27v3","seed_source_timestamp":271234753535702,"purchased_purges":0,"victory":false,"master_deck":["Defend_G","Defend_G","Defend_G","Defend_G","Defend_G","Survivor","Neutralize+1","Envenom+1","Backflip","Blur","Catalyst+1","Noxious Fumes+1","Leg Sweep","Die Die Die","Bite","Bite","Bite","Bite","Bite","Deadly Poison","PiercingWail+1","Acrobatics+1","Dodge and Roll+1"],"max_hp_per_floor":[70,70,70,70,65,65,70,70,70,70,70,70,70,70,70,70,70,70,70,49,49,49,49,49,49],"relics":["Ring of the Snake","Golden Idol","Orichalcum","Art of War","Mercury Hourglass","Ectoplasm","Tingsha","The Specimen"],"card_choices":[{"not_picked":["Die Die Die","Venomology"],"picked":"Envenom","floor":0},{"not_picked":["Quick Slash","Acrobatics"],"picked":"Backflip","floor":1},{"not_picked":["Acrobatics","Deflect"],"picked":"Blur","floor":2},{"not_picked":["Prepared","Backflip"],"picked":"Noxious Fumes","floor":12},{"not_picked":["Setup","Underhanded Strike"],"picked":"Leg Sweep","floor":14},{"not_picked":["Phantasmal Killer","Unload"],"picked":"Die Die Die","floor":16},{"not_picked":["Well Laid Plans","Prepared"],"picked":"Deadly Poison","floor":21},{"not_picked":["Concentrate","Outmaneuver"],"picked":"PiercingWail","floor":22},{"not_picked":["Dagger Throw","Prepared"],"picked":"Acrobatics","floor":23},{"not_picked":["PiercingWail","Tactician"],"picked":"Dodge and Roll","floor":24}],"player_experience":286892,"potions_floor_usage":[13,16,24],"damage_taken":[{"damage":5,"enemies":"Jaw Worm","floor":1,"turns":5},{"damage":0,"enemies":"Cultist","floor":2,"turns":5},{"damage":0,"enemies":"2 Louse","floor":10,"turns":4},{"damage":31,"enemies":"Gremlin Nob","floor":12,"turns":6},{"damage":0,"enemies":"2 Fungi Beasts","floor":13,"turns":4},{"damage":11,"enemies":"Lagavulin","floor":14,"turns":7},{"damage":6,"enemies":"The Guardian","floor":16,"turns":8},{"damage":18,"enemies":"Spheric Guardian","floor":18,"turns":5},{"damage":14,"enemies":"2 Thieves","floor":21,"turns":4},{"damage":8,"enemies":"Centurion and Healer","floor":22,"turns":6},{"damage":39,"enemies":"Gremlin Leader","floor":23,"turns":8},{"damage":18,"enemies":"Cultist and Chosen","floor":24,"turns":5},{"damage":12,"enemies":"Sentry and Sphere","floor":25,"turns":3}],"event_choices":[{"event_name":"Golden Shrine","player_choice":"Pray","floor":3,"damage_taken":0},{"event_name":"Golden Idol","player_choice":"Lose Max HP","floor":5,"damage_taken":0},{"event_name":"Big Fish","player_choice":"Donut","floor":7,"damage_taken":0},{"event_name":"Upgrade Shrine","player_choice":"Upgraded","floor":11,"damage_taken":0},{"event_name":"Addict","player_choice":"Obtained Relic","floor":19,"damage_taken":0},{"event_name":"Vampires","player_choice":"Became a vampire","floor":20,"damage_taken":0}],"boss_relics":[{"not_picked":["Orrery","Runic Pyramid"],"picked":"Ectoplasm"}],"potions_floor_spawned":[2,14,23,24],"seed_played":"-4618819903877439308","killed_by":"Sentry and Sphere","ascension_level":9,"is_trial":false}