{"gold_per_floor":[114,114,133,3,3,3,39,39,39,54,93,93,117,150,150,275,275,289,309,309,309,309,309],"floor_reached":23,"playtime":1585,"items_purged":[],"score":423,"play_id":"bf3b3e1f-2163-4bb5-83a4-ab490219e237","local_time":"20180801011027","is_ascension_mode":true,"campfire_choices":[{"data":"Metallicize","floor":6,"key":"SMITH"},{"data":"True Grit","floor":8,"key":"SMITH"},{"data":"Bash","floor":12,"key":"SMITH"},{"data":"Armaments","floor":15,"key":"SMITH"}],"neow_cost":"NONE","seed_source_timestamp":1409024609005019,"circlet_count":0,"master_deck":["Strike_R+1","Strike_R+1","Strike_R+1","Strike_R+1","Strike_R+1","Defend_R+1","Defend_R+1","Defend_R+1","Defend_R+1","Bash+1","AscendersBane","Metallicize+1","Shrug It Off","Feel No Pain","Anger","True Grit+1","Iron Wave","Feel No Pain","Armaments+1","Cleave","Immolate","True Grit","Disarm","Fiend Fire"],"relics":["Burning Blood","NeowsBlessing","Golden Idol","Omamori","Orichalcum","Magic Flower","Mango","Orrery"],"potions_floor_usage":[10,14,23],"damage_taken":[{"damage":0,"enemies":"2 Louse","floor":1,"turns":1},{"damage":0,"enemies":"Jaw Worm","floor":3,"turns":1},{"damage":0,"enemies":"Lagavulin","floor":7,"turns":1},{"damage":1,"enemies":"Cultist","floor":10,"turns":5},{"damage":0,"enemies":"3 Sentries","floor":11,"turns":14},{"damage":0,"enemies":"2 Fungi Beasts","floor":13,"turns":4},{"damage":10,"enemies":"Lagavulin","floor":14,"turns":9},{"damage":38,"enemies":"The Guardian","floor":16,"turns":12},{"damage":10,"enemies":"Spheric Guardian","floor":18,"turns":7},{"damage":27,"enemies":"3 Byrds","floor":19,"turns":5},{"damage":89,"enemies":"Gremlin Leader","floor":23,"turns":10}],"seed_played":"-4488042785887953552","potions_obtained":[{"floor":3,"key":"Explosive Potion"},{"floor":10,"key":"Weak Potion"},{"floor":14,"key":"BloodPotion"}],"is_trial":false,"path_per_floor":["M","?","M","$","?","R","E","R","T","M","E","R","M","E","R","B",null,"M","M","?","?","?"],"character_chosen":"IRONCLAD","items_purchased":["Feel No Pain","Anger"],"campfire_rested":0,"item_purchase_floors":[4,4],"current_hp_per_floor":[78,58,64,64,69,69,75,75,75,80,85,85,85,98,98,69,92,91,73,73,73,73,0],"gold":309,"neow_bonus":"THREE_ENEMY_KILL","is_prod":false,"is_daily":false,"chose_seed":false,"campfire_upgraded":4,"win_rate":0,"timestamp":1533057027,"path_taken":["M","?","M","$","?","R","E","R","T","M","E","R","M","E","R","BOSS","M","M","?","?","?","E"],"build_version":"2018-07-30","purchased_purges":0,"victory":false,"max_hp_per_floor":[80,80,80,80,85,85,85,85,85,85,85,85,85,99,99,99,99,99,99,99,99,99,99],"card_choices":[{"not_picked":["Flex","Anger"],"picked":"Metallicize","floor":1},{"not_picked":["Anger","Dropkick"],"picked":"Shrug It Off","floor":3},{"not_picked":["Perfected Strike","Clothesline"],"picked":"True Grit","floor":7},{"not_picked":["Perfected Strike","Burning Pact"],"picked":"Iron Wave","floor":10},{"not_picked":["Sword Boomerang","Havoc"],"picked":"Feel No Pain","floor":11},{"not_picked":["Reckless Charge","Warcry"],"picked":"Armaments","floor":13},{"not_picked":["Flex","Shrug It Off"],"picked":"Cleave","floor":14},{"not_picked":["Feed","Brutality"],"picked":"Immolate","floor":16},{"not_picked":["Ghostly Armor","Corruption"],"picked":"True Grit","floor":17},{"not_picked":["Perfected Strike","Headbutt"],"picked":"Disarm","floor":17},{"not_picked":["Flex+1","Rage","Power Through"],"picked":"SKIP","floor":18},{"not_picked":["Bloodletting","Shrug It Off","Sentinel"],"picked":"SKIP","floor":19}],"player_experience":460746,"relics_obtained":[{"floor":7,"key":"Omamori"},{"floor":9,"key":"Orichalcum"},{"floor":11,"key":"Magic Flower"},{"floor":14,"key":"Mango"}],"event_choices":[{"event_name":"Golden Idol","player_choice":"Take Damage","floor":2,"damage_taken":0},{"event_name":"Big Fish","player_choice":"Donut","floor":5,"damage_taken":0},{"event_name":"Vampires","player_choice":"Ignored","floor":20,"damage_taken":0},{"event_name":"The Library","player_choice":"Read","floor":21,"damage_taken":0},{"event_name":"Back to Basics","player_choice":"Simplicity","floor":22,"damage_taken":0}],"is_beta":true,"boss_relics":[{"not_picked":["Runic Dome","Philosopher\u0027s Stone"],"picked":"Orrery"}],"items_purged_floors":[],"is_endless":false,"potions_floor_spawned":[3,10,14],"killed_by":"Gremlin Leader","ascension_level":11}