{"gold_per_floor":[118,118,118,130,130,130,163,179,179,179,198,218,250,273,273,273],"floor_reached":16,"playtime":250,"items_purged":[],"score":270,"play_id":"e4160146-ea3a-4240-9f3b-1e82733cdfb9","local_time":"20190414133843","is_ascension_mode":true,"campfire_choices":[{"floor":6,"key":"REST"},{"data":"Flex","floor":10,"key":"SMITH"},{"data":"Feed","floor":15,"key":"SMITH"}],"neow_cost":"NONE","seed_source_timestamp":180362320089900,"circlet_count":0,"master_deck":["AscendersBane","Strike_R","Strike_R","Strike_R+1","Strike_R","Strike_R","Defend_R","Defend_R","Defend_R","Defend_R","Bash+1","Cleave+1","Ghostly Armor","Flex+1","Feed+1"],"relics":["Burning Blood","NeowsBlessing","Dodecahedron","Pear","Regal Pillow","Blood Vial"],"potions_floor_usage":[11,13],"damage_taken":[{"damage":0,"enemies":"2 Louse","floor":1,"turns":1},{"damage":0,"enemies":"Small Slimes","floor":4,"turns":1},{"damage":0,"enemies":"Lagavulin","floor":7,"turns":1},{"damage":0,"enemies":"Cultist","floor":8,"turns":2},{"damage":30,"enemies":"Exordium Thugs","floor":11,"turns":7},{"damage":18,"enemies":"Lots of Slimes","floor":12,"turns":5},{"damage":24,"enemies":"Gremlin Nob","floor":13,"turns":4},{"damage":8,"enemies":"Slime Boss","floor":16,"turns":6}],"seed_played":"2001594914831488874","potions_obtained":[{"floor":4,"key":"LiquidBronze"},{"floor":8,"key":"SpeedPotion"},{"floor":12,"key":"Block Potion"}],"is_trial":false,"path_per_floor":["M","?","?","M","?","R","E","M","T","R","M","M","E","T","R","B"],"character_chosen":"IRONCLAD","items_purchased":[],"campfire_rested":1,"item_purchase_floors":[],"current_hp_per_floor":[74,51,51,57,57,75,75,75,85,85,61,49,31,31,31,25],"gold":273,"neow_bonus":"THREE_ENEMY_KILL","is_prod":false,"is_daily":false,"chose_seed":false,"campfire_upgraded":2,"win_rate":0,"timestamp":1555216723,"path_taken":["M","?","?","M","?","R","E","M","T","R","?","M","E","?","R","BOSS"],"build_version":"2019-01-23","purchased_purges":0,"victory":false,"max_hp_per_floor":[75,75,75,75,75,75,75,75,85,85,85,85,85,85,85,85],"card_choices":[{"not_picked":["Sword Boomerang","Headbutt"],"picked":"Cleave","floor":1},{"not_picked":["Clothesline","Clash"],"picked":"Ghostly Armor","floor":4},{"not_picked":["Flex","Warcry","Thunderclap"],"picked":"SKIP","floor":7},{"not_picked":["Warcry","Thunderclap"],"picked":"Flex","floor":7},{"not_picked":["Cleave","Infernal Blade","Perfected Strike"],"picked":"SKIP","floor":8},{"not_picked":["Body Slam","Anger","Flex"],"picked":"SKIP","floor":11},{"not_picked":["Wild Strike","Shrug It Off"],"picked":"Feed","floor":12},{"not_picked":["Warcry","Flex","Wild Strike"],"picked":"SKIP","floor":13}],"player_experience":3123206,"relics_obtained":[{"floor":7,"key":"Dodecahedron"},{"floor":9,"key":"Pear"},{"floor":13,"key":"Regal Pillow"},{"floor":14,"key":"Blood Vial"}],"event_choices":[{"damage_healed":0,"gold_gain":0,"player_choice":"Entered Light","damage_taken":23,"max_hp_gain":0,"max_hp_loss":0,"event_name":"Shining Light","floor":2,"gold_loss":0,"cards_upgraded":["Cleave","Strike_R"]},{"damage_healed":0,"gold_gain":0,"player_choice":"Ignored","damage_taken":0,"max_hp_gain":0,"max_hp_loss":0,"event_name":"Liars Game","floor":3,"gold_loss":0},{"damage_healed":0,"gold_gain":0,"player_choice":"Upgraded","damage_taken":0,"max_hp_gain":0,"max_hp_loss":0,"event_name":"Upgrade Shrine","floor":5,"gold_loss":0,"cards_upgraded":["Bash"]}],"is_beta":false,"boss_relics":[],"items_purged_floors":[],"is_endless":false,"potions_floor_spawned":[4,8,12],"killed_by":"Slime Boss","ascension_level":20}