{"gold_per_floor":[110,121,121,50,50,50,85,85,111,152,164,186,218,250,262,353,365,387,399,411,409,431,443,482,494,529,541,586,598,610,647,659,748,760,782,811,471,485,485,485,517,517,517,533,544,570,41,52,52,52],"floor_reached":51,"playtime":3964,"items_purged":["Cloak And Dagger+1","Strike_G"],"score":1482,"play_id":"b352267a-204e-4f24-840b-63fa7cf3a46e","local_time":"20181204185302","is_ascension_mode":true,"campfire_choices":[{"data":"Neutralize","floor":6.0,"key":"SMITH"},{"data":"Noxious Fumes","floor":8.0,"key":"SMITH"},{"data":"Leg Sweep","floor":15.0,"key":"SMITH"},{"data":"Malaise","floor":23.0,"key":"SMITH"},{"data":"Cloak And Dagger","floor":25.0,"key":"SMITH"},{"data":"Predator","floor":30.0,"key":"SMITH"},{"data":"Reflex","floor":32.0,"key":"SMITH"},{"data":"Backstab","floor":40.0,"key":"SMITH"},{"data":"Blur","floor":42.0,"key":"SMITH"},{"data":"Deadly Poison","floor":49.0,"key":"SMITH"}],"neow_cost":"NONE","seed_source_timestamp":790728913959145,"circlet_count":0,"master_deck":["AscendersBane","Defend_G","Defend_G","Defend_G","Defend_G","Defend_G","Strike_G","Strike_G","Strike_G","Strike_G+1","Survivor+1","Neutralize+1","Noxious Fumes+1","Flying Knee","Tools of the Trade","Backstab+1","Well Laid Plans","Leg Sweep+1","Malaise+1","Reflex+1","Predator+1","Bouncing Flask+1","PiercingWail","Blur+1","Dark Shackles+1","Terror","Deadly Poison+1","Dash+1","Bane+1"],"special_seed":0,"relics":["Ring of the Snake","NeowsBlessing","Pen Nib","Bottled Tornado","MawBank","Bird Faced Urn","Coffee Dripper","Paper Crane","Strawberry","PreservedInsect","Regal Pillow","Velvet Choker","PrismaticShard","Pear","Art of War","Pantograph","Molten Egg 2","Vajra"],"potions_floor_usage":[50,50],"damage_taken":[{"damage":0.0,"enemies":"Cultist","floor":1.0,"turns":1.0},{"damage":0.0,"enemies":"Jaw Worm","floor":2.0,"turns":1.0},{"damage":0.0,"enemies":"Gremlin Nob","floor":7.0,"turns":1.0},{"damage":5.0,"enemies":"3 Sentries","floor":10.0,"turns":6.0},{"damage":0.0,"enemies":"2 Louse","floor":12.0,"turns":3.0},{"damage":12.0,"enemies":"Exordium Thugs","floor":13.0,"turns":4.0},{"damage":4.0,"enemies":"Large Slime","floor":14.0,"turns":4.0},{"damage":0.0,"enemies":"The Guardian","floor":16.0,"turns":12.0},{"damage":3.0,"enemies":"Shell Parasite","floor":18.0,"turns":7.0},{"damage":7.0,"enemies":"2 Thieves","floor":21.0,"turns":4.0},{"damage":24.0,"enemies":"Snecko","floor":22.0,"turns":7.0},{"damage":18.0,"enemies":"Book of Stabbing","floor":24.0,"turns":7.0},{"damage":39.0,"enemies":"Gremlin Leader","floor":28.0,"turns":7.0},{"damage":15.0,"enemies":"Slavers","floor":31.0,"turns":6.0},{"damage":16.0,"enemies":"Champ","floor":33.0,"turns":13.0},{"damage":4.0,"enemies":"3 Darklings","floor":35.0,"turns":5.0},{"damage":3.0,"enemies":"Orb Walker","floor":36.0,"turns":4.0},{"damage":25.0,"enemies":"4 Shapes","floor":38.0,"turns":6.0},{"damage":26.0,"enemies":"Giant Head","floor":41.0,"turns":9.0},{"damage":0.0,"enemies":"3 Darklings","floor":44.0,"turns":5.0},{"damage":13.0,"enemies":"Maw","floor":45.0,"turns":9.0},{"damage":3.0,"enemies":"Nemesis","floor":46.0,"turns":7.0},{"damage":0.0,"enemies":"Sphere and 2 Shapes","floor":48.0,"turns":5.0},{"damage":63,"enemies":"Awakened One","floor":50,"turns":16}],"seed_played":"3696516405656089675","potions_obtained":[{"floor":7.0,"key":"EssenceOfSteel"},{"floor":14.0,"key":"Dexterity Potion"},{"floor":16.0,"key":"EssenceOfSteel"},{"floor":20.0,"key":"EntropicBrew"},{"floor":20.0,"key":"FearPotion"},{"floor":21.0,"key":"Energy Potion"},{"floor":28.0,"key":"Fruit Juice"},{"floor":31.0,"key":"GamblersBrew"},{"floor":38.0,"key":"FairyPotion"},{"floor":45.0,"key":"Fire Potion"}],"is_trial":false,"path_per_floor":["M","M","?","$","?","R","E","R","T","E","?","M","M","M","R","B",null,"M","?","?","M","M","R","E","R","T","?","E","?","R","E","R","B",null,"M","M","$","M","T","R","E","R","T","M","M","E","$","M","R","B",null],"character_chosen":"THE_SILENT","items_purchased":["Noxious Fumes","PrismaticShard","Blur","Regen Potion","Vajra","Deadly Poison","Dash+1","FearPotion","Bane+1"],"campfire_rested":0,"item_purchase_floors":[4,37,37,47,47,47,47,47,47],"current_hp_per_floor":[59,59,46,46,34,34,34,34,34,29,29,33,25,27,27,33,58,61,61,61,60,42,42,30,30,37,61,33,33,33,24,24,14,62,64,67,67,48,58,58,38,38,38,44,37,40,40,46,46,29],"gold":52,"neow_bonus":"THREE_ENEMY_KILL","is_prod":false,"is_daily":false,"chose_seed":false,"campfire_upgraded":10,"win_rate":0,"timestamp":1543920782,"path_taken":["M","?","?","$","?","R","E","R","T","E","?","M","M","M","R","BOSS","M","?","?","M","?","R","E","R","T","?","E","?","R","E","R","BOSS","M","M","$","M","?","R","E","R","T","?","M","E","$","M","R","BOSS"],"build_version":"2018-11-15","purchased_purges":2,"victory":true,"max_hp_per_floor":[66,66,66,66,66,66,66,66,66,66,66,66,66,66,66,66,66,66,66,66,66,66,66,66,66,73,73,78,78,78,78,78,78,78,78,78,78,78,88,88,88,88,88,88,88,88,88,88,88,88],"card_choices":[{"not_picked":["Blade Dance","Prepared","Expertise"],"picked":"SKIP","floor":1.0},{"not_picked":["Accuracy","Quick Slash"],"picked":"Cloak And Dagger","floor":2.0},{"not_picked":["Dagger Spray","Acrobatics"],"picked":"Flying Knee","floor":7.0},{"not_picked":["Backflip","Prepared"],"picked":"Tools of the Trade","floor":10.0},{"not_picked":["Blade Dance","Dagger Throw"],"picked":"Backstab","floor":12.0},{"not_picked":["Quick Slash","Flying Knee"],"picked":"Well Laid Plans","floor":13.0},{"not_picked":["Slice","Masterful Stab"],"picked":"Leg Sweep","floor":14.0},{"not_picked":["A Thousand Cuts","Unload"],"picked":"Malaise","floor":16.0},{"not_picked":["Prepared","Choke+1","All Out Attack"],"picked":"SKIP","floor":18.0},{"not_picked":["Deadly Poison","Slice"],"picked":"Reflex","floor":21.0},{"not_picked":["Backflip","Acrobatics"],"picked":"Predator","floor":22.0},{"not_picked":["Doppelganger","Backflip","Poisoned Stab"],"picked":"SKIP","floor":24.0},{"not_picked":["Poisoned Stab","Bane"],"picked":"Bouncing Flask","floor":28.0},{"not_picked":["Dodge and Roll","Backflip"],"picked":"PiercingWail","floor":31.0},{"not_picked":["Acrobatics","Cloak And Dagger+1","Riddle With Holes+1"],"picked":"SKIP","floor":35.0},{"not_picked":["Sucker Punch","Dagger Throw","Outmaneuver+1"],"picked":"SKIP","floor":36.0},{"not_picked":["Battle Trance+1","Impatience","Flying Knee"],"picked":"SKIP","floor":38.0},{"not_picked":["Combust","Magnetism","Prepared"],"picked":"SKIP","floor":41.0},{"not_picked":["Slice","Ghostly Armor+1"],"picked":"Dark Shackles+1","floor":44.0},{"not_picked":["Darkness","Rebound","Go for the Eyes"],"picked":"SKIP","floor":45.0},{"not_picked":["Burning Pact","Dodge and Roll+1"],"picked":"Terror","floor":46.0},{"not_picked":["Predator+1","Armaments","Bane+1"],"picked":"SKIP","floor":48.0}],"player_experience":582943,"relics_obtained":[{"floor":7.0,"key":"Bottled Tornado"},{"floor":9.0,"key":"MawBank"},{"floor":10.0,"key":"Bird Faced Urn"},{"floor":24.0,"key":"Paper Crane"},{"floor":26.0,"key":"Strawberry"},{"floor":28.0,"key":"PreservedInsect"},{"floor":31.0,"key":"Regal Pillow"},{"floor":39.0,"key":"Pear"},{"floor":41.0,"key":"Art of War"},{"floor":43.0,"key":"Pantograph"},{"floor":46.0,"key":"Molten Egg 2"}],"event_choices":[{"damage_healed":0.0,"max_hp_gain":0.0,"max_hp_loss":0.0,"gold_gain":0.0,"event_name":"Shining Light","player_choice":"Entered Light","floor":3.0,"gold_loss":0.0,"damage_taken":13.0,"cards_upgraded":["Survivor","Strike_G"]},{"damage_healed":0.0,"max_hp_gain":0.0,"max_hp_loss":0.0,"gold_gain":0.0,"event_name":"Scrap Ooze","player_choice":"Success","floor":5.0,"gold_loss":0.0,"damage_taken":12.0,"relics_obtained":["Pen Nib"]},{"damage_healed":0.0,"max_hp_gain":0.0,"max_hp_loss":0.0,"gold_gain":0.0,"event_name":"Liars Game","player_choice":"Ignored","floor":11.0,"gold_loss":0.0,"damage_taken":0.0},{"damage_healed":0.0,"max_hp_gain":0.0,"max_hp_loss":0.0,"gold_gain":0.0,"event_name":"Vampires","player_choice":"Ignored","floor":19.0,"gold_loss":0.0,"damage_taken":0.0},{"damage_healed":0.0,"max_hp_gain":0.0,"max_hp_loss":0.0,"gold_gain":0.0,"event_name":"Lab","player_choice":"Got Potions","floor":20.0,"gold_loss":0.0,"damage_taken":0.0},{"damage_healed":24.0,"max_hp_gain":0.0,"max_hp_loss":0.0,"gold_gain":0.0,"event_name":"The Library","player_choice":"Heal","floor":27.0,"gold_loss":0.0,"damage_taken":0.0},{"damage_healed":0.0,"max_hp_gain":0.0,"max_hp_loss":0.0,"gold_gain":0.0,"event_name":"Upgrade Shrine","player_choice":"Upgraded","floor":29.0,"gold_loss":0.0,"damage_taken":0.0,"cards_upgraded":["Bouncing Flask"]}],"is_beta":true,"boss_relics":[{"not_picked":["Empty Cage","Astrolabe"],"picked":"Coffee Dripper"},{"not_picked":["Runic Dome","Philosopher\u0027s Stone"],"picked":"Velvet Choker"}],"items_purged_floors":[37,47],"is_endless":false,"potions_floor_spawned":[7,14,16,18,21,28,31,38,41,45],"ascension_level":14}