{"gold_per_floor":[112,131,131,131,131,165,180,196,246,246,274,199,274,274,274,351,351,368,384,384,404,423,423,458,458,458,468,518,518,538,549,549,549],"floor_reached":33,"playtime":1214,"items_purged":["Strike_R"],"score":629,"play_id":"1fd65065-022b-4174-8000-262767b14867","local_time":"20190421130019","is_ascension_mode":true,"campfire_choices":[{"data":"Shrug It Off","floor":10,"key":"SMITH"},{"floor":15,"key":"DIG"},{"floor":23,"key":"DIG"},{"floor":25,"key":"DIG"},{"floor":32,"key":"DIG"}],"neow_cost":"NONE","seed_source_timestamp":463826880328200,"circlet_count":0,"master_deck":["AscendersBane","Defend_R","Defend_R+1","Defend_R","Defend_R","Bash+1","Metallicize","Shrug It Off+1","Headbutt","Blood for Blood","Offering+1","Armaments+1","Spot Weakness","Cleave","Whirlwind","Bite","Bite","Bite","Bite","Bite","Burning Pact","Feel No Pain+1"],"relics":["Burning Blood","NeowsBlessing","Matryoshka","PreservedInsect","Bag of Preparation","Shovel","Pear","Coffee Dripper","Mercury Hourglass","Frozen Egg 2","War Paint","Bag of Marbles","Regal Pillow"],"potions_floor_usage":[18,19,22,24,27,33,33],"damage_taken":[{"damage":0,"enemies":"2 Louse","floor":1,"turns":1},{"damage":0,"enemies":"Jaw Worm","floor":2,"turns":1},{"damage":0,"enemies":"Lagavulin","floor":6,"turns":1},{"damage":6,"enemies":"Cultist","floor":7,"turns":4},{"damage":26,"enemies":"Exordium Thugs","floor":8,"turns":5},{"damage":26,"enemies":"Gremlin Nob","floor":11,"turns":4},{"damage":65,"enemies":"Hexaghost","floor":16,"turns":9},{"damage":13,"enemies":"Chosen","floor":18,"turns":3},{"damage":11,"enemies":"3 Byrds","floor":19,"turns":8},{"damage":33,"enemies":"Shelled Parasite and Fungi","floor":21,"turns":4},{"damage":16,"enemies":"Sentry and Sphere","floor":22,"turns":7},{"damage":25,"enemies":"Gremlin Leader","floor":24,"turns":4},{"damage":7,"enemies":"3 Cultists","floor":27,"turns":5},{"damage":18,"enemies":"Snecko","floor":30,"turns":3},{"damage":6,"enemies":"Centurion and Healer","floor":31,"turns":8},{"damage":61,"enemies":"Champ","floor":33,"turns":10}],"seed_played":"-642935041950597835","potions_obtained":[{"floor":1,"key":"FearPotion"},{"floor":8,"key":"SneckoOil"},{"floor":18,"key":"BloodPotion"},{"floor":21,"key":"SpeedPotion"},{"floor":22,"key":"FearPotion"},{"floor":24,"key":"Regen Potion"},{"floor":30,"key":"Block Potion"}],"is_trial":false,"path_per_floor":["M","M","?","?","?","E","M","M","T","R","E","$","?","?","R","B",null,"M","M","?","M","M","R","E","R","T","M","?","?","M","M","R","B"],"character_chosen":"IRONCLAD","items_purchased":[],"campfire_rested":0,"item_purchase_floors":[],"current_hp_per_floor":[74,75,75,80,80,80,80,60,60,60,40,40,29,80,90,31,75,68,72,72,45,35,35,16,16,16,29,29,29,25,59,59,26],"gold":549,"neow_bonus":"THREE_ENEMY_KILL","is_prod":false,"is_daily":false,"chose_seed":false,"campfire_upgraded":1,"win_rate":0,"timestamp":1555819219,"path_taken":["M","M","?","?","?","E","M","?","T","R","E","$","?","?","R","BOSS","M","?","?","?","M","R","E","R","T","M","?","?","M","M","R","BOSS"],"build_version":"2019-01-23","purchased_purges":1,"victory":false,"max_hp_per_floor":[75,75,75,80,80,80,80,80,80,80,80,80,80,80,90,90,90,90,90,90,90,90,90,90,90,90,90,90,63,63,63,63,63],"card_choices":[{"not_picked":["Hemokinesis","Anger","Iron Wave"],"picked":"SKIP","floor":1},{"not_picked":["Armaments","Headbutt","Searing Blow"],"picked":"SKIP","floor":2},{"not_picked":["Rupture","Anger"],"picked":"Shrug It Off","floor":6},{"not_picked":["Pummel","Wild Strike"],"picked":"Headbutt","floor":7},{"not_picked":["Iron Wave","Havoc","Warcry"],"picked":"SKIP","floor":8},{"not_picked":["Brutality","Combust"],"picked":"Blood for Blood","floor":11},{"not_picked":["Berserk","Barricade"],"picked":"Offering","floor":16},{"not_picked":["Thunderclap","Wild Strike"],"picked":"Armaments","floor":18},{"not_picked":["Havoc","Clash","Sword Boomerang"],"picked":"SKIP","floor":19},{"not_picked":["Armaments","Sword Boomerang"],"picked":"Spot Weakness","floor":21},{"not_picked":["Corruption","Seeing Red"],"picked":"Cleave","floor":22},{"not_picked":["Flex","Uppercut","Rage"],"picked":"SKIP","floor":24},{"not_picked":["Uppercut","Infernal Blade"],"picked":"Whirlwind","floor":27},{"not_picked":["Wild Strike","Infernal Blade"],"picked":"Burning Pact","floor":30},{"not_picked":["Fiend Fire","Shrug It Off"],"picked":"Feel No Pain+1","floor":31}],"player_experience":3268000,"relics_obtained":[{"floor":6,"key":"Matryoshka"},{"floor":9,"key":"PreservedInsect"},{"floor":9,"key":"Bag of Preparation"},{"floor":11,"key":"Shovel"},{"floor":15,"key":"Pear"},{"floor":23,"key":"Mercury Hourglass"},{"floor":24,"key":"Frozen Egg 2"},{"floor":25,"key":"War Paint"},{"floor":26,"key":"Bag of Marbles"},{"floor":32,"key":"Regal Pillow"}],"event_choices":[{"damage_healed":0,"gold_gain":0,"cards_transformed":["Strike_R"],"player_choice":"Change","damage_taken":0,"max_hp_gain":0,"max_hp_loss":0,"event_name":"Living Wall","floor":3,"gold_loss":0,"cards_obtained":["Metallicize"]},{"damage_healed":0,"gold_gain":0,"player_choice":"Donut","damage_taken":0,"max_hp_gain":5,"max_hp_loss":0,"event_name":"Big Fish","floor":4,"gold_loss":0},{"damage_healed":0,"gold_gain":0,"player_choice":"Upgraded","damage_taken":0,"max_hp_gain":0,"max_hp_loss":0,"event_name":"Upgrade Shrine","floor":5,"gold_loss":0,"cards_upgraded":["Bash"]},{"damage_healed":0,"gold_gain":75,"player_choice":"Gather Gold","damage_taken":11,"max_hp_gain":0,"max_hp_loss":0,"event_name":"World of Goop","floor":13,"gold_loss":0},{"damage_healed":51,"gold_gain":0,"player_choice":"Full Heal","damage_taken":0,"max_hp_gain":0,"max_hp_loss":0,"event_name":"Wheel of Change","floor":14,"gold_loss":0},{"damage_healed":0,"gold_gain":0,"player_choice":"Upgraded","damage_taken":0,"max_hp_gain":0,"max_hp_loss":0,"event_name":"Upgrade Shrine","floor":20,"gold_loss":0,"cards_upgraded":["Armaments"]},{"damage_healed":0,"gold_gain":50,"player_choice":"Stole From Cult","damage_taken":0,"max_hp_gain":0,"max_hp_loss":0,"event_name":"Nest","floor":28,"gold_loss":0},{"damage_healed":0,"gold_gain":0,"player_choice":"Became a vampire","damage_taken":0,"max_hp_gain":0,"max_hp_loss":27,"event_name":"Vampires","floor":29,"gold_loss":0,"cards_obtained":["Bite","Bite","Bite","Bite","Bite"]}],"is_beta":false,"boss_relics":[{"not_picked":["Busted Crown","Sozu"],"picked":"Coffee Dripper"}],"items_purged_floors":[12],"is_endless":false,"potions_floor_spawned":[1,8,16,18,21,22,24,30],"killed_by":"Champ","ascension_level":20}