{"gold_per_floor":[14,32,43,56,69,69,100,113,113,113,113,113,140,170,170,247,247,267,267,277,14,31,31,65,65],"floor_reached":25,"playtime":1512,"items_purged":[],"score":408,"play_id":"83d3c344-c7cc-4ace-91b3-610b15b2379c","local_time":"20181110073132","is_ascension_mode":true,"campfire_choices":[{"floor":6,"key":"REST"},{"floor":10,"key":"REST"},{"data":"Defragment","floor":12,"key":"SMITH"},{"floor":15,"key":"REST"},{"floor":23,"key":"REST"}],"neow_cost":"NO_GOLD","seed_source_timestamp":905820910684883,"circlet_count":0,"master_deck":["AscendersBane","Strike_B","Strike_B","Strike_B","Strike_B","Defend_B","Defend_B","Defend_B","Defend_B","Zap","Dualcast","Conserve Battery","Hologram","Defragment+1","Ball Lightning","Cold Snap","Ball Lightning","Barrage","Thunder Strike","Hello World","Defragment+1","Heatsinks","Defragment","Chrysalis","Barrage","Echo Form"],"relics":["Cracked Core","Pocketwatch","Calipers","Question Card","Pen Nib","Nuclear Battery","The Courier"],"potions_floor_usage":[7,13,13,20,22],"damage_taken":[{"damage":1,"enemies":"Cultist","floor":1,"turns":3},{"damage":7,"enemies":"Small Slimes","floor":2,"turns":3},{"damage":0,"enemies":"2 Louse","floor":3,"turns":3},{"damage":0,"enemies":"2 Fungi Beasts","floor":4,"turns":3},{"damage":8,"enemies":"Large Slime","floor":5,"turns":3},{"damage":15,"enemies":"Lagavulin","floor":7,"turns":5},{"damage":8,"enemies":"3 Louse","floor":8,"turns":4},{"damage":4,"enemies":"3 Sentries","floor":13,"turns":4},{"damage":23,"enemies":"Hexaghost","floor":16,"turns":9},{"damage":0,"enemies":"Chosen","floor":18,"turns":3},{"damage":4,"enemies":"3 Byrds","floor":20,"turns":4},{"damage":16,"enemies":"Centurion and Healer","floor":22,"turns":6},{"damage":62,"enemies":"Slavers","floor":24,"turns":6},{"damage":9,"enemies":"Cultist and Chosen","floor":25,"turns":1}],"seed_played":"4171167635822578646","potions_obtained":[{"floor":2,"key":"FearPotion"},{"floor":4,"key":"Fire Potion"},{"floor":8,"key":"EssenceOfSteel"},{"floor":16,"key":"Poison Potion"},{"floor":18,"key":"FearPotion"},{"floor":20,"key":"Swift Potion"}],"is_trial":false,"path_per_floor":["M","M","M","M","M","R","E","M","T","R","?","R","E","?","R","B",null,"M","?","M","$","M","R","E","M"],"character_chosen":"DEFECT","items_purchased":["Defragment","Chrysalis"],"campfire_rested":4,"item_purchase_floors":[21,21],"current_hp_per_floor":[63,56,56,56,48,69,54,46,46,67,67,67,63,63,71,48,65,65,65,61,61,45,66,4,0],"gold":65,"neow_bonus":"ONE_RARE_RELIC","is_prod":false,"is_daily":false,"chose_seed":false,"campfire_upgraded":1,"win_rate":0,"timestamp":1541827892,"path_taken":["M","M","M","M","M","R","E","M","T","R","?","R","E","?","R","BOSS","M","?","M","$","M","R","E","M"],"build_version":"2018-11-08","purchased_purges":0,"victory":false,"max_hp_per_floor":[71,71,71,71,71,71,71,71,71,71,71,71,71,71,71,71,71,71,71,71,71,71,71,71,71],"card_choices":[{"not_picked":["Go for the Eyes","Genetic Algorithm"],"picked":"Conserve Battery","floor":1},{"not_picked":["Consume","Rebound"],"picked":"Hologram","floor":2},{"not_picked":["Steam Power","Go for the Eyes"],"picked":"Defragment","floor":3},{"not_picked":["Stack","Coolheaded"],"picked":"Ball Lightning","floor":4},{"not_picked":["Steam","Doom and Gloom"],"picked":"Cold Snap","floor":5},{"not_picked":["BootSequence","Hologram"],"picked":"Ball Lightning","floor":7},{"not_picked":["Go for the Eyes","Coolheaded","Streamline"],"picked":"SKIP","floor":8},{"not_picked":["Coolheaded","Go for the Eyes","Beam Cell"],"picked":"Barrage","floor":13},{"not_picked":["Reboot","Meteor Strike","Seek"],"picked":"Thunder Strike","floor":16},{"not_picked":["Turbo+1","Aggregate","Conserve Battery"],"picked":"Hello World","floor":18},{"not_picked":["Compile Driver","Turbo","Leap"],"picked":"Heatsinks","floor":20},{"not_picked":["Recycle","Compile Driver","Scrape"],"picked":"Barrage","floor":22},{"not_picked":["Blizzard","Auto Shields","Defragment"],"picked":"Echo Form","floor":24}],"player_experience":756143,"relics_obtained":[{"floor":7,"key":"Calipers"},{"floor":9,"key":"Question Card"},{"floor":13,"key":"Pen Nib"},{"floor":24,"key":"The Courier"}],"event_choices":[{"damage_healed":0,"gold_gain":0,"player_choice":"Leave","damage_taken":0,"max_hp_gain":0,"max_hp_loss":0,"event_name":"The Cleric","floor":11,"gold_loss":0},{"damage_healed":0,"gold_gain":30,"player_choice":"Searched \u00271\u0027 times","damage_taken":0,"max_hp_gain":0,"max_hp_loss":0,"event_name":"Dead Adventurer","floor":14,"gold_loss":0},{"damage_healed":0,"gold_gain":0,"player_choice":"Copied","damage_taken":0,"max_hp_gain":0,"max_hp_loss":0,"event_name":"Duplicator","floor":19,"gold_loss":0,"cards_obtained":["Defragment"]}],"is_beta":false,"boss_relics":[{"not_picked":["Orrery","Coffee Dripper"],"picked":"Nuclear Battery"}],"items_purged_floors":[],"is_endless":false,"potions_floor_spawned":[2,4,8,16,18,20],"killed_by":"Cultist and Chosen","ascension_level":15}