{"gold_per_floor":[109,20,31,49,95,121,121,136,136,136,154,174,174,174,174,249,249,266,284,284,284,304,304,16,35,35,35],"floor_reached":27,"playtime":1151,"items_purged":[],"score":387,"play_id":"9ec4c536-90a3-48f3-9f8a-58c9becd83d0","local_time":"20190309202401","is_ascension_mode":true,"campfire_choices":[{"floor":10,"key":"REST"},{"floor":13,"key":"REST"},{"floor":15,"key":"REST"},{"floor":23,"key":"REST"}],"neow_cost":"NONE","seed_source_timestamp":356882392071727,"circlet_count":0,"master_deck":["AscendersBane","Strike_B","Strike_B","Strike_B","Strike_B","Defend_B","Defend_B","Defend_B","Defend_B","Zap","Dualcast","Static Discharge","Static Discharge+1","Conserve Battery","Machine Learning","Redo","White Noise","Glacier","Creative AI","Redo","Melter"],"relics":["Cracked Core","NeowsBlessing","Anchor","Gremlin Horn","Mummified Hand","Matryoshka","Dream Catcher","Sundial"],"potions_floor_usage":[8,11,12,22,25],"damage_taken":[{"damage":0,"enemies":"Cultist","floor":1,"turns":1},{"damage":0,"enemies":"Small Slimes","floor":3,"turns":1},{"damage":0,"enemies":"Jaw Worm","floor":4,"turns":1},{"damage":27,"enemies":"Lagavulin","floor":6,"turns":8},{"damage":0,"enemies":"2 Fungi Beasts","floor":8,"turns":2},{"damage":23,"enemies":"Gremlin Gang","floor":11,"turns":5},{"damage":11,"enemies":"Looter","floor":12,"turns":4},{"damage":32,"enemies":"Hexaghost","floor":16,"turns":7},{"damage":16,"enemies":"Shell Parasite","floor":18,"turns":4},{"damage":16,"enemies":"Chosen","floor":19,"turns":5},{"damage":21,"enemies":"Centurion and Healer","floor":22,"turns":6},{"damage":10,"enemies":"Cultist and Chosen","floor":25,"turns":5},{"damage":37,"enemies":"Chosen and Byrds","floor":27,"turns":4}],"seed_played":"4467624152971249013","potions_obtained":[{"floor":1,"key":"Explosive Potion"},{"floor":6,"key":"FocusPotion"},{"floor":11,"key":"Regen Potion"},{"floor":14,"key":"Ancient Potion"},{"floor":14,"key":"SpeedPotion"}],"is_trial":false,"path_per_floor":["M","$","M","M","T","E","?","M","T","R","M","M","R","?","R","B",null,"M","M","?","?","M","R","$","M","T","M"],"character_chosen":"DEFECT","items_purchased":["Static Discharge","Matryoshka"],"campfire_rested":4,"item_purchase_floors":[2,24],"current_hp_per_floor":[64,64,64,64,64,37,37,37,37,58,35,36,57,57,71,39,63,47,31,31,31,10,31,31,21,21,0],"gold":35,"neow_bonus":"THREE_ENEMY_KILL","is_prod":false,"is_daily":false,"chose_seed":false,"campfire_upgraded":0,"win_rate":0,"timestamp":1552155841,"path_taken":["M","$","M","?","?","E","?","?","T","R","M","M","R","?","R","BOSS","M","?","?","?","M","R","$","M","T","M"],"build_version":"2019-01-23","purchased_purges":0,"victory":false,"max_hp_per_floor":[71,71,71,71,71,71,71,71,71,71,71,71,71,71,71,71,71,71,71,71,71,71,71,71,71,71,71],"card_choices":[{"not_picked":["Doom and Gloom","BootSequence"],"picked":"Static Discharge","floor":1},{"not_picked":["Lockon","Coolheaded","Leap"],"picked":"SKIP","floor":3},{"not_picked":["Rebound","Leap"],"picked":"Conserve Battery","floor":4},{"not_picked":["Barrage","Coolheaded"],"picked":"Machine Learning","floor":6},{"not_picked":["FTL","Beam Cell"],"picked":"Redo","floor":8},{"not_picked":["Scrape","Coolheaded"],"picked":"White Noise","floor":11},{"not_picked":["Cold Snap","Steam"],"picked":"Glacier","floor":12},{"not_picked":["Seek","Meteor Strike"],"picked":"Creative AI","floor":16},{"not_picked":["Coolheaded+1","Compile Driver","Scrape"],"picked":"SKIP","floor":18},{"not_picked":["Skim","Lockon","Scrape"],"picked":"SKIP","floor":19},{"not_picked":["Darkness","Reinforced Body"],"picked":"Redo","floor":22},{"not_picked":["Redo","Rebound"],"picked":"Melter","floor":25}],"player_experience":1064975,"relics_obtained":[{"floor":5,"key":"Anchor"},{"floor":6,"key":"Gremlin Horn"},{"floor":9,"key":"Mummified Hand"},{"floor":26,"key":"Dream Catcher"},{"floor":26,"key":"Sundial"}],"event_choices":[{"damage_healed":0,"gold_gain":0,"player_choice":"Grow","damage_taken":0,"max_hp_gain":0,"max_hp_loss":0,"event_name":"Living Wall","floor":7,"gold_loss":0,"cards_upgraded":["Static Discharge"]},{"damage_healed":0,"gold_gain":0,"player_choice":"Got Potions","damage_taken":0,"max_hp_gain":0,"max_hp_loss":0,"event_name":"Lab","floor":14,"gold_loss":0},{"damage_healed":0,"gold_gain":0,"player_choice":"Smashed Altar","damage_taken":0,"max_hp_gain":0,"max_hp_loss":0,"event_name":"Forgotten Altar","floor":20,"gold_loss":0,"cards_obtained":["Decay"]},{"cards_removed":["Decay"],"damage_healed":0,"gold_gain":0,"player_choice":"Purged","damage_taken":0,"max_hp_gain":0,"max_hp_loss":0,"event_name":"Purifier","floor":21,"gold_loss":0}],"is_beta":false,"boss_relics":[{"not_picked":["Sozu","Pandora\u0027s Box","Cursed Key"]}],"items_purged_floors":[],"is_endless":false,"potions_floor_spawned":[1,6,11],"killed_by":"Chosen and Byrds","ascension_level":16}