{"path_per_floor":["M","$","?","?","?","R","E","R","T","M","M","R","?","E","R","B",null,"M","?","$","M","M"],"character_chosen":"DEFECT","items_purchased":["Gash","Shuriken","Glacier"],"gold_per_floor":[118,65,65,65,65,65,104,104,104,118,141,141,141,185,185,316,316,335,335,42,58,82,82],"floor_reached":23,"campfire_rested":0,"playtime":915,"item_purchase_floors":[2,20,20],"current_hp_per_floor":[68,68,68,61,47,47,47,47,47,45,45,45,45,45,45,30,70,61,61,61,61,35,0],"items_purged":[],"gold":82,"score":311,"play_id":"2a94e601-bdc0-43fc-baa1-13ab0aa7ac00","local_time":"20180609195812","is_prod":false,"is_daily":false,"chose_seed":false,"is_ascension_mode":true,"campfire_upgraded":4,"win_rate":0,"timestamp":1528545492,"campfire_choices":[{"data":"Streamline","floor":6,"key":"SMITH"},{"data":"Zap","floor":8,"key":"SMITH"},{"data":"Reboot","floor":12,"key":"SMITH"},{"data":"Conserve Battery","floor":15,"key":"SMITH"}],"path_taken":["M","$","?","?","?","R","E","R","T","M","?","R","?","E","R","BOSS","M","?","$","M","M","E"],"build_version":"2018-06-07v2","seed_source_timestamp":1151023444669981,"purchased_purges":0,"victory":false,"master_deck":["Zap+1","Dualcast","Reboot+1","Streamline+1","Gash+1","Reprogram","Conserve Battery+1","All For One","Rip and Tear","Turbo","Cold Snap","Compile Driver","Steam Power","Melter","Scrape","Leap","Glacier","Go for the Eyes","Echo Form"],"max_hp_per_floor":[75,75,69,69,69,69,83,83,83,83,83,83,83,83,83,83,83,83,83,83,83,83,83],"relics":["Cracked Core","Golden Idol","Mango","Centennial Puzzle","Pandora\u0027s Box","Nloth\u0027s Gift","Shuriken"],"card_choices":[{"not_picked":["Heatsinks","Tempest"],"picked":"Streamline","floor":1},{"not_picked":["Blizzard","Chill"],"picked":"Reprogram","floor":7},{"not_picked":["Stack","Melter"],"picked":"Conserve Battery","floor":10},{"not_picked":["Conserve Battery","Steam","Redo"],"picked":"SKIP","floor":11},{"not_picked":["Cold Snap","Fission","Sweeping Beam"],"picked":"SKIP","floor":14},{"not_picked":["Reboot","Multi-Cast"],"picked":"All For One","floor":16},{"not_picked":["Barrage","Compile Driver"],"picked":"Leap","floor":18},{"not_picked":["Coolheaded","Ball Lightning+1"],"picked":"Go for the Eyes","floor":21},{"not_picked":["Ball Lightning","Steam Power"],"picked":"Echo Form","floor":22}],"player_experience":416021,"potions_floor_usage":[14,14,18],"damage_taken":[{"damage":0,"enemies":"Small Slimes","floor":1,"turns":3},{"damage":14,"enemies":"Lagavulin","floor":7,"turns":5},{"damage":2,"enemies":"Jaw Worm","floor":10,"turns":3},{"damage":0,"enemies":"2 Louse","floor":11,"turns":2},{"damage":0,"enemies":"Gremlin Nob","floor":14,"turns":2},{"damage":15,"enemies":"Hexaghost","floor":16,"turns":8},{"damage":9,"enemies":"2 Thieves","floor":18,"turns":2},{"damage":0,"enemies":"Spheric Guardian","floor":21,"turns":1},{"damage":26,"enemies":"Chosen and Byrds","floor":22,"turns":5},{"damage":39,"enemies":"Slavers","floor":23,"turns":4}],"relics_obtained":[{"floor":7,"key":"Mango"},{"floor":9,"key":"Centennial Puzzle"},{"floor":14,"key":"Bronze Scales"}],"event_choices":[{"event_name":"Golden Idol","player_choice":"Lose Max HP","floor":3,"damage_taken":0},{"event_name":"Golden Wing","player_choice":"Card Removal","floor":4,"damage_taken":0},{"event_name":"Shining Light","player_choice":"Entered Light","floor":5,"damage_taken":0},{"event_name":"Liars Game","player_choice":"disagreed","floor":13,"damage_taken":0},{"event_name":"N\u0027loth","player_choice":"Traded a Bronze Scales","floor":19,"damage_taken":0}],"boss_relics":[{"not_picked":["Busted Crown","Snecko Eye"],"picked":"Pandora\u0027s Box"}],"items_purged_floors":[],"potions_floor_spawned":[7,10,16,18],"seed_played":"2328449781925146375","killed_by":"Slavers","ascension_level":8,"potions_obtained":[{"floor":7,"key":"AttackPotion"},{"floor":10,"key":"FearPotion"},{"floor":16,"key":"Weak Potion"},{"floor":18,"key":"Dexterity Potion"}],"is_trial":false}