{"gold_per_floor":[109,109,109,109,125,125,141,164,164,200,275,319,342,385,385,481,481,506,56,56,56,56],"floor_reached":22,"playtime":1100,"items_purged":["Strike_B"],"score":454,"play_id":"99fd97e6-c551-4ae3-a342-fee103fee9ea","local_time":"20190323000831","is_ascension_mode":true,"campfire_choices":[{"data":"Zap","floor":6,"key":"SMITH"},{"floor":15,"key":"REST"}],"neow_cost":"NONE","seed_source_timestamp":2379331581519738,"circlet_count":0,"master_deck":["AscendersBane","Strike_B","Strike_B","Strike_B","Defend_B","Defend_B","Defend_B+1","Defend_B","Zap+1","Dualcast","Genetic Algorithm+1","Go for the Eyes","Compile Driver","Sweeping Beam","Conserve Battery","Echo Form","Gash","Doom and Gloom","Seek","Capacitor","Genetic Algorithm+1","Shame"],"relics":["Cracked Core","NeowsBlessing","Golden Idol","Orichalcum","Darkstone Periapt","Ice Cream","Bronze Scales","Fusion Hammer","Bag of Preparation","DollysMirror","Nilry\u0027s Codex","Pantograph"],"potions_floor_usage":[10,14,14],"damage_taken":[{"damage":0,"enemies":"Jaw Worm","floor":1,"turns":1},{"damage":0,"enemies":"Small Slimes","floor":5,"turns":1},{"damage":0,"enemies":"2 Louse","floor":7,"turns":1},{"damage":0,"enemies":"2 Fungi Beasts","floor":8,"turns":3},{"damage":19,"enemies":"Lagavulin","floor":10,"turns":8},{"damage":10,"enemies":"3 Sentries","floor":12,"turns":6},{"damage":3,"enemies":"Blue Slaver","floor":13,"turns":4},{"damage":0,"enemies":"Gremlin Nob","floor":14,"turns":4},{"damage":5,"enemies":"The Guardian","floor":16,"turns":10},{"damage":29,"enemies":"2 Thieves","floor":18,"turns":4},{"damage":15,"enemies":"Chosen","floor":22,"turns":3}],"seed_played":"-8352208361403876383","potions_obtained":[{"floor":1,"key":"Weak Potion"},{"floor":12,"key":"Block Potion"},{"floor":13,"key":"Ancient Potion"}],"is_trial":false,"path_per_floor":["M","?","?","?","M","R","M","M","T","E","?","E","M","E","R","B",null,"M","$","?","?","M"],"character_chosen":"DEFECT","items_purchased":["Bag of Preparation","DollysMirror"],"campfire_rested":1,"item_purchase_floors":[19,19],"current_hp_per_floor":[64,69,69,48,48,48,48,48,48,29,18,8,5,5,25,20,57,28,28,7,13,0],"gold":56,"neow_bonus":"THREE_ENEMY_KILL","is_prod":false,"is_daily":false,"chose_seed":false,"campfire_upgraded":1,"win_rate":0,"timestamp":1553270911,"path_taken":["M","?","?","?","M","R","?","M","T","E","?","E","M","E","R","BOSS","M","$","?","?","M"],"build_version":"2019-03-15","purchased_purges":1,"victory":false,"max_hp_per_floor":[71,76,69,69,69,69,69,69,69,69,69,69,69,69,69,69,69,69,69,69,75,75],"card_choices":[{"not_picked":["Sweeping Beam","Barrage"],"picked":"Genetic Algorithm","floor":1},{"not_picked":["Leap","Steam"],"picked":"Go for the Eyes","floor":5},{"not_picked":["Go for the Eyes","Rebound"],"picked":"Compile Driver","floor":7},{"not_picked":["Streamline","Undo"],"picked":"Sweeping Beam","floor":8},{"not_picked":["Skim","Rebound"],"picked":"Conserve Battery","floor":10},{"not_picked":["Ball Lightning","Amplify"],"picked":"Echo Form","floor":12},{"not_picked":["Beam Cell","Stack"],"picked":"Gash","floor":13},{"not_picked":["Compile Driver","Loop"],"picked":"Doom and Gloom","floor":14},{"not_picked":["Buffer","Reboot"],"picked":"Seek","floor":16},{"not_picked":["Leap","Turbo"],"picked":"Capacitor","floor":18}],"player_experience":751901,"relics_obtained":[{"floor":9,"key":"Orichalcum"},{"floor":10,"key":"Darkstone Periapt"},{"floor":12,"key":"Ice Cream"},{"floor":14,"key":"Bronze Scales"},{"floor":20,"key":"Nilry\u0027s Codex"}],"event_choices":[{"damage_healed":0,"gold_gain":0,"player_choice":"Donut","damage_taken":0,"max_hp_gain":5,"max_hp_loss":0,"event_name":"Big Fish","floor":2,"gold_loss":0},{"damage_healed":0,"gold_gain":0,"player_choice":"Lose Max HP","damage_taken":0,"relics_obtained":["Golden Idol"],"max_hp_gain":0,"max_hp_loss":7,"event_name":"Golden Idol","floor":3,"gold_loss":0},{"damage_healed":0,"gold_gain":0,"player_choice":"Entered Light","damage_taken":21,"max_hp_gain":0,"max_hp_loss":0,"event_name":"Shining Light","floor":4,"gold_loss":0,"cards_upgraded":["Defend_B","Genetic Algorithm"]},{"damage_healed":0,"gold_gain":75,"player_choice":"Gather Gold","damage_taken":11,"max_hp_gain":0,"max_hp_loss":0,"event_name":"World of Goop","floor":11,"gold_loss":0},{"damage_healed":0,"gold_gain":0,"player_choice":"Obtained Book","damage_taken":21,"max_hp_gain":0,"max_hp_loss":0,"event_name":"Cursed Tome","floor":20,"gold_loss":0},{"damage_healed":0,"gold_gain":0,"player_choice":"Stole Relic","damage_taken":0,"relics_obtained":["Pantograph"],"max_hp_gain":0,"max_hp_loss":0,"event_name":"Addict","floor":21,"gold_loss":0,"cards_obtained":["Shame"]}],"is_beta":true,"boss_relics":[{"not_picked":["Lizard Tail","Black Star"],"picked":"Fusion Hammer"}],"items_purged_floors":[19],"is_endless":false,"potions_floor_spawned":[1,12,13],"killed_by":"Chosen","ascension_level":20}