{"gold_per_floor":[112,112,122,137,137,137,157,174,248,275,290,302,313,342,342,441,441,454,474,484,218,218,218,137,137,137,137,137,168,183,183,183,183],"floor_reached":33,"playtime":2238,"items_purged":[],"score":279,"play_id":"926b0f0d-03e6-4d92-841a-175bff5b6416","local_time":"20181223155240","is_ascension_mode":false,"campfire_choices":[{"floor":6.0,"key":"RECALL"},{"floor":15.0,"key":"REST"},{"floor":23,"key":"REST"},{"floor":25,"key":"REST"},{"floor":27,"key":"REST"},{"floor":32,"key":"REST"}],"neow_cost":"NONE","seed_source_timestamp":0,"circlet_count":0,"master_deck":["Strike_B","Strike_B","Strike_B","Strike_B","Defend_B","Defend_B","Defend_B","Zap+1","Dualcast","Redo","Ball Lightning","Darkness","Seek","Redo","Cold Snap","Force Field","Buffer","Self Repair","Self Repair","Loop","Jack Of All Trades","Defragment","Self Repair+1"],"special_seed":0,"relics":["Cracked Core","NeowsBlessing","Mercury Hourglass","Gambling Chip","Happy Flower","Black Star","Bag of Marbles","Thread and Needle"],"potions_floor_usage":[19,29,29,29],"damage_taken":[{"damage":0.0,"enemies":"2 Louse","floor":1.0,"turns":1.0},{"damage":0.0,"enemies":"Cultist","floor":3.0,"turns":1.0},{"damage":0.0,"enemies":"Jaw Worm","floor":4.0,"turns":1.0},{"damage":4.0,"enemies":"Red Slaver","floor":7.0,"turns":3.0},{"damage":9.0,"enemies":"Exordium Wildlife","floor":8.0,"turns":3.0},{"damage":17.0,"enemies":"3 Sentries","floor":10.0,"turns":5.0},{"damage":0.0,"enemies":"Large Slime","floor":11.0,"turns":4.0},{"damage":2.0,"enemies":"Blue Slaver","floor":12.0,"turns":2.0},{"damage":12.0,"enemies":"Gremlin Gang","floor":13.0,"turns":3.0},{"damage":11.0,"enemies":"Gremlin Nob","floor":14.0,"turns":3.0},{"damage":24.0,"enemies":"The Guardian","floor":16.0,"turns":7.0},{"damage":17,"enemies":"Shell Parasite","floor":18,"turns":7},{"damage":21,"enemies":"2 Thieves","floor":19,"turns":4},{"damage":35,"enemies":"Snake Plant","floor":20,"turns":4},{"damage":38,"enemies":"Gremlin Leader","floor":29,"turns":10},{"damage":1,"enemies":"Centurion and Healer","floor":30,"turns":6},{"damage":83,"enemies":"Collector","floor":33,"turns":11}],"seed_played":"-1815505367002503423","potions_obtained":[{"floor":3.0,"key":"Weak Potion"},{"floor":8.0,"key":"Dexterity Potion"},{"floor":10.0,"key":"SkillPotion"},{"floor":11.0,"key":"SneckoOil"},{"floor":13.0,"key":"Energy Potion"},{"floor":18,"key":"Poison Potion"},{"floor":20,"key":"Swift Potion"}],"is_trial":false,"path_per_floor":["M","?","M","M","?","R","M","M","T","E","M","M","M","E","R","B",null,"M","M","M","$","?","R","$","R","T","R","?","E","M","?","R","B"],"character_chosen":"DEFECT","items_purchased":["Loop","SkillPotion","Fire Potion","Jack Of All Trades","Defragment"],"campfire_rested":5,"item_purchase_floors":[21,21,21,21,24],"current_hp_per_floor":[75,75,75,75,75,75,71,62,62,45,45,43,31,20,42,18,75,58,44,16,16,16,38,38,60,60,75,61,37,50,50,74,0],"gold":183,"neow_bonus":"THREE_ENEMY_KILL","is_prod":false,"is_daily":false,"chose_seed":false,"campfire_upgraded":0,"win_rate":0,"timestamp":1545573160,"path_taken":["M","?","M","?","?","R","?","M","T","E","M","M","M","E","R","BOSS","M","M","M","$","?","R","$","R","T","R","?","E","M","?","R","BOSS"],"build_version":"2018-12-20","purchased_purges":0,"victory":false,"max_hp_per_floor":[75,75,75,75,75,75,75,75,75,75,75,75,75,75,75,75,75,75,75,75,75,75,75,75,75,75,75,80,80,80,80,80,80],"card_choices":[{"not_picked":["Steam","Leap","Hologram"],"picked":"SKIP","floor":1.0},{"not_picked":["Hyperbeam","Aggregate"],"picked":"Redo","floor":3.0},{"not_picked":["Stack","Genetic Algorithm"],"picked":"Ball Lightning","floor":4.0},{"not_picked":["Blizzard","Beam Cell"],"picked":"Darkness","floor":7.0},{"not_picked":["Hologram","Gash","Double Energy"],"picked":"SKIP","floor":8.0},{"not_picked":["Undo","Auto Shields"],"picked":"Seek","floor":10.0},{"not_picked":["Gash","Undo"],"picked":"Redo","floor":11.0},{"not_picked":["Double Energy","Steam","Coolheaded"],"picked":"SKIP","floor":12.0},{"not_picked":["Redo","Barrage"],"picked":"Cold Snap","floor":13.0},{"not_picked":["Doom and Gloom","Chaos"],"picked":"Force Field","floor":14.0},{"not_picked":["Thunder Strike","Seek"],"picked":"Buffer","floor":16.0},{"not_picked":["Reprogram","Melter"],"picked":"Self Repair","floor":18},{"not_picked":["Conserve Battery","Consume"],"picked":"Self Repair","floor":19},{"not_picked":["Rebound","Aggregate","Undo"],"picked":"SKIP","floor":20},{"not_picked":["Beam Cell","Leap","Turbo"],"picked":"SKIP","floor":29},{"not_picked":["Gash+1","Lockon"],"picked":"Self Repair+1","floor":30}],"player_experience":863790,"relics_obtained":[{"floor":9.0,"key":"Mercury Hourglass"},{"floor":10.0,"key":"Gambling Chip"},{"floor":14.0,"key":"Happy Flower"},{"floor":29,"key":"Bag of Marbles"},{"floor":29,"key":"Thread and Needle"}],"event_choices":[{"damage_healed":0.0,"max_hp_gain":0.0,"max_hp_loss":0.0,"gold_gain":0.0,"event_name":"Upgrade Shrine","player_choice":"Upgraded","floor":2.0,"gold_loss":0.0,"damage_taken":0.0,"cards_upgraded":["Zap"]},{"cards_removed":["Defend_B"],"damage_healed":0.0,"max_hp_gain":0.0,"max_hp_loss":0.0,"gold_gain":0.0,"event_name":"Wheel of Change","player_choice":"Card Removal","floor":5.0,"gold_loss":0.0,"damage_taken":0.0},{"damage_healed":0,"gold_gain":0,"player_choice":"Ignored","damage_taken":0,"max_hp_gain":0,"max_hp_loss":0,"event_name":"Cursed Tome","floor":22,"gold_loss":0},{"damage_healed":0,"gold_gain":0,"player_choice":"Shed Blood","damage_taken":19,"max_hp_gain":5,"max_hp_loss":0,"event_name":"Forgotten Altar","floor":28,"gold_loss":0},{"damage_healed":0,"gold_gain":0,"player_choice":"Ignored","damage_taken":0,"max_hp_gain":0,"max_hp_loss":0,"event_name":"Beggar","floor":31,"gold_loss":0}],"is_beta":false,"boss_relics":[{"not_picked":["Velvet Choker","Cursed Key"],"picked":"Black Star"}],"items_purged_floors":[],"is_endless":false,"potions_floor_spawned":[3,8,10,11,13,18,20],"killed_by":"Collector","ascension_level":0}