{"path_per_floor":["M","?","$","M","?","E","R","E","T","$","M","M","M","M","R","B",null,"M","?","?","$","M","R","$","M","T","M","R","E","M","E","R","B",null,"M","$","M","$","M","E","R","E","T","E","M","R","M","M","R","B"],"character_chosen":"IRONCLAD","items_purchased":["Infernal Blade","Second Wind","Master of Strategy","Jack Of All Trades","Vajra","Warcry","Corruption"],"gold_per_floor":[118,118,118,129,129,164,164,207,207,169,182,196,220,240,240,369,369,394,394,394,126,151,151,151,172,172,185,185,221,235,270,270,394,394,413,59,73,38,58,99,99,140,140,171,192,192,213,233,233,233],"floor_reached":51,"campfire_rested":1,"playtime":5577,"current_hp_per_floor":[80,80,80,80,60,63,63,63,63,63,72,80,80,80,80,54,80,77,77,77,77,74,74,74,85,85,92,92,77,85,78,78,94,107,107,107,97,97,65,63,98,108,108,109,103,103,107,115,115,89],"items_purged":["Defend_R"],"gold":233,"score":805,"play_id":"12f478b7-88fe-41fe-991f-c3d828be870f","is_prod":false,"is_daily":false,"is_ascension_mode":true,"campfire_upgraded":7,"path_taken":["M","?","$","M","?","E","R","E","T","$","M","M","M","M","R","BOSS","M","?","?","$","M","R","$","M","T","M","R","E","M","E","R","BOSS","M","$","M","?","M","E","R","E","T","E","M","R","?","M","R","BOSS"],"build_version":"2018-02-22-PROD2","purchased_purges":2,"victory":true,"master_deck":["Strike_R","Strike_R","Strike_R","Strike_R","Defend_R","Defend_R","Defend_R","Bash","Uppercut","Infernal Blade+1","Iron Wave","Flex","Reaper+1","Infernal Blade+1","Armaments","Burning Pact","Iron Wave","Havoc+1","Feed","Warcry","Second Wind+1","Master of Strategy","Clash","Warcry","True Grit+1","Havoc+1","Infernal Blade+1","Exhume+1","Sentinel","Jack Of All Trades+1","Warcry","Pummel+1","Corruption+1","True Grit","Pummel+1","Shockwave+1"],"max_hp_per_floor":[80,80,80,80,80,80,80,80,80,80,80,80,80,80,80,80,80,83,83,83,83,83,83,83,86,86,92,92,95,98,104,104,107,107,107,107,107,107,107,117,117,117,117,117,120,120,120,120,120,120],"relics":["Burning Blood","Golden Idol","Frozen Egg 2","Meat on the Bone","Dead Branch","Calling Bell","Charon\u0027s Ashes","Shuriken","Blood Vial","Dream Catcher","Peace Pipe","Gambling Chip","Question Card","Vajra","Pear","Shovel","Regal Pillow","Orichalcum"],"card_choices":[{"not_picked":["Body Slam","Cleave"],"picked":"Infernal Blade"},{"not_picked":["Heavy Blade","Sword Boomerang"],"picked":"Iron Wave"},{"not_picked":["Infernal Blade","Ghostly Armor"],"picked":"Flex"},{"not_picked":["Havoc","Disarm"],"picked":"Reaper"},{"not_picked":["Sword Boomerang","Clothesline"],"picked":"Armaments"},{"not_picked":["Evolve","Metallicize"],"picked":"Burning Pact"},{"not_picked":["Heavy Blade","Juggernaut"],"picked":"Iron Wave"},{"not_picked":["Burning Pact","Fire Breathing"],"picked":"Havoc"},{"not_picked":["Berserk","Offering"],"picked":"Feed"},{"not_picked":["Armaments","Shrug It Off"],"picked":"Warcry"},{"not_picked":["Searing Blow","Flame Barrier"],"picked":"Clash"},{"not_picked":["Clothesline","Twin Strike"],"picked":"Warcry"},{"not_picked":["Pommel Strike","Clothesline"],"picked":"True Grit"},{"not_picked":["Dropkick","Hemokinesis"],"picked":"Havoc"},{"not_picked":["Thunderclap","Rage"],"picked":"Infernal Blade"},{"not_picked":["Brutality","Limit Break"],"picked":"Exhume"},{"not_picked":["Pommel Strike","Disarm","Iron Wave"],"picked":"Sentinel"},{"not_picked":["Battle Trance","Carnage","Wild Strike"],"picked":"Pummel"},{"not_picked":["Pommel Strike","Double Tap","Sword Boomerang"],"picked":"True Grit"},{"not_picked":["Wild Strike","Clash","Shrug It Off"],"picked":"Pummel"},{"not_picked":["Clothesline","Wild Strike","Battle Trance"],"picked":"Shockwave"}],"player_experience":177802,"potions_floor_usage":[6,6,6,8,16,16,25,29,29,30,37,40,42,42,48,50],"damage_taken":[{"damage":6,"enemies":"Jaw Worm","floor":1,"turns":4},{"damage":6,"enemies":"Cultist","floor":4,"turns":3},{"damage":3,"enemies":"Lagavulin","floor":6,"turns":5},{"damage":6,"enemies":"Gremlin Nob","floor":8,"turns":3},{"damage":1,"enemies":"2 Louse","floor":11,"turns":3},{"damage":0,"enemies":"Large Slime","floor":12,"turns":4},{"damage":4,"enemies":"Looter","floor":13,"turns":3},{"damage":4,"enemies":"Blue Slaver","floor":14,"turns":3},{"damage":32,"enemies":"Hexaghost","floor":16,"turns":11},{"damage":12,"enemies":"2 Thieves","floor":18,"turns":4},{"damage":11,"enemies":"Spheric Guardian","floor":22,"turns":3},{"damage":17,"enemies":"3 Cultists","floor":25,"turns":4},{"damage":18,"enemies":"Centurion and Healer","floor":27,"turns":4},{"damage":24,"enemies":"Book of Stabbing","floor":29,"turns":6},{"damage":13,"enemies":"Cultist and Chosen","floor":30,"turns":4},{"damage":27,"enemies":"Slavers","floor":31,"turns":4},{"damage":0,"enemies":"Collector","floor":33,"turns":3},{"damage":3,"enemies":"Orb Walker","floor":35,"turns":3},{"damage":39,"enemies":"3 Darklings","floor":37,"turns":3},{"damage":40,"enemies":"4 Shapes","floor":39,"turns":3},{"damage":32,"enemies":"2 Orb Walkers","floor":40,"turns":3},{"damage":10,"enemies":"Nemesis","floor":42,"turns":5},{"damage":18,"enemies":"Giant Head","floor":44,"turns":6},{"damage":17,"enemies":"Sphere and 2 Shapes","floor":45,"turns":4},{"damage":4,"enemies":"Maw","floor":47,"turns":2},{"damage":0,"enemies":"4 Shapes","floor":48,"turns":2},{"damage":34,"enemies":"Awakened One","floor":50,"turns":5}],"event_choices":[{"event_name":"The Lab","player_choice":"Got Potions","floor":2,"damage_taken":0},{"event_name":"Golden Idol","player_choice":"Take Damage","floor":5,"damage_taken":0},{"event_name":"Fountain of Cleansing","player_choice":"Removed Curse","floor":19,"damage_taken":0},{"event_name":"Beggar","player_choice":"Ignored","floor":20,"damage_taken":0}],"boss_relics":[{"not_picked":["Sozu","Velvet Choker"],"picked":"Calling Bell"},{"not_picked":["Runic Dome","Runic Pyramid"],"picked":"Question Card"}],"potions_floor_spawned":[1,6,12,14,16,22,27,29,31,33,37,39,42,47],"seed_played":"-2470936001024927315","ascension_level":2,"is_trial":false}