{"gold_per_floor":[117,117,117,23,23,23,40,74,74,106,122,156,174,204,204,282,282,295,295,315,369,384,384,419,419,443,463,388,421,438,465,465,540,540,560,578,597,697,709,734,734,750,750,775,787,827,839,851,863,875,887,899,911,127,155,155],"floor_reached":57,"playtime":3310,"items_purged":["Strike_R+1"],"score":3056,"play_id":"9aef53ff-a5a7-4f5e-93bb-1545c9d94be8","local_time":"20190301145831","is_ascension_mode":true,"campfire_choices":[{"data":"Demon Form","floor":6,"key":"SMITH"},{"data":"Immolate","floor":15,"key":"SMITH"},{"data":"Feed","floor":23,"key":"SMITH"},{"data":"Double Tap","floor":25,"key":"SMITH"},{"data":"Strike_R+1","floor":32,"key":"PURGE"},{"data":"Strike_R+1","floor":41,"key":"PURGE"},{"data":"Strike_R+1","floor":45,"key":"PURGE"},{"floor":47,"key":"RECALL"},{"data":"Immolate+1","floor":49,"key":"PURGE"},{"data":"Dual Wield","floor":53,"key":"SMITH"}],"neow_cost":"PERCENT_DAMAGE","seed_source_timestamp":9436165796400,"circlet_count":0,"master_deck":["AscendersBane","Defend_R+1","Defend_R+1","Defend_R+1","Defend_R+1","Bash","Demon Form+1","Sword Boomerang","Discovery","Feed+1","Ghostly Armor","Reaper","Shrug It Off","Offering","Double Tap+1","Heavy Blade","Second Wind","Shrug It Off+1","Dual Wield+1","Demon Form","Second Wind+1","Offering","Heavy Blade+1","Clumsy","Corruption"],"relics":["Burning Blood","Torii","Bird Faced Urn","Letter Opener","Prayer Wheel","Singing Bowl","Snecko Eye","Potion Belt","Regal Pillow","Bag of Marbles","Juzu Bracelet","Peace Pipe","Cursed Key","FossilizedHelix","Paper Frog","MawBank","Darkstone Periapt","Du-Vu Doll","Centennial Puzzle","Cauldron","Happy Flower"],"potions_floor_usage":[10,30,40,56,56,56,56],"damage_taken":[{"damage":11,"enemies":"Jaw Worm","floor":1,"turns":5},{"damage":3,"enemies":"Small Slimes","floor":7,"turns":4},{"damage":37,"enemies":"Gremlin Nob","floor":8,"turns":4},{"damage":0,"enemies":"Lagavulin","floor":10,"turns":4},{"damage":8,"enemies":"Cultist","floor":11,"turns":5},{"damage":32,"enemies":"Gremlin Nob","floor":12,"turns":4},{"damage":12,"enemies":"Exordium Thugs","floor":13,"turns":5},{"damage":11,"enemies":"3 Sentries","floor":14,"turns":5},{"damage":24,"enemies":"Slime Boss","floor":16,"turns":6},{"damage":11,"enemies":"3 Byrds","floor":18,"turns":3},{"damage":0,"enemies":"Chosen","floor":20,"turns":1},{"damage":7,"enemies":"Snecko","floor":22,"turns":4},{"damage":7,"enemies":"Slavers","floor":24,"turns":3},{"damage":12,"enemies":"Snake Plant","floor":27,"turns":3},{"damage":62,"enemies":"Book of Stabbing","floor":29,"turns":5},{"damage":22,"enemies":"Centurion and Healer","floor":30,"turns":12},{"damage":6,"enemies":"Gremlin Leader","floor":31,"turns":3},{"damage":41,"enemies":"Champ","floor":33,"turns":10},{"damage":21,"enemies":"3 Shapes","floor":35,"turns":7},{"damage":18,"enemies":"3 Darklings","floor":36,"turns":4},{"damage":44,"enemies":"Spire Growth","floor":37,"turns":5},{"damage":61,"enemies":"Mind Bloom Boss Battle","floor":38,"turns":7},{"damage":1,"enemies":"Transient","floor":39,"turns":6},{"damage":38,"enemies":"Reptomancer","floor":40,"turns":6},{"damage":7,"enemies":"Writhing Mass","floor":42,"turns":6},{"damage":1,"enemies":"Giant Head","floor":44,"turns":5},{"damage":6,"enemies":"Nemesis","floor":46,"turns":3},{"damage":30,"enemies":"Time Eater","floor":50,"turns":8},{"damage":97,"enemies":"Donu and Deca","floor":51,"turns":9},{"damage":48,"enemies":"Shield and Spear","floor":55,"turns":3},{"damage":153,"enemies":"The Heart","floor":56,"turns":7}],"seed_played":"-1092096275355843071","potions_obtained":[{"floor":7,"key":"Dexterity Potion"},{"floor":8,"key":"AttackPotion"},{"floor":18,"key":"Swift Potion"},{"floor":22,"key":"SkillPotion"},{"floor":24,"key":"Ancient Potion"},{"floor":31,"key":"SneckoOil"},{"floor":33,"key":"PowerPotion"},{"floor":40,"key":"GamblersBrew"},{"floor":42,"key":"Energy Potion"}],"is_trial":false,"path_per_floor":["M","?","?","$","?","R","M","E","T","E","M","E","M","E","R","B",null,"M","?","M","T","M","R","E","R","T","M","$","E","M","E","R","B",null,"M","M","M","?","M","E","R","M","T","E","R","E","R","?","R","B","B",null,"R","$","E","B",null],"character_chosen":"IRONCLAD","items_purchased":["Discovery","Corruption","Du-Vu Doll","Centennial Puzzle","Cauldron"],"campfire_rested":0,"item_purchase_floors":[4,54,54,54,54],"current_hp_per_floor":[45,38,63,63,63,63,66,35,35,46,46,28,27,39,39,23,69,78,78,91,91,102,102,109,109,109,105,105,61,97,112,112,119,119,125,133,126,102,119,121,121,153,153,155,155,161,161,153,153,153,81,135,135,135,155,114],"gold":155,"neow_bonus":"THREE_RARE_CARDS","is_prod":false,"is_daily":false,"chose_seed":false,"campfire_upgraded":5,"win_rate":0,"timestamp":1551419911,"path_taken":["M","?","?","$","?","R","M","E","T","E","?","E","M","E","R","BOSS","M","?","M","?","M","R","E","R","T","?","?","E","M","E","R","BOSS","M","M","M","?","M","E","R","M","T","E","R","E","R","?","R","BOSS","BOSS","R","$","E","BOSS"],"build_version":"2019-01-23","purchased_purges":1,"victory":true,"max_hp_per_floor":[75,75,75,75,75,75,75,75,75,78,78,78,81,84,84,84,84,89,89,96,96,103,103,109,109,109,109,109,109,117,119,119,119,119,125,133,137,139,141,147,147,153,153,155,155,161,161,153,153,153,153,153,153,153,155,159],"card_choices":[{"not_picked":["Barricade","Berserk"],"picked":"Demon Form","floor":0},{"not_picked":["Havoc","Clothesline"],"picked":"Sword Boomerang","floor":1},{"not_picked":["Armaments","Disarm"],"picked":"Feed","floor":7},{"not_picked":["Heavy Blade","Intimidate"],"picked":"Ghostly Armor","floor":8},{"not_picked":["Armaments","Shrug It Off"],"picked":"Reaper","floor":10},{"not_picked":["Clothesline","Hemokinesis","True Grit"],"picked":"SKIP","floor":11},{"not_picked":["Hemokinesis","True Grit"],"picked":"Immolate","floor":12},{"not_picked":["Headbutt","Twin Strike"],"picked":"Shrug It Off","floor":13},{"not_picked":["Sword Boomerang","Headbutt","Dual Wield"],"picked":"SKIP","floor":13},{"not_picked":["Wild Strike","Headbutt"],"picked":"Offering","floor":14},{"not_picked":["Dark Embrace","Limit Break"],"picked":"Double Tap","floor":16},{"not_picked":["Armaments","Havoc","Battle Trance"],"picked":"Singing Bowl","floor":18},{"not_picked":["Sever Soul","Flex"],"picked":"Heavy Blade","floor":18},{"not_picked":["Rage+1","Flex","Body Slam"],"picked":"Singing Bowl","floor":20},{"not_picked":["Seeing Red","Power Through","Burning Pact"],"picked":"Singing Bowl","floor":20},{"not_picked":["Dual Wield","Pommel Strike","Thunderclap"],"picked":"Singing Bowl","floor":22},{"not_picked":["Perfected Strike+1","True Grit","Twin Strike"],"picked":"Singing Bowl","floor":22},{"not_picked":["Perfected Strike","Bloodletting","Double Tap"],"picked":"Singing Bowl","floor":24},{"not_picked":["Clothesline","Iron Wave"],"picked":"Second Wind","floor":27},{"not_picked":["True Grit","Havoc"],"picked":"Shrug It Off+1","floor":27},{"not_picked":["Cleave","Perfected Strike"],"picked":"Dual Wield","floor":29},{"not_picked":["Dark Embrace","Hemokinesis","Evolve"],"picked":"Singing Bowl","floor":30},{"not_picked":["Flex+1","Body Slam","Warcry+1"],"picked":"Singing Bowl","floor":30},{"not_picked":["Metallicize+1","Reckless Charge","Thunderclap"],"picked":"Singing Bowl","floor":31},{"not_picked":["Double Tap","Reaper"],"picked":"Demon Form","floor":33},{"not_picked":["Rupture","Warcry","Blood for Blood"],"picked":"Singing Bowl","floor":35},{"not_picked":["Headbutt+1","Uppercut+1"],"picked":"Second Wind+1","floor":35},{"not_picked":["Clothesline","Havoc","Sentinel"],"picked":"Singing Bowl","floor":36},{"not_picked":["Cleave","Sentinel","Shrug It Off"],"picked":"Singing Bowl","floor":36},{"not_picked":["Sword Boomerang","Iron Wave","Bloodletting+1"],"picked":"Singing Bowl","floor":37},{"not_picked":["Reckless Charge","Combust","Searing Blow+1"],"picked":"Singing Bowl","floor":37},{"not_picked":["Clothesline","Shrug It Off","Iron Wave"],"picked":"Singing Bowl","floor":38},{"not_picked":["Thunderclap","Clothesline+1"],"picked":"Offering","floor":39},{"not_picked":["Headbutt+1","Bloodletting","Pommel Strike"],"picked":"Singing Bowl","floor":39},{"not_picked":["Wild Strike","Immolate","Second Wind"],"picked":"Singing Bowl","floor":40},{"not_picked":["Sword Boomerang","Pommel Strike"],"picked":"Heavy Blade+1","floor":42},{"not_picked":["Havoc","Fire Breathing","Pommel Strike"],"picked":"Singing Bowl","floor":42},{"not_picked":["Warcry","Shrug It Off","Clothesline"],"picked":"Singing Bowl","floor":44},{"not_picked":["Body Slam","Whirlwind+1","Armaments"],"picked":"Singing Bowl","floor":46},{"not_picked":["Wild Strike","Iron Wave","Carnage+1"],"picked":"Singing Bowl","floor":55}],"player_experience":1914813,"relics_obtained":[{"floor":8,"key":"Torii"},{"floor":9,"key":"Bird Faced Urn"},{"floor":10,"key":"Letter Opener"},{"floor":12,"key":"Prayer Wheel"},{"floor":14,"key":"Singing Bowl"},{"floor":21,"key":"Potion Belt"},{"floor":24,"key":"Regal Pillow"},{"floor":26,"key":"Bag of Marbles"},{"floor":29,"key":"Juzu Bracelet"},{"floor":31,"key":"Peace Pipe"},{"floor":38,"key":"FossilizedHelix"},{"floor":40,"key":"Paper Frog"},{"floor":44,"key":"MawBank"},{"floor":46,"key":"Darkstone Periapt"},{"floor":55,"key":"Happy Flower"}],"event_choices":[{"cards_removed":["Strike_R"],"damage_healed":0,"gold_gain":0,"player_choice":"Card Removal","damage_taken":7,"max_hp_gain":0,"max_hp_loss":0,"event_name":"Golden Wing","floor":2,"gold_loss":0},{"damage_healed":25,"gold_gain":0,"player_choice":"Banana","damage_taken":0,"max_hp_gain":0,"max_hp_loss":0,"event_name":"Big Fish","floor":3,"gold_loss":0},{"damage_healed":0,"gold_gain":0,"player_choice":"0 cards matched","damage_taken":0,"max_hp_gain":0,"max_hp_loss":0,"event_name":"Match and Keep!","floor":5,"gold_loss":0,"cards_obtained":[]},{"damage_healed":0,"gold_gain":0,"player_choice":"Simplicity","damage_taken":0,"max_hp_gain":0,"max_hp_loss":0,"event_name":"Back to Basics","floor":19,"gold_loss":0,"cards_upgraded":["Strike_R","Strike_R","Strike_R","Strike_R","Defend_R","Defend_R","Defend_R","Defend_R"]},{"damage_healed":0,"gold_gain":0,"player_choice":"Fight","damage_taken":0,"max_hp_gain":0,"max_hp_loss":0,"event_name":"MindBloom","floor":38,"gold_loss":0},{"damage_healed":0,"gold_gain":0,"player_choice":"Max HP","damage_taken":0,"max_hp_gain":0,"max_hp_loss":8,"event_name":"Winding Halls","floor":48,"gold_loss":0}],"is_beta":false,"boss_relics":[{"not_picked":["Pandora\u0027s Box","White Beast Statue"],"picked":"Snecko Eye"},{"not_picked":["Busted Crown","Mark of Pain"],"picked":"Cursed Key"}],"items_purged_floors":[28],"is_endless":false,"potions_floor_spawned":[7,8,18,22,24,31,33,35,36,40,42,44],"ascension_level":20}