{"gold_per_floor":[114,114,125,275,28,28,28,28,28,47,72,83,94,124,124,202,202,220,220,220,57,57,57,88,104,104,129,29,60,60,60,60,133,133,143,0,11,11,23,49,49,49,49,49,82,99,127,127,127,127,127,127,127,77,104,104],"floor_reached":57,"playtime":2076,"items_purged":["Doubt","Shame","Shame"],"score":2954,"play_id":"44c9d297-474a-4de4-ae1a-a3ce2db0347e","local_time":"20190328163831","is_ascension_mode":true,"campfire_choices":[{"data":"Demon Form","floor":6.0,"key":"SMITH"},{"data":"Bash","floor":8.0,"key":"SMITH"},{"data":"Disarm","floor":15.0,"key":"SMITH"},{"data":"Whirlwind","floor":23.0,"key":"SMITH"},{"data":"Demon Form","floor":32.0,"key":"SMITH"},{"data":"Limit Break","floor":41.0,"key":"SMITH"},{"floor":44.0,"key":"RECALL"},{"data":"Feel No Pain","floor":49.0,"key":"SMITH"},{"data":"Feel No Pain","floor":53.0,"key":"SMITH"}],"neow_cost":"NONE","seed_source_timestamp":50355450040000,"circlet_count":0,"master_deck":["AscendersBane","Strike_R","Strike_R","Defend_R","Defend_R","Defend_R","Defend_R","Bash+1","Battle Trance","Feel No Pain+1","Demon Form+1","Feel No Pain","Shrug It Off","Disarm+1","Feel No Pain+1","Whirlwind+1","Demon Form+1","Disarm","Offering","Reaper","Injury","True Grit+1","Evolve","Feed","Feel No Pain","Double Tap","Uppercut+1","Limit Break+1","Feed+1","Dual Wield"],"special_seed":0,"relics":["Burning Blood","NeowsBlessing","Pantograph","PreservedInsect","Cursed Key","Matryoshka","Bag of Preparation","Bird Faced Urn","Oddly Smooth Stone","Shuriken","Centennial Puzzle","Bottled Tornado","Art of War","Mercury Hourglass","Snecko Eye","Red Mask","Molten Egg 2","Potion Belt","Strawberry","Smiling Mask","Nunchaku"],"potions_floor_usage":[56,56,56,56],"damage_taken":[{"damage":0.0,"enemies":"Jaw Worm","floor":1.0,"turns":1.0},{"damage":0.0,"enemies":"Small Slimes","floor":3.0,"turns":1.0},{"damage":0.0,"enemies":"Cultist","floor":10.0,"turns":1.0},{"damage":7.0,"enemies":"3 Sentries","floor":11.0,"turns":10.0},{"damage":13.0,"enemies":"Large Slime","floor":12.0,"turns":7.0},{"damage":7.0,"enemies":"Exordium Wildlife","floor":13.0,"turns":8.0},{"damage":28.0,"enemies":"Gremlin Nob","floor":14.0,"turns":4.0},{"damage":46.0,"enemies":"The Guardian","floor":16.0,"turns":11.0},{"damage":23.0,"enemies":"2 Thieves","floor":18.0,"turns":4.0},{"damage":7.0,"enemies":"Slavers","floor":24.0,"turns":3.0},{"damage":7.0,"enemies":"3 Byrds","floor":25.0,"turns":4.0},{"damage":25.0,"enemies":"Book of Stabbing","floor":27.0,"turns":8.0},{"damage":37.0,"enemies":"Slavers","floor":29.0,"turns":2.0},{"damage":7.0,"enemies":"Champ","floor":33.0,"turns":9.0},{"damage":60.0,"enemies":"3 Darklings","floor":35.0,"turns":6.0},{"damage":19.0,"enemies":"3 Shapes","floor":37.0,"turns":8.0},{"damage":43.0,"enemies":"Maw","floor":39.0,"turns":8.0},{"damage":30.0,"enemies":"Nemesis","floor":40.0,"turns":5.0},{"damage":6.0,"enemies":"Giant Head","floor":45.0,"turns":5.0},{"damage":9.0,"enemies":"4 Shapes","floor":46.0,"turns":6.0},{"damage":29.0,"enemies":"Nemesis","floor":47.0,"turns":7.0},{"damage":120.0,"enemies":"Donu and Deca","floor":50.0,"turns":8.0},{"damage":76.0,"enemies":"Time Eater","floor":51.0,"turns":8.0},{"damage":85.0,"enemies":"Shield and Spear","floor":55.0,"turns":6.0},{"damage":102,"enemies":"The Heart","floor":56,"turns":8}],"seed_played":"-136784440269671482","potions_obtained":[{"floor":1.0,"key":"BloodPotion"},{"floor":11.0,"key":"SkillPotion"},{"floor":14.0,"key":"Energy Potion"},{"floor":18.0,"key":"Explosive Potion"},{"floor":27.0,"key":"Strength Potion"},{"floor":29.0,"key":"Weak Potion"},{"floor":38.0,"key":"SkillPotion"},{"floor":45.0,"key":"SpeedPotion"},{"floor":47.0,"key":"SpeedPotion"}],"is_trial":false,"path_per_floor":["M","?","M","?","$","R","$","R","T","M","E","M","M","E","R","B",null,"M","?","T","$","?","R","E","M","T","E","$","E","T","?","R","B",null,"M","?","M","?","M","E","R","?","T","R","E","M","E","T","R","B","B",null,"R","$","E","B",null],"character_chosen":"IRONCLAD","items_purchased":["Demon Form","Bag of Preparation"],"campfire_rested":0,"item_purchase_floors":[5,21],"current_hp_per_floor":[74,67,73,73,73,73,73,73,73,75,74,67,66,51,51,35,65,48,48,48,48,48,48,51,75,75,75,75,65,65,65,65,78,78,78,78,81,81,84,84,84,84,84,84,94,97,94,94,94,81,104,104,104,104,82,27],"gold":104,"neow_bonus":"THREE_ENEMY_KILL","is_prod":false,"is_daily":false,"chose_seed":false,"campfire_upgraded":8,"win_rate":0,"timestamp":1553758711,"path_taken":["M","?","M","?","$","R","?","R","T","M","E","M","?","E","R","BOSS","M","?","?","?","?","R","E","M","T","E","$","E","?","?","R","BOSS","M","?","M","?","?","E","R","?","T","R","E","?","E","?","R","BOSS","BOSS","R","$","E","BOSS"],"build_version":"2019-01-23","purchased_purges":3,"victory":true,"max_hp_per_floor":[75,75,75,75,75,75,75,75,75,75,75,75,75,75,75,75,75,75,75,75,75,75,75,75,75,75,75,75,75,75,75,75,78,78,78,78,81,81,84,84,84,84,84,84,94,97,100,100,100,104,104,104,104,104,108,112],"card_choices":[{"not_picked":["Iron Wave","Warcry"],"picked":"Battle Trance","floor":1.0},{"not_picked":["Anger","Heavy Blade"],"picked":"Feel No Pain","floor":3.0},{"not_picked":["Clothesline","Anger"],"picked":"Feel No Pain","floor":10.0},{"not_picked":["Heavy Blade","Iron Wave"],"picked":"Shrug It Off","floor":11.0},{"not_picked":["Flex","Wild Strike"],"picked":"Disarm","floor":12.0},{"not_picked":["Dark Embrace","Warcry"],"picked":"Feel No Pain","floor":13.0},{"not_picked":["Flex","Headbutt"],"picked":"Whirlwind","floor":14.0},{"not_picked":["Immolate","Juggernaut"],"picked":"Demon Form","floor":16.0},{"not_picked":["Carnage+1","Pommel Strike"],"picked":"Disarm","floor":18.0},{"not_picked":["Havoc+1","Iron Wave"],"picked":"True Grit+1","floor":24.0},{"not_picked":["Anger","True Grit","Shrug It Off"],"picked":"SKIP","floor":25.0},{"not_picked":["Flex","Flame Barrier"],"picked":"Evolve","floor":27.0},{"not_picked":["Inflame","Armaments"],"picked":"Feed","floor":29.0},{"not_picked":["Juggernaut","Demon Form"],"picked":"Double Tap","floor":33.0},{"not_picked":["Carnage","Wild Strike","Havoc"],"picked":"SKIP","floor":35.0},{"not_picked":["Iron Wave","True Grit","Perfected Strike"],"picked":"SKIP","floor":37.0},{"not_picked":["Rage","Bloodletting"],"picked":"Uppercut+1","floor":39.0},{"not_picked":["Inflame+1","Pommel Strike"],"picked":"Limit Break","floor":40.0},{"not_picked":["Twin Strike+1","Clash+1","Intimidate"],"picked":"SKIP","floor":45.0},{"not_picked":["Clash+1","Iron Wave+1","True Grit"],"picked":"SKIP","floor":46.0},{"not_picked":["Cleave+1","Infernal Blade+1"],"picked":"Feed+1","floor":47.0},{"not_picked":["Shockwave+1","Anger+1"],"picked":"Dual Wield","floor":55.0}],"player_experience":2676166,"relics_obtained":[{"floor":11.0,"key":"Pantograph"},{"floor":14.0,"key":"PreservedInsect"},{"floor":20.0,"key":"Matryoshka"},{"floor":24.0,"key":"Bird Faced Urn"},{"floor":26.0,"key":"Oddly Smooth Stone"},{"floor":26.0,"key":"Shuriken"},{"floor":27.0,"key":"Centennial Puzzle"},{"floor":29.0,"key":"Bottled Tornado"},{"floor":30.0,"key":"Art of War"},{"floor":30.0,"key":"Mercury Hourglass"},{"floor":40.0,"key":"Molten Egg 2"},{"floor":43.0,"key":"Potion Belt"},{"floor":45.0,"key":"Strawberry"},{"floor":47.0,"key":"Smiling Mask"},{"floor":55.0,"key":"Nunchaku"}],"event_choices":[{"cards_removed":["Strike_R"],"damage_healed":0.0,"max_hp_gain":0.0,"max_hp_loss":0.0,"gold_gain":0.0,"event_name":"Golden Wing","player_choice":"Card Removal","floor":2.0,"gold_loss":0.0,"damage_taken":7.0},{"damage_healed":0.0,"max_hp_gain":0.0,"max_hp_loss":0.0,"gold_gain":150.0,"event_name":"Liars Game","player_choice":"AGREE","floor":4.0,"gold_loss":0.0,"damage_taken":0.0,"cards_obtained":["Doubt"]},{"damage_healed":0.0,"max_hp_gain":0.0,"max_hp_loss":0.0,"gold_gain":0.0,"cards_transformed":["Strike_R","Strike_R"],"event_name":"Drug Dealer","player_choice":"Became Test Subject","floor":19.0,"gold_loss":0.0,"damage_taken":0.0,"cards_obtained":["Offering","Reaper"]},{"damage_healed":0.0,"max_hp_gain":0.0,"max_hp_loss":0.0,"gold_gain":0.0,"event_name":"Ghosts","player_choice":"Ignored","floor":22.0,"gold_loss":0.0,"damage_taken":0.0},{"damage_healed":0.0,"max_hp_gain":0.0,"max_hp_loss":0.0,"gold_gain":0.0,"event_name":"The Library","player_choice":"Read","floor":31.0,"gold_loss":0.0,"damage_taken":0.0,"cards_obtained":["Feel No Pain"]},{"damage_healed":0.0,"max_hp_gain":0.0,"max_hp_loss":0.0,"gold_gain":0.0,"event_name":"Tomb of Lord Red Mask","player_choice":"Paid","floor":36.0,"gold_loss":143.0,"damage_taken":0.0,"relics_obtained":["Red Mask"]},{"damage_healed":0.0,"max_hp_gain":0.0,"max_hp_loss":0.0,"gold_gain":0.0,"event_name":"Lab","player_choice":"Got Potions","floor":38.0,"gold_loss":0.0,"damage_taken":0.0},{"cards_removed":["Doubt"],"damage_healed":0.0,"max_hp_gain":0.0,"max_hp_loss":0.0,"gold_gain":0.0,"event_name":"Purifier","player_choice":"Purged","floor":42.0,"gold_loss":0.0,"damage_taken":0.0}],"is_beta":false,"boss_relics":[{"not_picked":["Pandora\u0027s Box","Calling Bell"],"picked":"Cursed Key"},{"not_picked":["Orrery","Fusion Hammer"],"picked":"Snecko Eye"}],"items_purged_floors":[5,28,54],"is_endless":false,"potions_floor_spawned":[1,11,13,14,18,27,29,35,45,47],"ascension_level":20}