{"gold_per_floor":[215,215,232,0,17,17,51,70,70,87,87,87,119,129,129,233,233,245,32,50,149,162,188,188,202,273,273,273,30,30,57,57,154,154,169,169,188,198,198,198,228,228,251,251],"floor_reached":44,"playtime":1574,"items_purged":["Strike_B","Strike_B"],"score":563,"play_id":"07ca3eb2-9e80-4d9e-9dcc-b1a22a04fc7f","local_time":"20190410153548","is_ascension_mode":true,"campfire_choices":[{"data":"Zap","floor":6,"key":"SMITH"},{"floor":15,"key":"REST"},{"floor":24,"key":"REST"},{"floor":27,"key":"REST"},{"floor":30,"key":"REST"},{"floor":32,"key":"REST"},{"floor":40,"key":"REST"},{"floor":42,"key":"REST"}],"neow_cost":"NONE","seed_source_timestamp":0,"circlet_count":0,"master_deck":["Strike_B","Strike_B","Defend_B","Defend_B","Defend_B","Defend_B","Zap+1","Dualcast","Self Repair","Streamline","Gash","Leap","Leap","Gash","Sunder","Scrape","Machine Learning","Conserve Battery","Defragment","Glacier","Gash","Electrodynamics","Conserve Battery","Compile Driver+1","Capacitor","Meteor Strike","Scrape+1","All For One","Redo+1","Self Repair","Loop"],"special_seed":0,"relics":["Cracked Core","Vajra","Pocketwatch","Cables","Symbiotic Virus","Happy Flower","Nuclear Battery","Ice Cream","Shuriken","Centennial Puzzle","Inserter","DataDisk"],"potions_floor_usage":[33,33,41,44],"damage_taken":[{"damage":0.0,"enemies":"2 Louse","floor":1.0,"turns":2.0},{"damage":1,"enemies":"Cultist","floor":3,"turns":4},{"damage":1,"enemies":"Jaw Worm","floor":5,"turns":3},{"damage":64,"enemies":"Gremlin Nob","floor":7,"turns":5},{"damage":7,"enemies":"Blue Slaver","floor":8,"turns":3},{"damage":7,"enemies":"3 Louse","floor":10,"turns":3},{"damage":4,"enemies":"Lagavulin","floor":13,"turns":4},{"damage":0,"enemies":"Red Slaver","floor":14,"turns":4},{"damage":0,"enemies":"Slime Boss","floor":16,"turns":3},{"damage":0,"enemies":"Chosen","floor":18,"turns":4},{"damage":15,"enemies":"2 Thieves","floor":20,"turns":3},{"damage":0,"enemies":"Centurion and Healer","floor":22,"turns":8},{"damage":69,"enemies":"Gremlin Leader","floor":23,"turns":8},{"damage":15,"enemies":"Chosen and Byrds","floor":25,"turns":4},{"damage":19,"enemies":"Slavers","floor":31,"turns":5},{"damage":37,"enemies":"Automaton","floor":33,"turns":7},{"damage":29,"enemies":"3 Darklings","floor":35,"turns":5},{"damage":19,"enemies":"Orb Walker","floor":37,"turns":4},{"damage":48,"enemies":"Sphere and 2 Shapes","floor":38,"turns":4},{"damage":18,"enemies":"Reptomancer","floor":41,"turns":5},{"damage":64,"enemies":"Nemesis","floor":44,"turns":4}],"seed_played":"7649358812234110451","potions_obtained":[{"floor":2.0,"key":"SmokeBomb"},{"floor":2.0,"key":"Swift Potion"},{"floor":2.0,"key":"LiquidBronze"},{"floor":22,"key":"Strength Potion"},{"floor":33,"key":"AttackPotion"},{"floor":38,"key":"PowerPotion"},{"floor":41,"key":"SpeedPotion"}],"is_trial":false,"path_per_floor":["M","?","M","$","M","R","E","M","T","M","?","?","E","M","R","B",null,"M","$","M","?","M","E","R","M","T","R","?","$","R","E","R","B",null,"M","?","M","M","?","R","E","R","T","E"],"character_chosen":"DEFECT","items_purchased":["Vajra","Defragment","Glacier","Capacitor","Meteor Strike"],"campfire_rested":7,"item_purchase_floors":[4,19,19,29,29],"current_hp_per_floor":[75,75,75,75,75,75,18,18,18,18,18,18,21,28,50,50,75,75,75,67,67,74,12,34,19,19,41,27,27,51,39,63,33,80,58,78,59,18,18,42,38,62,62,0],"gold":251,"neow_bonus":"HUNDRED_GOLD","is_prod":false,"is_daily":false,"chose_seed":false,"campfire_upgraded":1,"win_rate":0,"timestamp":1554928548,"path_taken":["M","?","M","$","?","R","E","M","T","M","?","?","E","?","R","BOSS","M","$","M","?","M","E","R","M","T","R","?","$","R","E","R","BOSS","M","?","M","M","?","R","E","R","T","E"],"build_version":"2019-01-23","purchased_purges":2,"victory":false,"max_hp_per_floor":[75,75,75,75,75,75,75,75,75,75,75,75,75,75,75,75,75,75,75,75,75,75,75,75,75,75,75,80,80,80,80,80,80,80,80,80,80,80,80,80,80,80,80,80],"card_choices":[{"not_picked":["Turbo","White Noise"],"picked":"Self Repair","floor":1.0},{"not_picked":["Storm","Barrage"],"picked":"Streamline","floor":3},{"not_picked":["Conserve Battery","Coolheaded"],"picked":"Gash","floor":5},{"not_picked":["Turbo","Compile Driver"],"picked":"Leap","floor":7},{"not_picked":["Barrage","Thunder Strike"],"picked":"Leap","floor":8},{"not_picked":["Sweeping Beam","Redo"],"picked":"Gash","floor":10},{"not_picked":["Static Discharge","Reprogram"],"picked":"Sunder","floor":13},{"not_picked":["Compile Driver","Gash"],"picked":"Scrape","floor":14},{"not_picked":["Thunder Strike","Rainbow"],"picked":"Machine Learning","floor":16},{"not_picked":["Barrage+1","Stack"],"picked":"Conserve Battery","floor":18},{"not_picked":["Conserve Battery","Streamline"],"picked":"Gash","floor":20},{"not_picked":["White Noise","Rebound"],"picked":"Electrodynamics","floor":22},{"not_picked":["Recycle","Sweeping Beam"],"picked":"Conserve Battery","floor":23},{"not_picked":["Stack","Recycle+1"],"picked":"Compile Driver+1","floor":25},{"not_picked":["Gash","Sweeping Beam"],"picked":"Scrape+1","floor":31},{"not_picked":["Biased Cognition","Multi-Cast"],"picked":"All For One","floor":33},{"not_picked":["Barrage","Compile Driver","Sweeping Beam"],"picked":"SKIP","floor":35},{"not_picked":["Hologram","Reprogram+1"],"picked":"Redo+1","floor":37},{"not_picked":["Conserve Battery+1","Redo+1"],"picked":"Self Repair","floor":38},{"not_picked":["Fusion","Coolheaded"],"picked":"Loop","floor":41}],"player_experience":142333,"relics_obtained":[{"floor":7,"key":"Pocketwatch"},{"floor":9,"key":"Cables"},{"floor":13,"key":"Happy Flower"},{"floor":23,"key":"Ice Cream"},{"floor":26,"key":"Shuriken"},{"floor":31,"key":"Centennial Puzzle"},{"floor":41,"key":"DataDisk"}],"event_choices":[{"damage_healed":0.0,"max_hp_gain":0.0,"max_hp_loss":0.0,"gold_gain":0.0,"event_name":"Lab","player_choice":"Got Potions","floor":2.0,"gold_loss":0.0,"damage_taken":0.0},{"damage_healed":0,"gold_gain":0,"player_choice":"Fled","damage_taken":0,"max_hp_gain":0,"max_hp_loss":0,"event_name":"Scrap Ooze","floor":11,"gold_loss":0},{"damage_healed":0,"gold_gain":0,"player_choice":"Gave Potion","damage_taken":0,"relics_obtained":["Symbiotic Virus"],"max_hp_gain":0,"max_hp_loss":0,"event_name":"WeMeetAgain","floor":12,"gold_loss":0},{"damage_healed":0,"gold_gain":99,"player_choice":"Stole From Cult","damage_taken":0,"max_hp_gain":0,"max_hp_loss":0,"event_name":"Nest","floor":21,"gold_loss":0},{"damage_healed":0,"gold_gain":0,"player_choice":"Shed Blood","damage_taken":19,"max_hp_gain":5,"max_hp_loss":0,"event_name":"Forgotten Altar","floor":28,"gold_loss":0},{"damage_healed":20,"gold_gain":0,"player_choice":"Writhe","damage_taken":0,"max_hp_gain":0,"max_hp_loss":0,"event_name":"Winding Halls","floor":36,"gold_loss":0,"cards_obtained":["Writhe"]},{"cards_removed":["Writhe"],"damage_healed":0,"gold_gain":0,"player_choice":"Purged","damage_taken":0,"max_hp_gain":0,"max_hp_loss":0,"event_name":"Purifier","floor":39,"gold_loss":0}],"is_beta":false,"boss_relics":[{"not_picked":["Lizard Tail","Ectoplasm"],"picked":"Nuclear Battery"},{"not_picked":["FrozenCore","Astrolabe"],"picked":"Inserter"}],"items_purged_floors":[4,19],"is_endless":false,"potions_floor_spawned":[3,8,22,33,38,41],"killed_by":"Nemesis","ascension_level":1}