{"gold_per_floor":[117,117,117,130,30,65,9,42,42,42,59,59,87,97,97,97],"floor_reached":16,"playtime":450,"items_purged":[],"score":286,"play_id":"d7fd1d50-c21b-4271-87c0-e5eb4a58ef31","local_time":"20190305132221","is_ascension_mode":true,"campfire_choices":[{"data":"Second Wind","floor":10,"key":"SMITH"},{"data":"True Grit","floor":12,"key":"SMITH"},{"floor":15,"key":"REST"}],"neow_cost":"NONE","seed_source_timestamp":42433465761300,"circlet_count":0,"master_deck":["AscendersBane","Strike_R","Strike_R","Strike_R","Strike_R","Defend_R","Defend_R","Defend_R","Defend_R+1","Bash+1","Seeing Red","Panacea","Second Wind+1","Reaper+1","True Grit+1"],"relics":["Burning Blood","NeowsBlessing","Molten Egg 2","Gambling Chip","Happy Flower","Sundial"],"potions_floor_usage":[8,8,16],"damage_taken":[{"damage":0,"enemies":"Jaw Worm","floor":1,"turns":1},{"damage":0,"enemies":"2 Louse","floor":4,"turns":1},{"damage":0,"enemies":"Lagavulin","floor":6,"turns":1},{"damage":44,"enemies":"3 Sentries","floor":8,"turns":12},{"damage":3,"enemies":"Cultist","floor":11,"turns":4},{"damage":45,"enemies":"Gremlin Nob","floor":13,"turns":6},{"damage":5,"enemies":"Red Slaver","floor":14,"turns":4},{"damage":30,"enemies":"Slime Boss","floor":16,"turns":8}],"seed_played":"4766403428101550995","potions_obtained":[{"floor":1,"key":"BloodPotion"},{"floor":8,"key":"Ancient Potion"},{"floor":11,"key":"SpeedPotion"}],"is_trial":false,"path_per_floor":["M","?","?","M","$","E","$","E","T","R","M","R","E","M","R","B"],"character_chosen":"IRONCLAD","items_purchased":["Panacea","Fire Potion"],"campfire_rested":1,"item_purchase_floors":[5,7],"current_hp_per_floor":[74,51,51,57,57,63,63,32,32,32,40,40,8,16,38,13],"gold":97,"neow_bonus":"THREE_ENEMY_KILL","is_prod":false,"is_daily":false,"chose_seed":false,"campfire_upgraded":2,"win_rate":0,"timestamp":1551759741,"path_taken":["M","?","?","?","?","E","$","E","T","R","?","R","E","M","R","BOSS"],"build_version":"2019-01-23","purchased_purges":0,"victory":false,"max_hp_per_floor":[75,75,75,75,75,75,75,75,75,75,75,75,75,75,75,75],"card_choices":[{"not_picked":["Intimidate","Sever Soul"],"picked":"Seeing Red","floor":1},{"not_picked":["Cleave","Armaments","Rage"],"picked":"SKIP","floor":4},{"not_picked":["Metallicize","Sword Boomerang"],"picked":"Second Wind","floor":6},{"not_picked":["Flex","Sword Boomerang+1"],"picked":"Reaper+1","floor":8},{"not_picked":["Ghostly Armor","Flame Barrier"],"picked":"True Grit","floor":11},{"not_picked":["Uppercut+1","Armaments","Perfected Strike+1"],"picked":"SKIP","floor":13},{"not_picked":["Havoc","Clothesline+1","Metallicize"],"picked":"SKIP","floor":14}],"player_experience":2019283,"relics_obtained":[{"floor":6,"key":"Molten Egg 2"},{"floor":8,"key":"Gambling Chip"},{"floor":9,"key":"Happy Flower"},{"floor":13,"key":"Sundial"}],"event_choices":[{"damage_healed":0,"gold_gain":0,"player_choice":"Entered Light","damage_taken":23,"max_hp_gain":0,"max_hp_loss":0,"event_name":"Shining Light","floor":2,"gold_loss":0,"cards_upgraded":["Defend_R","Bash"]},{"cards_removed":["Strike_R"],"damage_healed":0,"gold_gain":0,"player_choice":"Purged","damage_taken":0,"max_hp_gain":0,"max_hp_loss":0,"event_name":"Purifier","floor":3,"gold_loss":0}],"is_beta":false,"boss_relics":[],"items_purged_floors":[],"is_endless":false,"potions_floor_spawned":[1,8,11],"killed_by":"Slime Boss","ascension_level":20}