{"gold_per_floor":[112,187,199,199,219,219,246,246,246,276,290,323,323,338,338,411,411,427,427,427,443,443,478,245,245,270,286,286,309,309,324,324,324],"floor_reached":33,"playtime":1017,"items_purged":["Scrape"],"score":566,"play_id":"c54e85e6-18ef-469d-a1dc-384da8a0f310","local_time":"20190316194547","is_ascension_mode":true,"campfire_choices":[{"data":"Electrodynamics","floor":6,"key":"SMITH"},{"floor":8,"key":"REST"},{"data":"Blizzard","floor":15,"key":"SMITH"},{"floor":25,"key":"REST"},{"floor":28,"key":"REST"},{"data":"Consume","floor":30,"key":"SMITH"},{"data":"Discovery","floor":32,"key":"SMITH"}],"neow_cost":"TEN_PERCENT_HP_LOSS","seed_source_timestamp":206954250477000,"circlet_count":0,"master_deck":["AscendersBane","Defend_B","Defend_B","Defend_B","Defend_B","Zap","Dualcast","Electrodynamics+1","Cold Snap","Tempest","Coolheaded","Blizzard+1","FTL","Echo Form","Reinforced Body+1","Auto Shields","Capacitor","Discovery+1","Capacitor","Leap","Consume+1"],"relics":["Cracked Core","Symbiotic Virus","Pear","Smiling Mask","DataDisk","Empty Cage","Dream Catcher","Ancient Tea Set","Omamori"],"potions_floor_usage":[12,16,16,23,23,33,33],"damage_taken":[{"damage":2,"enemies":"2 Louse","floor":1,"turns":3},{"damage":1,"enemies":"Cultist","floor":3,"turns":3},{"damage":2,"enemies":"Small Slimes","floor":5,"turns":3},{"damage":11,"enemies":"Gremlin Nob","floor":7,"turns":3},{"damage":20,"enemies":"Lagavulin","floor":10,"turns":6},{"damage":6,"enemies":"Blue Slaver","floor":11,"turns":2},{"damage":5,"enemies":"3 Sentries","floor":12,"turns":2},{"damage":0,"enemies":"Large Slime","floor":14,"turns":2},{"damage":21,"enemies":"Hexaghost","floor":16,"turns":9},{"damage":29,"enemies":"2 Thieves","floor":18,"turns":4},{"damage":0,"enemies":"Chosen","floor":21,"turns":3},{"damage":32,"enemies":"Slavers","floor":23,"turns":3},{"damage":18,"enemies":"Snecko","floor":27,"turns":6},{"damage":18,"enemies":"3 Cultists","floor":31,"turns":3},{"damage":20,"enemies":"Collector","floor":33,"turns":6}],"seed_played":"5532894986699062568","potions_obtained":[{"floor":7,"key":"LiquidBronze"},{"floor":10,"key":"Explosive Potion"},{"floor":14,"key":"Fire Potion"},{"floor":16,"key":"Swift Potion"},{"floor":21,"key":"Regen Potion"},{"floor":23,"key":"FocusPotion"},{"floor":31,"key":"Block Potion"}],"is_trial":false,"path_per_floor":["M","?","M","?","M","R","E","R","T","E","M","E","?","M","R","B",null,"M","?","?","M","?","E","$","R","T","M","R","T","R","M","R","B"],"character_chosen":"DEFECT","items_purchased":["Discovery","Capacitor"],"campfire_rested":3,"item_purchase_floors":[24,24],"current_hp_per_floor":[62,51,50,50,48,48,37,56,66,46,40,35,40,40,40,19,64,35,35,35,35,35,12,12,35,35,17,40,40,40,22,22,2],"gold":324,"neow_bonus":"THREE_RARE_CARDS","is_prod":false,"is_daily":false,"chose_seed":false,"campfire_upgraded":4,"win_rate":0,"timestamp":1552733147,"path_taken":["M","?","M","?","M","R","E","R","T","E","?","E","?","M","R","BOSS","M","?","?","?","?","E","$","R","T","M","R","?","R","M","R","BOSS"],"build_version":"2019-01-23","purchased_purges":1,"victory":false,"max_hp_per_floor":[64,64,64,64,64,64,64,64,74,74,74,74,79,79,79,79,79,79,79,79,79,79,79,79,79,79,79,79,79,79,79,79,79],"card_choices":[{"not_picked":["Meteor Strike","Biased Cognition"],"picked":"Electrodynamics","floor":0},{"not_picked":["Gash","Streamline"],"picked":"Cold Snap","floor":1},{"not_picked":["Aggregate","Turbo","Doom and Gloom"],"picked":"SKIP","floor":3},{"not_picked":["Aggregate","Turbo","Doom and Gloom"],"picked":"SKIP","floor":3},{"not_picked":["Compile Driver","Reprogram"],"picked":"Tempest","floor":5},{"not_picked":["Auto Shields","Undo"],"picked":"Coolheaded","floor":7},{"not_picked":["Coolheaded","Steam","Rebound"],"picked":"SKIP","floor":10},{"not_picked":["Compile Driver","Steam Power","Hologram"],"picked":"SKIP","floor":11},{"not_picked":["Beam Cell","Steam"],"picked":"Blizzard","floor":12},{"not_picked":["Coolheaded","Leap"],"picked":"FTL","floor":14},{"not_picked":["Thunder Strike","Core Surge"],"picked":"Echo Form","floor":16},{"not_picked":["Static Discharge","Beam Cell"],"picked":"Reinforced Body+1","floor":18},{"not_picked":["Go for the Eyes+1","Ball Lightning","Barrage"],"picked":"SKIP","floor":21},{"not_picked":["Multi-Cast","Meteor Strike"],"picked":"Capacitor","floor":23},{"not_picked":["Streamline","Steam"],"picked":"Leap","floor":27},{"not_picked":["Melter","Streamline"],"picked":"Consume","floor":28},{"not_picked":["Hologram","Conserve Battery","FTL"],"picked":"SKIP","floor":31}],"player_experience":2311393,"relics_obtained":[{"floor":7,"key":"Symbiotic Virus"},{"floor":9,"key":"Pear"},{"floor":10,"key":"Smiling Mask"},{"floor":12,"key":"DataDisk"},{"floor":23,"key":"Dream Catcher"},{"floor":26,"key":"Ancient Tea Set"},{"floor":29,"key":"Omamori"}],"event_choices":[{"damage_healed":0,"gold_gain":75,"player_choice":"Gather Gold","damage_taken":11,"max_hp_gain":0,"max_hp_loss":0,"event_name":"World of Goop","floor":2,"gold_loss":0},{"damage_healed":0,"gold_gain":0,"cards_transformed":["Strike_B"],"player_choice":"Transformed","damage_taken":0,"max_hp_gain":0,"max_hp_loss":0,"event_name":"Transmorgrifier","floor":4,"gold_loss":0,"cards_obtained":["Scrape"]},{"damage_healed":0,"gold_gain":0,"player_choice":"Donut","damage_taken":0,"max_hp_gain":5,"max_hp_loss":0,"event_name":"Big Fish","floor":13,"gold_loss":0},{"damage_healed":0,"gold_gain":0,"cards_transformed":["Strike_B","Strike_B"],"player_choice":"Became Test Subject","damage_taken":0,"max_hp_gain":0,"max_hp_loss":0,"event_name":"Drug Dealer","floor":19,"gold_loss":0,"cards_obtained":["Scrape","Auto Shields"]},{"damage_healed":0,"gold_gain":0,"player_choice":"Ignored","damage_taken":0,"max_hp_gain":0,"max_hp_loss":0,"event_name":"N\u0027loth","floor":20,"gold_loss":0},{"damage_healed":0,"gold_gain":0,"player_choice":"Ignored","damage_taken":0,"max_hp_gain":0,"max_hp_loss":0,"event_name":"The Mausoleum","floor":22,"gold_loss":0}],"is_beta":false,"boss_relics":[{"not_picked":["Lizard Tail","White Beast Statue"],"picked":"Empty Cage"}],"items_purged_floors":[24],"is_endless":false,"potions_floor_spawned":[7,10,14,16,21,23,31],"killed_by":"Collector","ascension_level":20}