{"gold_per_floor":[113,113,140,18,36,36,71,71,71,71,106,123,123],"floor_reached":13,"playtime":195,"items_purged":[],"score":232,"play_id":"f607eab0-7373-4fd2-8fbb-eac03088756c","local_time":"20190309221801","is_ascension_mode":true,"campfire_choices":[{"data":"Defragment","floor":6,"key":"SMITH"},{"data":"Loop","floor":8,"key":"SMITH"},{"data":"Zap","floor":10,"key":"SMITH"}],"neow_cost":"NONE","seed_source_timestamp":43638459914100,"circlet_count":0,"master_deck":["AscendersBane","Strike_B","Strike_B","Strike_B+1","Strike_B","Defend_B","Defend_B","Defend_B","Defend_B+1","Zap+1","Dualcast","Defragment+1","Recycle","Loop+1","Gash"],"relics":["Cracked Core","NeowsBlessing","MawBank","DataDisk","Lantern"],"potions_floor_usage":[13],"damage_taken":[{"damage":0,"enemies":"2 Louse","floor":1,"turns":1},{"damage":0,"enemies":"Jaw Worm","floor":5,"turns":1},{"damage":0,"enemies":"3 Sentries","floor":7,"turns":2},{"damage":27,"enemies":"Lagavulin","floor":11,"turns":7},{"damage":0,"enemies":"Small Slimes","floor":12,"turns":3},{"damage":22,"enemies":"3 Sentries","floor":13,"turns":3}],"seed_played":"-2920565888740139134","potions_obtained":[{"floor":5,"key":"EssenceOfSteel"},{"floor":11,"key":"Block Potion"},{"floor":12,"key":"PowerPotion"}],"is_trial":false,"path_per_floor":["M","?","T","$","M","R","E","R","T","R","E","M","E"],"character_chosen":"DEFECT","items_purchased":["Defragment","PowerPotion"],"campfire_rested":0,"item_purchase_floors":[4,4],"current_hp_per_floor":[64,43,43,43,43,43,43,43,43,43,16,16,0],"gold":123,"neow_bonus":"THREE_ENEMY_KILL","is_prod":false,"is_daily":false,"chose_seed":false,"campfire_upgraded":3,"win_rate":0,"timestamp":1552137481,"path_taken":["M","?","?","$","M","R","E","R","T","R","E","M","E"],"build_version":"2019-01-23","purchased_purges":0,"victory":false,"max_hp_per_floor":[71,71,71,71,71,71,71,71,71,71,71,71,71],"card_choices":[{"not_picked":["Compile Driver","Scrape","Steam Power"],"picked":"SKIP","floor":1},{"not_picked":["Storm","Compile Driver"],"picked":"Recycle","floor":5},{"not_picked":["Ball Lightning","Stack"],"picked":"Loop","floor":7},{"not_picked":["Go for the Eyes","Skim","Static Discharge"],"picked":"SKIP","floor":11},{"not_picked":["Conserve Battery","Leap"],"picked":"Gash","floor":12}],"player_experience":2116597,"relics_obtained":[{"floor":3,"key":"MawBank"},{"floor":7,"key":"DataDisk"},{"floor":11,"key":"Lantern"}],"event_choices":[{"damage_healed":0,"gold_gain":0,"player_choice":"Entered Light","damage_taken":21,"max_hp_gain":0,"max_hp_loss":0,"event_name":"Shining Light","floor":2,"gold_loss":0,"cards_upgraded":["Defend_B","Strike_B"]}],"is_beta":false,"boss_relics":[],"items_purged_floors":[],"is_endless":false,"potions_floor_spawned":[5,11,12],"killed_by":"3 Sentries","ascension_level":20}