{"path_per_floor":["M","M","?","$","M","R","M","M","T","E","?","E","?","M","R","B",null,"M","$","M","$","M","R","?","R","T","E","$","R","?","M","R","B",null,"M","M","M","?","?","R","M","E","T","R","M","?","$","M","R","B"],"character_chosen":"DEFECT","items_purchased":["DataDisk","Glacier","Ball Lightning","Blizzard","Tempest","Barrage","Apotheosis","Hologram"],"gold_per_floor":[409,423,423,130,144,144,162,175,200,229,304,331,281,300,300,395,395,415,292,311,34,45,45,45,45,113,139,87,87,87,106,106,201,201,215,235,252,252,301,301,315,344,401,401,420,420,23,36,36,36],"floor_reached":51,"campfire_rested":3,"playtime":3920,"current_hp_per_floor":[68,64,64,64,64,64,64,64,64,64,53,49,49,42,42,42,68,54,54,52,52,25,25,25,25,25,3,3,23,23,12,32,20,68,42,33,14,78,61,61,52,6,6,29,16,68,68,43,43,23],"items_purged":["Strike_B","Strike_B","Strike_B","Writhe"],"gold":36,"score":867,"play_id":"90c0367b-938d-4d84-9075-c10c09c26097","local_time":"20180507095249","is_prod":false,"is_daily":false,"chose_seed":false,"is_ascension_mode":true,"campfire_upgraded":6,"timestamp":1525657969,"path_taken":["M","M","?","$","M","R","?","M","T","E","?","E","?","M","R","BOSS","M","$","M","$","M","R","?","R","T","E","$","R","?","M","R","BOSS","M","M","?","?","?","R","?","E","T","R","M","?","$","M","R","BOSS"],"build_version":"2018-05-03","seed_source_timestamp":861782774270113,"purchased_purges":4,"victory":true,"master_deck":["Strike_B","Defend_B","Defend_B","Defend_B","Zap+1","Dualcast+1","Reinforced Body","FTL","Glacier","Ball Lightning","Coolheaded","Barrage+1","Echo Form","Fission+1","Reinforced Body","Ball Lightning","Barrage+1","Blizzard+1","Tempest","Leap","Conserve Battery","Barrage+1","Coolheaded","Glacier","Blizzard+1","BootSequence","Leap+1","Apotheosis+1","Hologram","Thunder Strike+1"],"max_hp_per_floor":[68,68,68,68,68,68,68,68,68,68,68,68,68,68,68,68,68,68,68,68,68,68,68,68,68,68,68,68,68,68,68,68,68,68,68,68,68,78,78,78,78,78,78,78,78,68,68,68,68,68],"relics":["Cracked Core","Old Coin","DataDisk","Omamori","Art of War","Sozu","Molten Egg 2","Oddly Smooth Stone","Nloth\u0027s Gift","Calling Bell","Bag of Preparation","Symbiotic Virus","Dead Branch","Peace Pipe","Vajra","Tiny Chest"],"card_choices":[{"not_picked":["Static Discharge","Ball Lightning"],"picked":"Reinforced Body","floor":1},{"not_picked":["Streamline","Beam Cell"],"picked":"FTL","floor":2},{"not_picked":["Beam Cell","Axe Kick"],"picked":"Ball Lightning","floor":5},{"not_picked":["BootSequence","Go for the Eyes"],"picked":"Coolheaded","floor":8},{"not_picked":["Loop","Force Field"],"picked":"Barrage","floor":10},{"not_picked":["Undo","Loop"],"picked":"Echo Form","floor":12},{"not_picked":["Nova","Thunder Strike"],"picked":"Fission","floor":16},{"not_picked":["Go for the Eyes","Coolheaded"],"picked":"Reinforced Body","floor":18},{"not_picked":["Rebound","Stack"],"picked":"Barrage","floor":20},{"not_picked":["Storm","Darkness"],"picked":"Leap","floor":22},{"not_picked":["Beam Cell","Undo"],"picked":"Conserve Battery","floor":27},{"not_picked":["Nova","Thunder Strike"],"picked":"Reboot","floor":33},{"not_picked":["Static Discharge","Storm"],"picked":"Coolheaded","floor":35},{"not_picked":["Turbo","Hello World"],"picked":"Glacier","floor":37},{"not_picked":["Axe Kick","Coolheaded"],"picked":"Blizzard","floor":39},{"not_picked":["Meteor Strike","Ball Lightning"],"picked":"BootSequence","floor":42},{"not_picked":["Sweeping Beam","Axe Kick"],"picked":"Leap","floor":45},{"not_picked":["Self Repair","Cold Snap"],"picked":"Thunder Strike","floor":48}],"player_experience":347052,"potions_floor_usage":[7,10,27],"damage_taken":[{"damage":0,"enemies":"Small Slimes","floor":1,"turns":3},{"damage":4,"enemies":"Cultist","floor":2,"turns":4},{"damage":0,"enemies":"2 Louse","floor":5,"turns":3},{"damage":0,"enemies":"Lots of Slimes","floor":7,"turns":1},{"damage":0,"enemies":"Looter","floor":8,"turns":2},{"damage":0,"enemies":"3 Sentries","floor":10,"turns":5},{"damage":4,"enemies":"Lagavulin","floor":12,"turns":6},{"damage":7,"enemies":"Blue Slaver","floor":14,"turns":3},{"damage":0,"enemies":"Slime Boss","floor":16,"turns":8},{"damage":14,"enemies":"2 Thieves","floor":18,"turns":3},{"damage":2,"enemies":"Chosen","floor":20,"turns":3},{"damage":27,"enemies":"Centurion and Healer","floor":22,"turns":6},{"damage":22,"enemies":"Slavers","floor":27,"turns":5},{"damage":11,"enemies":"Sentry and Sphere","floor":31,"turns":5},{"damage":12,"enemies":"Collector","floor":33,"turns":9},{"damage":26,"enemies":"3 Darklings","floor":35,"turns":5},{"damage":9,"enemies":"Flame Bruiser 1 Orb","floor":36,"turns":6},{"damage":19,"enemies":"Maw","floor":37,"turns":7},{"damage":17,"enemies":"Mysterious Sphere","floor":39,"turns":8},{"damage":9,"enemies":"4 Shapes","floor":41,"turns":5},{"damage":46,"enemies":"Giant Head","floor":42,"turns":10},{"damage":13,"enemies":"Spire Growth","floor":45,"turns":7},{"damage":25,"enemies":"Maw","floor":48,"turns":9},{"damage":20,"enemies":"Awakened One","floor":50,"turns":13}],"event_choices":[{"event_name":"Upgrade Shrine","player_choice":"Upgraded","floor":3,"damage_taken":0},{"event_name":"World of Goop","player_choice":"Gather Gold","floor":11,"damage_taken":0},{"event_name":"The Cleric","player_choice":"Card Removal","floor":13,"damage_taken":0},{"event_name":"The Lab","player_choice":"Got Potions","floor":24,"damage_taken":0},{"event_name":"N\u0027loth","player_choice":"Traded a Bronze Scales","floor":30,"damage_taken":0},{"event_name":"Bonfire Elementals","player_choice":"RARE","floor":38,"damage_taken":0},{"event_name":"Mysterious Sphere","player_choice":"Fight","floor":39,"damage_taken":0},{"event_name":"The Moai Head","player_choice":"Heal","floor":46,"damage_taken":0}],"boss_relics":[{"not_picked":["Orrery","Philosopher\u0027s Stone"],"picked":"Sozu"},{"not_picked":["Cursed Key","Black Star"],"picked":"Calling Bell"}],"potions_floor_spawned":[1,2,5,18,22,36,39,41,42],"seed_played":"7732165006144394823","ascension_level":3,"is_trial":false}