{"path_per_floor":["M","M","M","?","T","R","E","R","T","R","?","E","R","M","R","B",null,"M","M","$","?","M","E","R","M","T","E","?","M","T","$","R"],"character_chosen":"THE_SILENT","items_purchased":["Noxious Fumes","War Paint","Snake Skull"],"gold_per_floor":[115,129,144,144,144,144,201,201,201,201,256,286,286,305,305,401,401,383,400,95,95,105,134,134,149,149,184,184,200,226,21,21],"floor_reached":33,"campfire_rested":0,"playtime":3046,"current_hp_per_floor":[70,69,64,52,66,66,53,53,53,53,52,41,41,18,18,1,84,67,62,62,62,36,35,35,29,29,15,15,15,22,22,22],"items_purged":["Strike_G","Strike_G"],"gold":21,"play_id":"70471bc2-dabe-4d98-b3cf-5efa5790f8e0","is_prod":false,"is_daily":false,"is_ascension_mode":false,"campfire_upgraded":7,"path_taken":["M","M","M","?","?","R","E","R","T","R","?","E","R","M","R","BOSS","M","M","$","?","M","E","R","M","T","E","?","M","?","$","R","BOSS"],"build_version":"2018-02-01-PROD3","purchased_purges":2,"victory":false,"master_deck":["Defend_G","Defend_G+1","Defend_G","Defend_G+1","Defend_G","Survivor","Neutralize+1","Noxious Fumes+1","Acrobatics+1","Backflip+1","Heel Hook","Outmaneuver","Noxious Fumes+1","Blur","Burst","Glass Knife+1","Tactician+1","Dagger Spray+1","Prepared","Noxious Fumes","Catalyst+1","Leg Sweep+1","Deflect","Calculated Gamble","Footwork+1"],"max_hp_per_floor":[70,70,70,70,84,84,84,84,84,84,84,84,84,84,84,84,84,84,84,84,84,84,84,84,84,84,84,84,84,91,91,91],"relics":["Ring of the Snake","Paper Crane","Mango","Tiny Chest","Vajra","Regal Pillow","Matryoshka","Astrolabe","War Paint","Smiling Mask","Shuriken","Oddly Smooth Stone","Happy Flower","Bronze Scales","Strawberry","Pen Nib","Snake Skull"],"card_choices":[{"not_picked":["Distraction","Malaise"],"picked":"Noxious Fumes"},{"not_picked":["Blade Dance","Deadly Poison"],"picked":"Acrobatics"},{"not_picked":["Flying Knee","Outmaneuver"],"picked":"Backflip"},{"not_picked":["Dagger Spray","Backstab"],"picked":"Heel Hook"},{"not_picked":["Unload","Quick Slash"],"picked":"Outmaneuver"},{"not_picked":["Blur","Underhanded Strike"],"picked":"Noxious Fumes"},{"not_picked":["Underhanded Strike","Deadly Poison"],"picked":"Blur"},{"not_picked":["Bullet Time","Glass Knife"],"picked":"Burst"},{"not_picked":["Backflip","Flying Knee"],"picked":"Prepared"},{"not_picked":["Dagger Spray","Envenom"],"picked":"Catalyst"},{"not_picked":["PiercingWail","Noxious Fumes"],"picked":"Leg Sweep"},{"not_picked":["Riddle With Holes","Infinite Blades"],"picked":"Deflect"},{"not_picked":["Wraith Form","Deflect"],"picked":"Calculated Gamble"},{"not_picked":["Backflip","Distraction"],"picked":"Footwork"}],"player_experience":124873,"potions_floor_usage":[7,11,12,23,27,33,33],"damage_taken":[{"damage":0,"enemies":"2 Louse","floor":1,"turns":3},{"damage":1,"enemies":"Jaw Worm","floor":2,"turns":5},{"damage":5,"enemies":"Cultist","floor":3,"turns":6},{"damage":13,"enemies":"Gremlin Nob","floor":7,"turns":4},{"damage":1,"enemies":"Gremlin Nob","floor":11,"turns":5},{"damage":11,"enemies":"3 Sentries","floor":12,"turns":6},{"damage":23,"enemies":"Exordium Thugs","floor":14,"turns":6},{"damage":17,"enemies":"Slime Boss","floor":16,"turns":10},{"damage":17,"enemies":"2 Thieves","floor":18,"turns":4},{"damage":5,"enemies":"3 Byrds","floor":19,"turns":4},{"damage":26,"enemies":"Cultist and Chosen","floor":22,"turns":7},{"damage":1,"enemies":"Gremlin Leader","floor":23,"turns":5},{"damage":6,"enemies":"Snake Plant","floor":25,"turns":4},{"damage":14,"enemies":"Slavers","floor":27,"turns":5},{"damage":0,"enemies":"Chosen and Byrds","floor":29,"turns":4},{"damage":28,"enemies":"Collector","floor":33,"turns":2}],"event_choices":[{"event_name":"Scrap Ooze","player_choice":"success","floor":4,"damage_taken":12},{"event_name":"Dead Adventurer","player_choice":"Searched \u00273\u0027 times","floor":11,"damage_taken":0},{"event_name":"The Mausoleum","player_choice":"Yes","floor":21,"damage_taken":0},{"event_name":"Drug Dealer","player_choice":"Ignored","floor":28,"damage_taken":0}],"boss_relics":[{"not_picked":["Orrery","Runic Dome"],"picked":"Astrolabe"}],"potions_floor_spawned":[1,7,11,18,22,27,29],"seed_played":"-5319643539210660002","killed_by":"Collector","ascension_level":0,"is_trial":false}