{"path_per_floor":["M","?","?","M","?","R","M","R","T","E","?","M","E","T","R","B",null,"M","$","M"],"character_chosen":"DEFECT","items_purchased":["Capacitor","Leap"],"gold_per_floor":[116,116,116,135,135,135,149,149,200,233,233,258,294,294,294,424,424,444,293,309,309],"floor_reached":21,"campfire_rested":0,"playtime":874,"item_purchase_floors":[19,19],"current_hp_per_floor":[66,71,71,71,71,71,70,70,70,45,45,38,38,38,38,17,60,38,38,25,0],"items_purged":["Strike_B"],"gold":309,"score":286,"play_id":"f7eac261-3a46-42dd-9a86-20dee1de7b8a","local_time":"20180521182825","is_prod":false,"is_daily":false,"chose_seed":false,"is_ascension_mode":true,"campfire_upgraded":3,"timestamp":1526898505,"campfire_choices":[{"data":"Hologram","floor":6,"key":"SMITH"},{"data":"Streamline","floor":8,"key":"SMITH"},{"data":"Defragment","floor":15,"key":"SMITH"}],"path_taken":["M","?","?","M","?","R","M","R","T","E","?","M","E","?","R","BOSS","M","$","M","M"],"build_version":"2018-05-18","seed_source_timestamp":871595875275309,"purchased_purges":1,"victory":false,"master_deck":["Strike_B","Strike_B","Strike_B","Defend_B","Defend_B","Defend_B","Defend_B","Zap+1","Dualcast","Streamline+1","Hologram+1","Hologram","Defragment+1","Echo Form","Capacitor","Leap"],"max_hp_per_floor":[75,80,80,80,80,80,80,80,80,80,74,74,74,74,74,74,74,76,76,78,83],"relics":["Cracked Core","Art of War","Letter Opener","Golden Idol","Bronze Scales","Singing Bowl","Nuclear Battery"],"card_choices":[{"not_picked":["Darkness","Blizzard"],"picked":"Streamline","floor":1},{"not_picked":["Recycle","Turbo"],"picked":"Hologram","floor":4},{"not_picked":["Turbo","Consume"],"picked":"Hologram","floor":7},{"not_picked":["Beam Cell","Coolheaded","Recycle"],"picked":"SKIP","floor":10},{"not_picked":["Streamline","Barrage"],"picked":"Defragment","floor":12},{"not_picked":["Nova","Undo","Sweeping Beam"],"picked":"SKIP","floor":13},{"not_picked":["Thunder Strike","Meteor Strike"],"picked":"Echo Form","floor":16},{"not_picked":["Coolheaded","Ball Lightning","Conserve Battery"],"picked":"Singing Bowl","floor":18},{"not_picked":["Capacitor","Hello World+1","Axe Kick"],"picked":"Singing Bowl","floor":20}],"player_experience":395311,"potions_floor_usage":[13,13,16,16,20,21],"damage_taken":[{"damage":2,"enemies":"Jaw Worm","floor":1,"turns":3},{"damage":0,"enemies":"Small Slimes","floor":4,"turns":3},{"damage":1,"enemies":"Cultist","floor":7,"turns":3},{"damage":25,"enemies":"Lagavulin","floor":10,"turns":7},{"damage":7,"enemies":"Large Slime","floor":12,"turns":5},{"damage":0,"enemies":"3 Sentries","floor":13,"turns":4},{"damage":21,"enemies":"Hexaghost","floor":16,"turns":7},{"damage":24,"enemies":"2 Thieves","floor":18,"turns":4},{"damage":15,"enemies":"Shell Parasite","floor":20,"turns":6},{"damage":32,"enemies":"Snake Plant","floor":21,"turns":3}],"relics_obtained":[{"floor":9,"key":"Art of War"},{"floor":10,"key":"Letter Opener"},{"floor":13,"key":"Bronze Scales"},{"floor":14,"key":"Singing Bowl"}],"event_choices":[{"event_name":"Big Fish","player_choice":"Donut","floor":2,"damage_taken":0},{"event_name":"Accursed Blacksmith","player_choice":"Forge","floor":3,"damage_taken":0},{"event_name":"The Lab","player_choice":"Got Potions","floor":5,"damage_taken":0},{"event_name":"Golden Idol","player_choice":"Lose Max HP","floor":11,"damage_taken":0}],"boss_relics":[{"not_picked":["Velvet Choker","Runic Pyramid"],"picked":"Nuclear Battery"}],"items_purged_floors":[19],"potions_floor_spawned":[4,13,16,20],"seed_played":"1330015675172636140","killed_by":"Snake Plant","ascension_level":7,"potions_obtained":[{"floor":4,"key":"AttackPotion"},{"floor":5,"key":"PowerPotion"},{"floor":5,"key":"Energy Potion"},{"floor":13,"key":"FearPotion"},{"floor":16,"key":"Weak Potion"},{"floor":20,"key":"Fruit Juice"}],"is_trial":false}