{"gold_per_floor":[110,35,35,51,65,65,93,104,104,104,172,186,166,185,185,185],"floor_reached":16,"playtime":687,"items_purged":[],"score":194,"play_id":"69801622-9f1c-4d61-a59a-42af66b3f403","local_time":"20190328185359","is_ascension_mode":true,"campfire_choices":[{"floor":6,"key":"REST"},{"floor":10,"key":"REST"},{"floor":15,"key":"REST"}],"neow_cost":"CURSE","seed_source_timestamp":1226662422299501,"circlet_count":0,"master_deck":["AscendersBane","Strike_B","Strike_B","Strike_B","Strike_B","Defend_B","Defend_B","Defend_B","Defend_B","Zap","Dualcast","Sweeping Beam","FTL","Leap","Auto Shields","Meteor Strike","Cold Snap","Self Repair"],"relics":["Cracked Core","Turnip","Du-Vu Doll","Symbiotic Virus"],"potions_floor_usage":[14],"damage_taken":[{"damage":5,"enemies":"2 Louse","floor":1,"turns":2},{"damage":5,"enemies":"Small Slimes","floor":4,"turns":4},{"damage":2,"enemies":"Jaw Worm","floor":5,"turns":3},{"damage":35,"enemies":"Gremlin Nob","floor":7,"turns":4},{"damage":17,"enemies":"2 Fungi Beasts","floor":8,"turns":3},{"damage":22,"enemies":"3 Louse","floor":12,"turns":3},{"damage":17,"enemies":"Gremlin Gang","floor":14,"turns":4},{"damage":37,"enemies":"The Guardian","floor":16,"turns":10}],"seed_played":"7570966640928356157","potions_obtained":[{"floor":7,"key":"FocusPotion"},{"floor":12,"key":"SpeedPotion"},{"floor":13,"key":"FairyPotion"},{"floor":14,"key":"FearPotion"}],"is_trial":false,"path_per_floor":["M","?","?","M","M","R","E","M","T","R","?","M","?","M","R","B"],"character_chosen":"DEFECT","items_purchased":[],"campfire_rested":3,"item_purchase_floors":[],"current_hp_per_floor":[59,59,64,59,57,73,38,21,21,42,42,20,20,3,24,0],"gold":185,"neow_bonus":"ONE_RARE_RELIC","is_prod":false,"is_daily":false,"chose_seed":false,"campfire_upgraded":0,"win_rate":0,"timestamp":1553792039,"path_taken":["M","?","?","M","M","R","E","?","T","R","?","M","?","M","R","BOSS"],"build_version":"2019-01-23","purchased_purges":0,"victory":false,"max_hp_per_floor":[71,68,73,73,73,73,73,73,73,73,73,73,73,73,73,73],"card_choices":[{"not_picked":["Turbo","Reprogram"],"picked":"Sweeping Beam","floor":1},{"not_picked":["Skim","Genetic Algorithm"],"picked":"FTL","floor":4},{"not_picked":["Go for the Eyes","Reprogram"],"picked":"Leap","floor":5},{"not_picked":["Compile Driver","Fusion"],"picked":"Auto Shields","floor":7},{"not_picked":["Stack","Turbo"],"picked":"Meteor Strike","floor":8},{"not_picked":["FTL","Sunder"],"picked":"Cold Snap","floor":12},{"not_picked":["Streamline","Beam Cell"],"picked":"Self Repair","floor":14}],"player_experience":1139298,"relics_obtained":[{"floor":7,"key":"Du-Vu Doll"},{"floor":9,"key":"Symbiotic Virus"}],"event_choices":[{"cards_removed":["Parasite"],"damage_healed":0,"gold_gain":0,"player_choice":"Card Removal","damage_taken":0,"max_hp_gain":0,"max_hp_loss":0,"event_name":"The Cleric","floor":2,"gold_loss":75},{"damage_healed":0,"gold_gain":0,"player_choice":"Donut","damage_taken":0,"max_hp_gain":5,"max_hp_loss":0,"event_name":"Big Fish","floor":3,"gold_loss":0},{"damage_healed":0,"gold_gain":68,"player_choice":"Gained Gold","damage_taken":0,"max_hp_gain":0,"max_hp_loss":0,"event_name":"Golden Wing","floor":11,"gold_loss":0},{"damage_healed":0,"gold_gain":0,"player_choice":"Bought 1 Potion","damage_taken":0,"max_hp_gain":0,"max_hp_loss":0,"event_name":"The Woman in Blue","floor":13,"gold_loss":0}],"is_beta":false,"boss_relics":[],"items_purged_floors":[],"is_endless":false,"potions_floor_spawned":[7,12,14],"killed_by":"The Guardian","ascension_level":18}