{"gold_per_floor":[111,111,111,128,128,168,184,225,280,295,295,325,4,43,43,133,133,158,0,20,20,20],"floor_reached":22,"playtime":593,"items_purged":["Regret"],"score":454,"play_id":"de5e4008-0306-417a-87ef-4f7bae818095","local_time":"20190221131831","is_ascension_mode":true,"campfire_choices":[{"data":"Zap","floor":11,"key":"SMITH"},{"data":"Multi-Cast","floor":15,"key":"SMITH"}],"neow_cost":"NONE","seed_source_timestamp":91512553957500,"circlet_count":0,"master_deck":["AscendersBane","Strike_B","Strike_B","Strike_B","Strike_B","Defend_B","Defend_B","Defend_B","Zap+1","Dualcast","Ball Lightning","Multi-Cast+1","FTL","Chill","BootSequence","Echo Form","Conserve Battery","Echo Form","Chill+1","Capacitor","Shame"],"relics":["Cracked Core","NeowsBlessing","Sundial","Golden Idol","Oddly Smooth Stone","Turnip","Regal Pillow","Tiny Chest","Happy Flower","Ancient Tea Set","Cursed Key","Shuriken"],"potions_floor_usage":[8,16,16,18,20],"damage_taken":[{"damage":0,"enemies":"Small Slimes","floor":1,"turns":1},{"damage":0,"enemies":"2 Louse","floor":4,"turns":1},{"damage":0,"enemies":"Lagavulin","floor":6,"turns":1},{"damage":6,"enemies":"Jaw Worm","floor":7,"turns":2},{"damage":6,"enemies":"Gremlin Nob","floor":8,"turns":3},{"damage":0,"enemies":"2 Fungi Beasts","floor":10,"turns":3},{"damage":20,"enemies":"Lagavulin","floor":14,"turns":5},{"damage":5,"enemies":"Hexaghost","floor":16,"turns":6},{"damage":29,"enemies":"3 Byrds","floor":18,"turns":4},{"damage":9,"enemies":"Spheric Guardian","floor":20,"turns":4}],"seed_played":"-4302771766439370704","potions_obtained":[{"floor":7,"key":"FearPotion"},{"floor":8,"key":"FairyPotion"},{"floor":10,"key":"SteroidPotion"},{"floor":16,"key":"GamblersBrew"},{"floor":20,"key":"Poison Potion"}],"is_trial":false,"path_per_floor":["M","?","?","M","?","E","M","E","T","M","R","?","$","E","R","B",null,"M","$","M","?","?"],"character_chosen":"DEFECT","items_purchased":["Ancient Potion","Happy Flower","Capacitor","FocusPotion"],"campfire_rested":0,"item_purchase_floors":[13,13,19,19],"current_hp_per_floor":[64,64,53,53,53,53,47,41,41,41,41,41,41,21,21,16,52,23,23,14,14,14],"gold":20,"neow_bonus":"THREE_ENEMY_KILL","is_prod":false,"is_daily":false,"chose_seed":false,"campfire_upgraded":2,"win_rate":0,"timestamp":1550722711,"path_taken":["M","?","?","M","?","E","M","E","T","M","R","?","$","E","R","BOSS","M","$","M","?","?"],"build_version":"2019-01-23","purchased_purges":1,"victory":false,"max_hp_per_floor":[71,71,71,71,64,64,64,64,64,64,64,64,64,64,64,64,64,64,64,64,64,64],"card_choices":[{"not_picked":["Turbo","Lockon"],"picked":"Ball Lightning","floor":1},{"not_picked":["Chaos","Beam Cell"],"picked":"FTL","floor":4},{"not_picked":["Beam Cell","Doom and Gloom","Stack"],"picked":"SKIP","floor":6},{"not_picked":["Hologram","Coolheaded"],"picked":"Chill","floor":7},{"not_picked":["Steam","Go for the Eyes"],"picked":"BootSequence","floor":8},{"not_picked":["Leap","Streamline"],"picked":"Echo Form","floor":10},{"not_picked":["Sweeping Beam","Scrape"],"picked":"Conserve Battery","floor":14},{"not_picked":["Multi-Cast","Amplify"],"picked":"Echo Form","floor":16},{"not_picked":["Reprogram","Compile Driver"],"picked":"Chill+1","floor":18},{"not_picked":["Conserve Battery","Leap","Ball Lightning"],"picked":"SKIP","floor":20}],"player_experience":1687160,"relics_obtained":[{"floor":6,"key":"Oddly Smooth Stone"},{"floor":8,"key":"Turnip"},{"floor":9,"key":"Regal Pillow"},{"floor":14,"key":"Ancient Tea Set"}],"event_choices":[{"damage_healed":0,"gold_gain":0,"cards_transformed":["Defend_B"],"player_choice":"Change","damage_taken":0,"max_hp_gain":0,"max_hp_loss":0,"event_name":"Living Wall","floor":2,"gold_loss":0,"cards_obtained":["Multi-Cast"]},{"damage_healed":0,"gold_gain":0,"player_choice":"Success","damage_taken":11,"relics_obtained":["Sundial"],"max_hp_gain":0,"max_hp_loss":0,"event_name":"Scrap Ooze","floor":3,"gold_loss":0},{"damage_healed":0,"gold_gain":0,"player_choice":"Lose Max HP","damage_taken":0,"relics_obtained":["Golden Idol"],"max_hp_gain":0,"max_hp_loss":7,"event_name":"Golden Idol","floor":5,"gold_loss":0},{"damage_healed":0,"gold_gain":0,"player_choice":"Box","damage_taken":0,"relics_obtained":["Tiny Chest"],"max_hp_gain":0,"max_hp_loss":0,"event_name":"Big Fish","floor":12,"gold_loss":0,"cards_obtained":["Regret"]},{"damage_healed":0,"gold_gain":0,"player_choice":"Stole Relic","damage_taken":0,"relics_obtained":["Shuriken"],"max_hp_gain":0,"max_hp_loss":0,"event_name":"Addict","floor":21,"gold_loss":0,"cards_obtained":["Shame"]}],"is_beta":false,"boss_relics":[{"not_picked":["Runic Pyramid","White Beast Statue"],"picked":"Cursed Key"}],"items_purged_floors":[13],"is_endless":false,"potions_floor_spawned":[7,8,10,16,20],"ascension_level":20}