{"path_per_floor":["M","?","M","?","?","R","E","R","T","$","R","M","$","E","R","B",null,"M","M","$","?","M","R","E","R","T","?","E","M","M","M","R","B",null,"M","M","$","?","?","R","?","E","T","$","M","M","E","M","R","B"],"character_chosen":"IRONCLAD","items_purchased":["Uppercut","Ghostly Armor","Bandage Up","Darkstone Periapt","Warcry"],"gold_per_floor":[112,112,137,137,137,137,180,180,254,104,104,117,17,50,50,176,176,195,213,83,116,129,129,170,170,170,170,201,219,244,265,265,394,394,414,439,3,3,59,59,59,94,166,16,35,59,100,123,123,123],"floor_reached":51,"campfire_rested":0,"playtime":3905,"current_hp_per_floor":[65,47,51,51,51,51,22,22,32,32,32,38,38,29,29,13,82,75,69,69,75,74,74,74,74,74,74,55,38,44,38,38,29,82,82,81,81,81,82,82,82,60,66,66,63,55,49,53,53,55],"items_purged":["Strike_R","Strike_R","Regret","Injury"],"gold":123,"score":636,"play_id":"d156d7d6-3cdd-44db-9ea6-5bdd9d50146d","local_time":"20180301224839","is_prod":false,"is_daily":false,"is_ascension_mode":true,"campfire_upgraded":9,"timestamp":1519915719,"path_taken":["M","?","M","?","?","R","E","R","T","$","R","M","?","E","R","BOSS","M","M","?","?","M","R","E","R","T","?","E","?","M","M","R","BOSS","M","M","$","?","?","R","?","E","T","$","?","M","E","M","R","BOSS"],"build_version":"2018-02-28-BETA2","purchased_purges":4,"victory":true,"master_deck":["Strike_R","Defend_R","Defend_R","Defend_R","Bash+1","Pommel Strike+1","Thunderclap+1","Offering","Uppercut+1","Clash+1","Impervious","Ghostly Armor+1","Bandage Up+1","Shrug It Off+1","True Grit+1","Demon Form+1","Metallicize+1","Rampage+1","Offering","Dropkick+1","Warcry","Shockwave","Rampage+1","True Grit+1"],"max_hp_per_floor":[72,72,72,72,72,72,72,72,82,82,82,82,82,82,82,82,82,82,82,82,82,82,82,82,82,82,82,82,82,82,82,82,82,82,82,82,82,82,82,82,82,82,88,88,88,88,88,88,88,88],"relics":["Burning Blood","Golden Idol","Oddly Smooth Stone","Pear","Happy Flower","Cursed Key","Red Mask","Centennial Puzzle","Unceasing Top","Pen Nib","Sundial","Sozu","Darkstone Periapt","Shovel","Peace Pipe","Meat on the Bone","Kunai"],"card_choices":[{"not_picked":["Clothesline","Perfected Strike"],"picked":"Pommel Strike"},{"not_picked":["Body Slam","Combust"],"picked":"Thunderclap"},{"not_picked":["Cleave","Metallicize"],"picked":"Offering"},{"not_picked":["Inflame","Carnage"],"picked":"Clash"},{"not_picked":["Fiend Fire","Demon Form"],"picked":"Impervious"},{"not_picked":["Clash","Brutality"],"picked":"Shrug It Off"},{"not_picked":["Disarm","Iron Wave"],"picked":"True Grit"},{"not_picked":["Cleave","Dual Wield"],"picked":"Demon Form"},{"not_picked":["Uppercut","Evolve"],"picked":"Metallicize"},{"not_picked":["Shockwave","Intimidate"],"picked":"Rampage"},{"not_picked":["Demon Form","Exhume"],"picked":"Offering"},{"not_picked":["Havoc","Clothesline"],"picked":"Dropkick"},{"not_picked":["Corruption","Flame Barrier"],"picked":"Shockwave"},{"not_picked":["Blood for Blood","Iron Wave"],"picked":"Rampage"},{"not_picked":["Cleave","Battle Trance"],"picked":"True Grit"}],"player_experience":114968,"potions_floor_usage":[21,24,28,31,39,50,50],"damage_taken":[{"damage":13,"enemies":"Jaw Worm","floor":1,"turns":4},{"damage":2,"enemies":"2 Louse","floor":3,"turns":3},{"damage":35,"enemies":"Lagavulin","floor":7,"turns":6},{"damage":0,"enemies":"Cultist","floor":12,"turns":3},{"damage":15,"enemies":"3 Sentries","floor":14,"turns":5},{"damage":22,"enemies":"The Guardian","floor":16,"turns":8},{"damage":13,"enemies":"3 Byrds","floor":18,"turns":4},{"damage":12,"enemies":"Chosen","floor":19,"turns":4},{"damage":4,"enemies":"Masked Bandits","floor":21,"turns":3},{"damage":11,"enemies":"Snecko","floor":22,"turns":4},{"damage":12,"enemies":"Book of Stabbing","floor":24,"turns":5},{"damage":31,"enemies":"Slavers","floor":28,"turns":7},{"damage":29,"enemies":"Sentry and Sphere","floor":29,"turns":6},{"damage":6,"enemies":"Centurion and Healer","floor":30,"turns":5},{"damage":18,"enemies":"Chosen and Byrds","floor":31,"turns":7},{"damage":21,"enemies":"Champ","floor":33,"turns":9},{"damage":6,"enemies":"Orb Walker","floor":35,"turns":3},{"damage":7,"enemies":"3 Shapes","floor":36,"turns":4},{"damage":8,"enemies":"Mysterious Sphere","floor":39,"turns":3},{"damage":34,"enemies":"2 Orb Walkers","floor":42,"turns":6},{"damage":15,"enemies":"3 Darklings","floor":45,"turns":4},{"damage":20,"enemies":"Sphere and 2 Shapes","floor":46,"turns":4},{"damage":30,"enemies":"Nemesis","floor":47,"turns":5},{"damage":8,"enemies":"Maw","floor":48,"turns":7},{"damage":22,"enemies":"Donu and Deca","floor":50,"turns":8}],"event_choices":[{"event_name":"Golden Idol","player_choice":"Take Damage","floor":2,"damage_taken":0},{"event_name":"The Woman in Blue","player_choice":"Bought 0 Potions","floor":4,"damage_taken":0},{"event_name":"Accursed Blacksmith","player_choice":"Forge","floor":5,"damage_taken":0},{"event_name":"Masked Bandits","player_choice":"Fought over 83 gold","floor":21,"damage_taken":0},{"event_name":"The Mausoleum","player_choice":"Yes","floor":27,"damage_taken":0},{"event_name":"Transmorgrifier","player_choice":"Transform","floor":38,"damage_taken":0},{"event_name":"Mysterious Sphere","player_choice":"Fight","floor":39,"damage_taken":0},{"event_name":"Purifier","player_choice":"One Purge","floor":41,"damage_taken":0}],"boss_relics":[{"not_picked":["Orrery","Ectoplasm"],"picked":"Cursed Key"},{"not_picked":["Philosopher\u0027s Stone","Snecko Eye"],"picked":"Sozu"}],"potions_floor_spawned":[3,14,16,18,19,22,24,28,31,36,39,45,46],"seed_played":"-6107370386827415851","ascension_level":3,"is_trial":false}