{"path_per_floor":["M","?","?","M","$","E","R","$","T","R","E","?","?","E","R","B",null,"M","$","M","M","M"],"character_chosen":"IRONCLAD","items_purchased":["Havoc","Warcry","Letter Opener","Shrug It Off","Havoc","Dark Shackles"],"gold_per_floor":[109,184,434,445,39,74,74,74,374,374,437,437,437,469,469,568,568,581,387,407,427,446],"floor_reached":23,"campfire_rested":3,"playtime":1552,"current_hp_per_floor":[80,69,69,65,65,39,63,63,63,80,64,64,64,59,80,47,72,45,45,43,49,16],"items_purged":["Regret"],"gold":446,"score":259,"play_id":"d662088f-7b3d-4cc6-b7d2-a885c961f81f","local_time":"20180305213001","is_prod":false,"is_daily":false,"is_ascension_mode":true,"campfire_upgraded":0,"timestamp":1520278201,"path_taken":["M","?","?","?","$","E","R","$","T","R","E","?","?","E","R","BOSS","M","$","M","M","M","E"],"build_version":"2018-03-01-PROD1","purchased_purges":3,"victory":false,"master_deck":["Bash","Armaments","Inflame","Havoc","Warcry","Anger","Limit Break","Infernal Blade","Feed","True Grit","Warcry","Cleave","Headbutt","Shockwave","Body Slam","Feel No Pain","Havoc","Shockwave","Shrug It Off","Havoc","Dark Shackles","Cleave","Battle Trance"],"max_hp_per_floor":[80,80,80,80,80,80,80,80,80,80,80,80,80,80,80,80,80,80,80,83,86,86],"relics":["White Beast Statue","Letter Opener","Kunai","Old Coin","Tiny Chest","Bronze Scales","Pandora\u0027s Box"],"card_choices":[{"not_picked":["Sword Boomerang","True Grit"],"picked":"Armaments"},{"not_picked":["Dual Wield","Sentinel"],"picked":"Inflame"},{"not_picked":["Disarm","Iron Wave"],"picked":"Anger"},{"not_picked":["Clothesline","Pummel"],"picked":"Limit Break"},{"not_picked":["Dual Wield","Burning Pact"],"picked":"Infernal Blade"},{"not_picked":["Brutality","Dark Embrace"],"picked":"Feed"},{"not_picked":["Second Wind","Thunderclap"],"picked":"Cleave"},{"not_picked":["Pummel","Searing Blow"],"picked":"Battle Trance"}],"player_experience":249454,"potions_floor_usage":[4,11,11,14,16,16,16,20,20,21,23,23],"damage_taken":[{"damage":0,"enemies":"Small Slimes","floor":1,"turns":3},{"damage":4,"enemies":"Jaw Worm","floor":4,"turns":3},{"damage":26,"enemies":"3 Sentries","floor":6,"turns":8},{"damage":16,"enemies":"Gremlin Nob","floor":11,"turns":3},{"damage":20,"enemies":"3 Sentries","floor":14,"turns":7},{"damage":33,"enemies":"Slime Boss","floor":16,"turns":8},{"damage":27,"enemies":"Shell Parasite","floor":18,"turns":5},{"damage":5,"enemies":"2 Thieves","floor":20,"turns":3},{"damage":12,"enemies":"Cultist and Chosen","floor":21,"turns":8},{"damage":33,"enemies":"Snecko","floor":22,"turns":7},{"damage":25,"enemies":"Book of Stabbing","floor":23,"turns":5}],"event_choices":[{"event_name":"World of Goop","player_choice":"Gather Gold","floor":2,"damage_taken":0},{"event_name":"Golden Shrine","player_choice":"Desecrate","floor":3,"damage_taken":0},{"event_name":"The Lab","player_choice":"Got Potions","floor":12,"damage_taken":0},{"event_name":"Shining Light","player_choice":"Ignored","floor":13,"damage_taken":0}],"boss_relics":[{"not_picked":["Tiny House","Cursed Key"],"picked":"Pandora\u0027s Box"}],"potions_floor_spawned":[1,4,6,11,14,16,18,20,21,22],"seed_played":"-3524911684638809622","killed_by":"Book of Stabbing","ascension_level":5,"is_trial":false}