{"gold_per_floor":[114,125,141,156,81,81,81,81,107,117,117,37,47,47,47,149,149,163,146,6,6,6],"floor_reached":22,"playtime":1075,"items_purged":["Strike_R","Defend_R"],"score":238,"play_id":"beeb0e3f-0d30-4802-b66e-5f80c48c3e24","local_time":"20190425212659","is_ascension_mode":true,"campfire_choices":[{"data":"Bash","floor":6.0,"key":"SMITH"},{"data":"Heavy Blade","floor":8.0,"key":"SMITH"},{"data":"Body Slam","floor":11.0,"key":"SMITH"},{"floor":15.0,"key":"REST"}],"neow_cost":"NONE","seed_source_timestamp":4370043499100,"circlet_count":0,"master_deck":["Defend_R","Defend_R","Defend_R","Bash+1","Metallicize","Spot Weakness","Heavy Blade+1","Shrug It Off","Body Slam+1","Carnage","Headbutt","Exhume+1","Entrench+1","Dropkick+1","Brutality+1","Shrug It Off+1","Pummel","Whirlwind"],"special_seed":0,"relics":["Burning Blood","NeowsBlessing","Red Skull","Astrolabe"],"potions_floor_usage":[16,16,16,19],"damage_taken":[{"damage":0.0,"enemies":"Jaw Worm","floor":1.0,"turns":1.0},{"damage":0.0,"enemies":"Small Slimes","floor":2.0,"turns":1.0},{"damage":0.0,"enemies":"Cultist","floor":3.0,"turns":1.0},{"damage":36.0,"enemies":"Large Slime","floor":4.0,"turns":6.0},{"damage":16.0,"enemies":"Looter","floor":10.0,"turns":3.0},{"damage":6.0,"enemies":"3 Louse","floor":13.0,"turns":3.0},{"damage":49,"enemies":"The Guardian","floor":16,"turns":9},{"damage":49,"enemies":"3 Byrds","floor":18,"turns":7},{"damage":14,"enemies":"2 Thieves","floor":19,"turns":4},{"damage":15,"enemies":"Centurion and Healer","floor":22,"turns":1}],"seed_played":"2506445828711453692","potions_obtained":[{"floor":1.0,"key":"Explosive Potion"},{"floor":3.0,"key":"Poison Potion"},{"floor":10.0,"key":"LiquidBronze"},{"floor":16,"key":"Energy Potion"}],"is_trial":false,"path_per_floor":["M","M","M","M","$","R","?","R","T","M","R","$","M","?","R","B",null,"M","M","$","?","M"],"character_chosen":"IRONCLAD","items_purchased":["Carnage","Whirlwind"],"campfire_rested":1,"item_purchase_floors":[12,20],"current_hp_per_floor":[78,80,80,50,50,50,50,50,50,40,40,40,40,40,64,21,65,22,14,14,14,0],"gold":6,"neow_bonus":"THREE_ENEMY_KILL","is_prod":false,"is_daily":false,"chose_seed":false,"campfire_upgraded":3,"win_rate":0,"timestamp":1556195219,"path_taken":["M","M","M","M","$","R","?","R","T","M","R","$","M","?","R","BOSS","M","M","$","?","?"],"build_version":"2019-01-23","purchased_purges":2,"victory":false,"max_hp_per_floor":[80,80,80,80,80,80,80,80,80,80,80,80,80,80,80,80,80,80,80,80,80,80],"card_choices":[{"not_picked":["Flex","Wild Strike"],"picked":"Metallicize","floor":1.0},{"not_picked":["Sword Boomerang","Twin Strike"],"picked":"Spot Weakness","floor":2.0},{"not_picked":["Pummel","Rupture"],"picked":"Heavy Blade","floor":3.0},{"not_picked":["Wild Strike","Cleave"],"picked":"Shrug It Off","floor":4.0},{"not_picked":["Evolve","Heavy Blade"],"picked":"Body Slam","floor":10.0},{"not_picked":["Rage","Blood for Blood"],"picked":"Headbutt","floor":13.0},{"not_picked":["Fiend Fire","Double Tap"],"picked":"Exhume","floor":16},{"not_picked":["Body Slam+1","Reckless Charge"],"picked":"Shrug It Off+1","floor":18},{"not_picked":["Sentinel","Anger"],"picked":"Pummel","floor":19}],"player_experience":366022,"relics_obtained":[{"floor":9.0,"key":"Red Skull"}],"event_choices":[{"damage_healed":0.0,"max_hp_gain":0.0,"max_hp_loss":0.0,"gold_gain":0.0,"event_name":"Liars Game","player_choice":"Ignored","floor":7.0,"gold_loss":0.0,"damage_taken":0.0},{"cards_removed":["Strike_R"],"damage_healed":0.0,"max_hp_gain":0.0,"max_hp_loss":0.0,"gold_gain":0.0,"event_name":"Living Wall","player_choice":"Forget","floor":14.0,"gold_loss":0.0,"damage_taken":0.0},{"damage_healed":0,"gold_gain":0,"player_choice":"Upgraded","damage_taken":0,"max_hp_gain":0,"max_hp_loss":0,"event_name":"Upgrade Shrine","floor":21,"gold_loss":0,"cards_upgraded":["Exhume"]}],"is_beta":false,"boss_relics":[{"not_picked":["Cursed Key","Calling Bell"],"picked":"Astrolabe"}],"items_purged_floors":[5,20],"is_endless":false,"potions_floor_spawned":[1,3,10,16],"killed_by":"Centurion and Healer","ascension_level":7}