{"gold_per_floor":[115,131,131,142,158,158,170,150,150,162,209,221,252,283,295,408,420,447,476,500,33,33,33,33,33,33,45,65,65],"floor_reached":29,"playtime":1266,"items_purged":["Strike_R"],"score":286,"play_id":"992119ba-a6e6-4275-b0b1-e24e336b636b","local_time":"20180918231046","is_ascension_mode":true,"campfire_choices":[{"data":"Inflame","floor":6,"key":"SMITH"},{"data":"Armaments","floor":10,"key":"SMITH"},{"floor":12,"key":"REST"},{"data":"Double Tap","floor":15,"key":"SMITH"},{"floor":23,"key":"REST"},{"data":"Shockwave","floor":25,"key":"SMITH"}],"neow_cost":"NONE","seed_source_timestamp":471892710969899,"circlet_count":0,"master_deck":["Strike_R","Strike_R","Strike_R","Defend_R","Defend_R","Bash","Infernal Blade","Iron Wave","Inflame+1","Armaments+1","Shockwave+1","Sword Boomerang","Double Tap+1","Barricade","Perfected Strike+1","Blood for Blood+1","Thunderclap+1","Pommel Strike+1","Inflame+1","True Grit","Heavy Blade"],"relics":["Burning Blood","MawBank","Vajra","Astrolabe","Blood Vial","Toy Ornithopter","Toxic Egg 2"],"potions_floor_usage":[5,8,13,16,29],"damage_taken":[{"damage":1,"enemies":"Cultist","floor":1,"turns":3},{"damage":0,"enemies":"Small Slimes","floor":2,"turns":3},{"damage":3,"enemies":"2 Louse","floor":4,"turns":2},{"damage":4,"enemies":"Red Slaver","floor":5,"turns":3},{"damage":29,"enemies":"Large Slime","floor":7,"turns":7},{"damage":25,"enemies":"3 Sentries","floor":11,"turns":9},{"damage":14,"enemies":"Lots of Slimes","floor":13,"turns":6},{"damage":5,"enemies":"2 Fungi Beasts","floor":14,"turns":3},{"damage":25,"enemies":"The Guardian","floor":16,"turns":10},{"damage":45,"enemies":"2 Thieves","floor":18,"turns":4},{"damage":10,"enemies":"Shell Parasite","floor":19,"turns":3},{"damage":37,"enemies":"Centurion and Healer","floor":20,"turns":5},{"damage":28,"enemies":"Sentry and Sphere","floor":27,"turns":4},{"damage":18,"enemies":"Snecko","floor":28,"turns":3},{"damage":18,"enemies":"Gremlin Leader","floor":29,"turns":3}],"seed_played":"-4330913489960365020","potions_obtained":[{"floor":1,"key":"SkillPotion"},{"floor":2,"key":"Strength Potion"},{"floor":4,"key":"Ancient Potion"},{"floor":8,"key":"Fruit Juice"},{"floor":14,"key":"FearPotion"},{"floor":16,"key":"Ancient Potion"},{"floor":28,"key":"Dexterity Potion"}],"is_trial":false,"path_per_floor":["M","M","$","M","M","R","M","?","T","R","E","R","M","M","R","B",null,"M","M","M","$","?","R","?","R","T","M","M"],"character_chosen":"IRONCLAD","items_purchased":["Blood Vial","True Grit","Toy Ornithopter"],"campfire_rested":2,"item_purchase_floors":[21,21,21],"current_hp_per_floor":[88,88,88,88,88,88,79,84,84,84,65,92,84,85,85,66,86,47,43,12,12,12,39,39,39,39,19,9,0],"gold":65,"neow_bonus":"TEN_PERCENT_HP_BONUS","is_prod":false,"is_daily":false,"chose_seed":false,"campfire_upgraded":4,"win_rate":0,"timestamp":1537326646,"path_taken":["M","M","$","M","?","R","M","?","T","R","E","R","M","M","R","BOSS","M","M","M","$","?","R","?","R","T","M","M","E"],"build_version":"2018-09-06","purchased_purges":1,"victory":false,"max_hp_per_floor":[88,88,88,88,88,88,88,93,93,93,93,93,93,93,93,93,93,93,93,93,93,93,93,93,93,93,93,93,93],"card_choices":[{"not_picked":["Flex","Cleave"],"picked":"Second Wind","floor":1},{"not_picked":["Wild Strike","Perfected Strike"],"picked":"Infernal Blade","floor":2},{"not_picked":["Havoc","Headbutt"],"picked":"Iron Wave","floor":4},{"not_picked":["Headbutt","Fire Breathing"],"picked":"Inflame","floor":5},{"not_picked":["Thunderclap","Flex"],"picked":"Armaments","floor":7},{"not_picked":["Entrench","Armaments"],"picked":"Shockwave","floor":11},{"not_picked":["Warcry","Twin Strike"],"picked":"Sword Boomerang","floor":13},{"not_picked":["Dual Wield","Armaments"],"picked":"Double Tap","floor":14},{"not_picked":["Berserk","Immolate"],"picked":"Barricade","floor":16},{"not_picked":["Sword Boomerang","Flex"],"picked":"Pommel Strike+1","floor":18},{"not_picked":["Bloodletting","Entrench"],"picked":"Inflame+1","floor":19},{"not_picked":["Entrench","Rampage","Thunderclap"],"picked":"SKIP","floor":20},{"not_picked":["Fire Breathing","Sever Soul+1"],"picked":"Heavy Blade","floor":27},{"not_picked":["Clash","Body Slam","Wild Strike"],"picked":"SKIP","floor":28}],"player_experience":123971,"relics_obtained":[{"floor":9,"key":"MawBank"},{"floor":11,"key":"Vajra"},{"floor":26,"key":"Toxic Egg 2"}],"event_choices":[{"event_name":"The Woman in Blue","player_choice":"Bought 1 Potion","floor":8,"damage_taken":0},{"event_name":"Cursed Tome","player_choice":"Ignored","floor":22,"damage_taken":0},{"event_name":"Purifier","player_choice":"One Purge","floor":24,"damage_taken":0}],"is_beta":false,"boss_relics":[{"not_picked":["Cursed Key","Runic Pyramid"],"picked":"Astrolabe"}],"items_purged_floors":[21],"is_endless":false,"potions_floor_spawned":[1,2,4,14,16,28],"killed_by":"Gremlin Leader","ascension_level":5}