{"gold_per_floor":[109,34,48,123,123,123,157,157,227,260,260,270,288,9,9,9],"floor_reached":16,"playtime":319,"items_purged":["Strike_R"],"score":266,"play_id":"c9ba3299-8c61-4e1b-a900-6e36a23587e8","local_time":"20190328160015","is_ascension_mode":true,"campfire_choices":[{"data":"Bash","floor":6,"key":"SMITH"},{"data":"Evolve","floor":8,"key":"SMITH"},{"floor":11,"key":"REST"},{"data":"Limit Break","floor":15,"key":"SMITH"}],"neow_cost":"NONE","seed_source_timestamp":50008603601900,"circlet_count":0,"master_deck":["AscendersBane","Strike_R","Strike_R","Strike_R","Defend_R","Defend_R","Defend_R","Defend_R","Bash+1","Evolve+1","Limit Break+1","Ghostly Armor","Second Wind","Power Through"],"special_seed":0,"relics":["Burning Blood","NeowsBlessing","The Courier","Letter Opener","Shuriken","Membership Card","Bag of Preparation"],"potions_floor_usage":[16,16],"damage_taken":[{"damage":0.0,"enemies":"Jaw Worm","floor":1.0,"turns":1.0},{"damage":0.0,"enemies":"Small Slimes","floor":3.0,"turns":1.0},{"damage":0,"enemies":"Lagavulin","floor":7,"turns":1},{"damage":56,"enemies":"Gremlin Nob","floor":10,"turns":5},{"damage":7,"enemies":"Cultist","floor":12,"turns":5},{"damage":6,"enemies":"2 Fungi Beasts","floor":13,"turns":5},{"damage":39,"enemies":"The Guardian","floor":16,"turns":9}],"seed_played":"7489345239793195508","potions_obtained":[{"floor":3.0,"key":"Dexterity Potion"},{"floor":13,"key":"LiquidBronze"}],"is_trial":false,"path_per_floor":["M","?","M","?","?","R","E","R","T","E","R","M","M","$","R","B"],"character_chosen":"IRONCLAD","items_purchased":["Membership Card","Bag of Preparation"],"campfire_rested":1,"item_purchase_floors":[14,14],"current_hp_per_floor":[74,74,75,64,64,64,70,70,70,20,42,41,41,41,41,2],"gold":9,"neow_bonus":"THREE_ENEMY_KILL","is_prod":false,"is_daily":false,"chose_seed":false,"campfire_upgraded":3,"win_rate":0,"timestamp":1553756415,"path_taken":["M","?","M","?","?","R","E","R","T","E","R","M","M","?","R","BOSS"],"build_version":"2019-01-23","purchased_purges":1,"victory":false,"max_hp_per_floor":[75,75,75,75,75,75,75,75,75,75,75,75,75,75,75,75],"card_choices":[{"not_picked":["Clash","Power Through"],"picked":"Evolve","floor":1.0},{"not_picked":["Rage","Warcry","Perfected Strike"],"picked":"SKIP","floor":3.0},{"not_picked":["Blood for Blood","Flex"],"picked":"Limit Break","floor":7},{"not_picked":["Havoc","Evolve"],"picked":"Ghostly Armor","floor":10},{"not_picked":["Headbutt","Clothesline"],"picked":"Second Wind","floor":12},{"not_picked":["Twin Strike","Fire Breathing"],"picked":"Power Through","floor":13}],"player_experience":2675847,"relics_obtained":[{"floor":7,"key":"The Courier"},{"floor":9,"key":"Letter Opener"},{"floor":10,"key":"Shuriken"}],"event_choices":[{"cards_removed":["Strike_R"],"damage_healed":0.0,"max_hp_gain":0.0,"max_hp_loss":0.0,"gold_gain":0.0,"event_name":"The Cleric","player_choice":"Card Removal","floor":2.0,"gold_loss":75.0,"damage_taken":0.0},{"damage_healed":0.0,"max_hp_gain":0.0,"max_hp_loss":0.0,"gold_gain":75.0,"event_name":"World of Goop","player_choice":"Gather Gold","floor":4.0,"gold_loss":0.0,"damage_taken":11.0},{"damage_healed":0,"gold_gain":0,"player_choice":"Ignored","damage_taken":0,"max_hp_gain":0,"max_hp_loss":0,"event_name":"Liars Game","floor":5,"gold_loss":0}],"is_beta":false,"boss_relics":[],"items_purged_floors":[14],"is_endless":false,"potions_floor_spawned":[3,13],"killed_by":"The Guardian","ascension_level":20}