{"gold_per_floor":[359,174,139,139,155,190,190,206,230,255,255,255,271,305,305,377,377,388,24,34,34,54,84,84,84],"floor_reached":25,"playtime":1191,"items_purged":["Parasite","Defend_B"],"score":478,"play_id":"41d013a1-bbb0-4989-8dc6-65bc109bf87b","local_time":"20190222000441","is_ascension_mode":true,"campfire_choices":[{"data":"Zap","floor":7,"key":"SMITH"},{"data":"Fission","floor":11,"key":"SMITH"},{"floor":15,"key":"REST"},{"floor":24,"key":"REST"}],"neow_cost":"CURSE","seed_source_timestamp":129682381420100,"circlet_count":0,"master_deck":["AscendersBane","Strike_B","Strike_B","Strike_B","Strike_B","Defend_B","Zap+1","Dualcast","Gash","Gash","Coolheaded","Glacier","Coolheaded","Fission+1","Capacitor","Echo Form","Tempest+1","Defragment"],"relics":["Cracked Core","Pen Nib","Centennial Puzzle","Shuriken","Boot","Fusion Hammer","Matryoshka","Orichalcum"],"potions_floor_usage":[16,20,23],"damage_taken":[{"damage":14,"enemies":"Jaw Worm","floor":1,"turns":4},{"damage":0,"enemies":"2 Louse","floor":5,"turns":2},{"damage":2,"enemies":"Lagavulin","floor":6,"turns":8},{"damage":0,"enemies":"Cultist","floor":8,"turns":4},{"damage":25,"enemies":"3 Sentries","floor":10,"turns":7},{"damage":10,"enemies":"Large Slime","floor":13,"turns":4},{"damage":5,"enemies":"Lagavulin","floor":14,"turns":6},{"damage":2,"enemies":"The Guardian","floor":16,"turns":10},{"damage":1,"enemies":"Chosen","floor":18,"turns":5},{"damage":22,"enemies":"2 Thieves","floor":20,"turns":3},{"damage":2,"enemies":"Snake Plant","floor":22,"turns":3},{"damage":43,"enemies":"Slavers","floor":23,"turns":8},{"damage":26,"enemies":"Gremlin Leader","floor":25,"turns":5}],"seed_played":"-6275208228790394484","potions_obtained":[{"floor":5,"key":"SmokeBomb"},{"floor":6,"key":"Energy Potion"},{"floor":14,"key":"GamblersBrew"},{"floor":16,"key":"Regen Potion"}],"is_trial":false,"path_per_floor":["M","$","?","?","M","E","R","M","T","E","R","?","M","E","R","B",null,"M","$","M","?","M","E","R","E"],"character_chosen":"DEFECT","items_purchased":["Gash","Coolheaded","Matryoshka"],"campfire_rested":2,"item_purchase_floors":[2,2,19],"current_hp_per_floor":[50,50,67,67,67,65,65,65,65,40,40,33,23,18,38,36,60,59,59,46,46,44,1,21,0],"gold":84,"neow_bonus":"TWO_FIFTY_GOLD","is_prod":false,"is_daily":false,"chose_seed":false,"campfire_upgraded":2,"win_rate":0,"timestamp":1550761481,"path_taken":["M","$","?","?","M","E","R","?","T","E","R","?","M","E","R","BOSS","M","$","M","?","M","E","R","E"],"build_version":"2019-01-23","purchased_purges":2,"victory":false,"max_hp_per_floor":[71,68,68,68,68,68,68,68,68,68,68,68,68,68,68,68,68,68,68,68,68,68,68,68,68],"card_choices":[{"not_picked":["Turbo","Rebound"],"picked":"Gash","floor":1},{"not_picked":["Rebound","Turbo"],"picked":"Glacier","floor":5},{"not_picked":["Leap","Meteor Strike"],"picked":"Coolheaded","floor":6},{"not_picked":["Rebound","Stack","Hologram"],"picked":"SKIP","floor":8},{"not_picked":["Darkness","Turbo"],"picked":"Fission","floor":10},{"not_picked":["White Noise","Ball Lightning"],"picked":"Capacitor","floor":13},{"not_picked":["Lockon","Recycle","Go for the Eyes"],"picked":"SKIP","floor":14},{"not_picked":["Creative AI","Core Surge"],"picked":"Echo Form","floor":16},{"not_picked":["Undo","Ball Lightning+1"],"picked":"Tempest+1","floor":18},{"not_picked":["Compile Driver","Conserve Battery","Tempest"],"picked":"SKIP","floor":20},{"not_picked":["Ball Lightning","Aggregate","Scrape"],"picked":"SKIP","floor":22},{"not_picked":["Aggregate","Hologram"],"picked":"Defragment","floor":23}],"player_experience":1716578,"relics_obtained":[{"floor":6,"key":"Pen Nib"},{"floor":9,"key":"Centennial Puzzle"},{"floor":10,"key":"Shuriken"},{"floor":14,"key":"Boot"},{"floor":23,"key":"Orichalcum"}],"event_choices":[{"damage_healed":17,"gold_gain":0,"player_choice":"Healed","damage_taken":0,"max_hp_gain":0,"max_hp_loss":0,"event_name":"The Cleric","floor":3,"gold_loss":35},{"cards_removed":["Defend_B"],"damage_healed":0,"gold_gain":0,"player_choice":"Purged","damage_taken":0,"max_hp_gain":0,"max_hp_loss":0,"event_name":"Purifier","floor":4,"gold_loss":0},{"cards_removed":["Defend_B"],"damage_healed":0,"gold_gain":0,"player_choice":"Card Removal","damage_taken":7,"max_hp_gain":0,"max_hp_loss":0,"event_name":"Golden Wing","floor":12,"gold_loss":0},{"damage_healed":0,"gold_gain":0,"player_choice":"Ignored","damage_taken":0,"max_hp_gain":0,"max_hp_loss":0,"event_name":"The Mausoleum","floor":21,"gold_loss":0}],"is_beta":false,"boss_relics":[{"not_picked":["White Beast Statue","Tiny House"],"picked":"Fusion Hammer"}],"items_purged_floors":[2,19],"is_endless":false,"potions_floor_spawned":[5,6,14,16,18],"killed_by":"Gremlin Leader","ascension_level":20}