{"gold_per_floor":[116,116,191,2,2,36,91,91,91,138,152,48,48,78,78,157,157,172,172,21,21,34,52,83,95,107,119,141,182,194,216,228,314,326,354,391,419,446,458,501,513,552,632,663,701,713,739,48,48,48,48,48,48,48,80,80],"floor_reached":57,"playtime":3245,"items_purged":["Defend_B","Defend_B"],"score":3043,"play_id":"f9dcfb2e-3b0d-44fa-ad5d-3775cf3430d3","local_time":"20190220182539","is_ascension_mode":true,"campfire_choices":[{"data":"Loop","floor":8,"key":"SMITH"},{"data":"Zap","floor":15,"key":"SMITH"},{"data":"Chill","floor":25,"key":"SMITH"},{"data":"Bandage Up","floor":30,"key":"SMITH"},{"data":"Defragment","floor":32,"key":"SMITH"},{"floor":41,"key":"REST"},{"floor":46,"key":"REST"},{"floor":49,"key":"RECALL"},{"data":"Biased Cognition","floor":53,"key":"SMITH"}],"neow_cost":"NONE","seed_source_timestamp":20872649748200,"circlet_count":0,"master_deck":["AscendersBane","Defend_B","Defend_B","Zap+1","Dualcast","Conserve Battery","Bandage Up+1","Loop+1","Glacier","Coolheaded","Electrodynamics","Bite","Bite","Bite","Bite","Bite","Cold Snap","Pain","Chill+1","Redo+1","White Noise","Reboot+1","Defragment+1","Biased Cognition+1","Doubt","Clumsy","Doubt","Cold Snap","Coolheaded+1","BootSequence+1","Core Surge","Coolheaded+1","Turbo+1","Defragment","Blizzard"],"relics":["Cracked Core","NeowsBlessing","Bag of Preparation","Symbiotic Virus","Darkstone Periapt","Boot","Pantograph","Philosopher\u0027s Stone","WarpedTongs","MawBank","Matryoshka","Toxic Egg 2","Calling Bell","Potion Belt","Blue Candle","Dead Branch","Ancient Tea Set","Regal Pillow","Torii","Bag of Marbles","Cables","Orichalcum","OrangePellets","Bronze Scales","Art of War","Du-Vu Doll"],"potions_floor_usage":[14,29,33,33,33,40,45,56,56,56,56],"damage_taken":[{"damage":0,"enemies":"Cultist","floor":1,"turns":1},{"damage":0,"enemies":"3 Sentries","floor":6,"turns":1},{"damage":0,"enemies":"Lagavulin Event","floor":7,"turns":1},{"damage":0,"enemies":"Jaw Worm","floor":11,"turns":3},{"damage":13,"enemies":"Lagavulin","floor":14,"turns":4},{"damage":18,"enemies":"Slime Boss","floor":16,"turns":8},{"damage":0,"enemies":"Spheric Guardian","floor":18,"turns":3},{"damage":10,"enemies":"Chosen","floor":22,"turns":4},{"damage":50,"enemies":"Snake Plant","floor":23,"turns":4},{"damage":32,"enemies":"Gremlin Leader","floor":24,"turns":8},{"damage":0,"enemies":"Sentry and Sphere","floor":28,"turns":1},{"damage":5,"enemies":"Slavers","floor":29,"turns":3},{"damage":12,"enemies":"Centurion and Healer","floor":31,"turns":6},{"damage":69,"enemies":"Champ","floor":33,"turns":9},{"damage":18,"enemies":"3 Darklings","floor":35,"turns":5},{"damage":3,"enemies":"3 Shapes","floor":37,"turns":3},{"damage":4,"enemies":"Jaw Worm Horde","floor":38,"turns":4},{"damage":76,"enemies":"Nemesis","floor":40,"turns":11},{"damage":65,"enemies":"Giant Head","floor":42,"turns":10},{"damage":4,"enemies":"Maw","floor":44,"turns":9},{"damage":54,"enemies":"Reptomancer","floor":45,"turns":7},{"damage":8,"enemies":"Writhing Mass","floor":47,"turns":4},{"damage":26,"enemies":"Donu and Deca","floor":50,"turns":8},{"damage":3,"enemies":"Time Eater","floor":51,"turns":17},{"damage":6,"enemies":"Shield and Spear","floor":55,"turns":8},{"damage":70,"enemies":"The Heart","floor":56,"turns":10}],"seed_played":"-2301152398301484246","potions_obtained":[{"floor":1,"key":"SkillPotion"},{"floor":7,"key":"EssenceOfSteel"},{"floor":16,"key":"EntropicBrew"},{"floor":18,"key":"LiquidBronze"},{"floor":23,"key":"Fire Potion"},{"floor":31,"key":"Dexterity Potion"},{"floor":33,"key":"PowerPotion"},{"floor":40,"key":"PowerPotion"},{"floor":42,"key":"FearPotion"},{"floor":47,"key":"SkillPotion"},{"floor":55,"key":"PowerPotion"}],"is_trial":false,"path_per_floor":["M","$","?","$","?","E","?","R","T","T","M","$","T","E","R","B",null,"M","?","$","?","M","M","E","R","T","$","M","E","R","M","R","B",null,"M","T","M","M","?","E","R","E","T","M","E","R","M","$","R","B","B",null,"R","$","E","B",null],"character_chosen":"DEFECT","items_purchased":["Bandage Up","Loop","Coolheaded","Cold Snap","OrangePellets","Bronze Scales","Defragment","Art of War","Blizzard"],"campfire_rested":2,"item_purchase_floors":[4,4,12,20,48,48,48,48,48],"current_hp_per_floor":[64,64,53,53,53,53,53,53,53,53,59,59,59,52,52,53,67,71,71,71,77,77,42,40,40,40,40,40,53,53,65,65,52,89,85,85,85,95,95,37,80,48,48,62,32,75,80,80,80,79,95,95,95,95,95,64],"gold":80,"neow_bonus":"THREE_ENEMY_KILL","is_prod":false,"is_daily":false,"chose_seed":false,"campfire_upgraded":6,"win_rate":0,"timestamp":1550654739,"path_taken":["M","$","?","$","?","E","?","R","T","?","?","?","?","E","R","BOSS","M","?","$","?","M","M","E","R","T","$","?","E","R","M","R","BOSS","M","?","M","?","?","E","R","E","T","M","E","R","M","$","R","BOSS","BOSS","R","$","E","BOSS"],"build_version":"2019-01-23","purchased_purges":2,"victory":true,"max_hp_per_floor":[71,71,71,71,71,71,71,71,71,71,71,71,71,71,71,71,71,71,71,71,77,77,77,77,77,77,77,77,77,77,77,77,77,95,95,95,95,95,95,95,95,95,95,95,95,95,95,95,95,95,95,95,95,95,95,95],"card_choices":[{"not_picked":["Lockon","Reinforced Body"],"picked":"Conserve Battery","floor":1},{"not_picked":["Double Energy","Conserve Battery"],"picked":"Ball Lightning","floor":6},{"not_picked":["Rebound","Hyperbeam"],"picked":"Glacier","floor":7},{"not_picked":["Lockon","Barrage","Heatsinks"],"picked":"SKIP","floor":11},{"not_picked":["Rebound","Amplify","Stack"],"picked":"SKIP","floor":14},{"not_picked":["Fission","Seek"],"picked":"Electrodynamics","floor":16},{"not_picked":["Hello World","Reprogram","Stack"],"picked":"SKIP","floor":18},{"not_picked":["Leap","Rip and Tear","Streamline"],"picked":"SKIP","floor":22},{"not_picked":["Leap","Rip and Tear","Streamline"],"picked":"SKIP","floor":22},{"not_picked":["Compile Driver","Rebound"],"picked":"Chill","floor":23},{"not_picked":["Rainbow","Melter"],"picked":"Redo+1","floor":24},{"not_picked":["Redo","Darkness"],"picked":"White Noise","floor":28},{"not_picked":["Hologram+1","Coolheaded"],"picked":"Reboot","floor":29},{"not_picked":["Fusion+1","Conserve Battery+1"],"picked":"Defragment","floor":31},{"not_picked":["Machine Learning","All For One"],"picked":"Biased Cognition","floor":33},{"not_picked":["Go for the Eyes","Melter"],"picked":"Cold Snap","floor":35},{"not_picked":["Stack+1","Go for the Eyes"],"picked":"Coolheaded+1","floor":37},{"not_picked":["Sweeping Beam","Cold Snap"],"picked":"BootSequence+1","floor":38},{"not_picked":["Rip and Tear","Leap+1"],"picked":"Core Surge","floor":40},{"not_picked":["Beam Cell","Storm"],"picked":"Coolheaded+1","floor":42},{"not_picked":["FTL","Compile Driver","Ball Lightning+1"],"picked":"SKIP","floor":44},{"not_picked":["Barrage+1","Gash"],"picked":"Turbo+1","floor":45},{"not_picked":["Undo+1","Tempest+1","Leap+1"],"picked":"SKIP","floor":47},{"not_picked":["Storm","Meteor Strike","Gash"],"picked":"SKIP","floor":55}],"player_experience":1678369,"relics_obtained":[{"floor":6,"key":"Bag of Preparation"},{"floor":9,"key":"Darkstone Periapt"},{"floor":10,"key":"Blood Vial"},{"floor":13,"key":"Boot"},{"floor":14,"key":"Pantograph"},{"floor":24,"key":"MawBank"},{"floor":26,"key":"Matryoshka"},{"floor":29,"key":"Toxic Egg 2"},{"floor":34,"key":"Potion Belt"},{"floor":34,"key":"Blue Candle"},{"floor":34,"key":"Dead Branch"},{"floor":36,"key":"Ancient Tea Set"},{"floor":40,"key":"Regal Pillow"},{"floor":42,"key":"Torii"},{"floor":43,"key":"Bag of Marbles"},{"floor":43,"key":"Cables"},{"floor":45,"key":"Orichalcum"},{"floor":55,"key":"Du-Vu Doll"}],"event_choices":[{"damage_healed":0,"gold_gain":75,"player_choice":"Gather Gold","damage_taken":11,"max_hp_gain":0,"max_hp_loss":0,"event_name":"World of Goop","floor":3,"gold_loss":0},{"damage_healed":0,"gold_gain":0,"player_choice":"Leave","damage_taken":0,"max_hp_gain":0,"max_hp_loss":0,"event_name":"The Cleric","floor":5,"gold_loss":0},{"damage_healed":0,"gold_gain":0,"player_choice":"Searched \u00272\u0027 times","damage_taken":0,"relics_obtained":["Symbiotic Virus"],"max_hp_gain":0,"max_hp_loss":0,"event_name":"Dead Adventurer","floor":7,"gold_loss":0},{"damage_healed":0,"gold_gain":0,"player_choice":"Became a vampire (Vial)","damage_taken":0,"max_hp_gain":0,"max_hp_loss":0,"event_name":"Vampires","floor":19,"relics_lost":["Blood Vial"],"gold_loss":0,"cards_obtained":["Bite","Bite","Bite","Bite","Bite"]},{"damage_healed":0,"gold_gain":0,"player_choice":"Rummage","damage_taken":0,"relics_obtained":["WarpedTongs"],"max_hp_gain":0,"max_hp_loss":0,"event_name":"Accursed Blacksmith","floor":21,"gold_loss":0,"cards_obtained":["Pain"]},{"cards_removed":["Ball Lightning"],"damage_healed":0,"gold_gain":0,"player_choice":"Removed Attack","damage_taken":0,"max_hp_gain":0,"max_hp_loss":0,"event_name":"Falling","floor":39,"gold_loss":0}],"is_beta":false,"boss_relics":[{"not_picked":["Busted Crown","Ectoplasm"],"picked":"Philosopher\u0027s Stone"},{"not_picked":["Tiny House","Velvet Choker"],"picked":"Calling Bell"}],"items_purged_floors":[12,20],"is_endless":false,"potions_floor_spawned":[1,7,16,18,23,31,33,40,42,47,55],"ascension_level":20}