{"gold_per_floor":[117,133,147,72,72,72,103,103,103,103,114,133,7,7,7,80,80,91,16,30,30,30,30,65,65,65,79,79],"floor_reached":28,"playtime":463,"items_purged":[],"score":472,"play_id":"1f7d3107-54f6-43b9-908f-7da80c85662e","local_time":"20190320221815","is_ascension_mode":true,"campfire_choices":[{"data":"Streamline","floor":6,"key":"SMITH"},{"data":"Consume","floor":8,"key":"SMITH"},{"floor":10,"key":"REST"},{"data":"Defragment","floor":15,"key":"SMITH"},{"floor":23,"key":"REST"},{"data":"Electrodynamics","floor":25,"key":"SMITH"}],"neow_cost":"NONE","seed_source_timestamp":99585212976100,"circlet_count":0,"master_deck":["AscendersBane","Strike_B","Strike_B","Strike_B","Defend_B","Defend_B","Defend_B","Zap","Dualcast","Streamline+1","Consume+1","Electrodynamics+1","Defragment","Defragment+1","Cold Snap","Echo Form","Coolheaded","Loop","Echo Form","Capacitor","Capacitor+1"],"relics":["Cracked Core","NeowsBlessing","Matryoshka","Emotion Chip","Bronze Scales","Bottled Lightning","Vajra","Regal Pillow","Snecko Eye","Cables"],"potions_floor_usage":[24,28,28],"damage_taken":[{"damage":0,"enemies":"Cultist","floor":1,"turns":1},{"damage":0,"enemies":"Small Slimes","floor":2,"turns":1},{"damage":0,"enemies":"2 Louse","floor":3,"turns":1},{"damage":25,"enemies":"Lagavulin","floor":7,"turns":6},{"damage":14,"enemies":"Exordium Thugs","floor":11,"turns":4},{"damage":0,"enemies":"Lots of Slimes","floor":12,"turns":1},{"damage":12,"enemies":"Hexaghost","floor":16,"turns":6},{"damage":5,"enemies":"Spheric Guardian","floor":18,"turns":3},{"damage":14,"enemies":"3 Byrds","floor":20,"turns":1},{"damage":20,"enemies":"Book of Stabbing","floor":24,"turns":4},{"damage":43,"enemies":"Snake Plant","floor":27,"turns":2},{"damage":9,"enemies":"Shelled Parasite and Fungi","floor":28,"turns":1}],"seed_played":"-44141218716949615","potions_obtained":[{"floor":1,"key":"Explosive Potion"},{"floor":11,"key":"Dexterity Potion"},{"floor":27,"key":"SpeedPotion"}],"is_trial":false,"path_per_floor":["M","M","M","?","?","R","E","R","T","R","M","M","$","T","R","B",null,"M","?","M","$","?","R","E","R","T","M","M"],"character_chosen":"DEFECT","items_purchased":["Defragment","Cold Snap"],"campfire_rested":2,"item_purchase_floors":[13,13],"current_hp_per_floor":[64,64,64,64,38,38,13,13,13,34,20,20,20,20,20,8,55,50,50,36,36,36,71,51,51,51,8,0],"gold":79,"neow_bonus":"THREE_ENEMY_KILL","is_prod":false,"is_daily":false,"chose_seed":false,"campfire_upgraded":4,"win_rate":0,"timestamp":1553087895,"path_taken":["M","?","M","?","?","R","E","R","T","R","?","M","$","?","R","BOSS","M","?","?","?","?","R","E","R","T","M","?"],"build_version":"2019-01-23","purchased_purges":0,"victory":false,"max_hp_per_floor":[71,71,71,71,71,71,71,71,71,71,71,71,71,71,71,71,71,71,71,71,71,71,71,71,71,71,71,71],"card_choices":[{"not_picked":["FTL","Turbo","Beam Cell"],"picked":"SKIP","floor":1},{"not_picked":["Rip and Tear","Beam Cell"],"picked":"Streamline","floor":2},{"not_picked":["Sweeping Beam","Melter"],"picked":"Consume","floor":3},{"not_picked":["Beam Cell","Auto Shields"],"picked":"Electrodynamics","floor":7},{"not_picked":["Scrape","Tempest"],"picked":"Defragment","floor":11},{"not_picked":["Barrage","Hologram","Steam"],"picked":"SKIP","floor":12},{"not_picked":["Multi-Cast","Meteor Strike"],"picked":"Echo Form","floor":16},{"not_picked":["Compile Driver","Barrage"],"picked":"Coolheaded","floor":18},{"not_picked":["Ball Lightning","Stack"],"picked":"Loop","floor":20},{"not_picked":["Leap","Scrape+1"],"picked":"Capacitor","floor":24},{"not_picked":["Rebound","Sunder"],"picked":"Capacitor+1","floor":27}],"player_experience":2428509,"relics_obtained":[{"floor":7,"key":"Emotion Chip"},{"floor":9,"key":"Bronze Scales"},{"floor":9,"key":"Bottled Lightning"},{"floor":14,"key":"Vajra"},{"floor":14,"key":"Regal Pillow"},{"floor":24,"key":"Cables"}],"event_choices":[{"cards_removed":["Defend_B"],"damage_healed":0,"gold_gain":0,"player_choice":"Card Removal","damage_taken":0,"max_hp_gain":0,"max_hp_loss":0,"event_name":"The Cleric","floor":4,"gold_loss":75},{"damage_healed":0,"gold_gain":0,"player_choice":"Success","damage_taken":26,"relics_obtained":["Matryoshka"],"max_hp_gain":0,"max_hp_loss":0,"event_name":"Scrap Ooze","floor":5,"gold_loss":0},{"cards_removed":["Strike_B"],"damage_healed":0,"gold_gain":0,"player_choice":"Single Remove","damage_taken":0,"max_hp_gain":0,"max_hp_loss":0,"event_name":"Designer","floor":19,"gold_loss":75},{"damage_healed":0,"gold_gain":0,"player_choice":"Copied","damage_taken":0,"max_hp_gain":0,"max_hp_loss":0,"event_name":"Duplicator","floor":22,"gold_loss":0,"cards_obtained":["Echo Form"]}],"is_beta":false,"boss_relics":[{"not_picked":["FrozenCore","Orrery"],"picked":"Snecko Eye"}],"items_purged_floors":[],"is_endless":false,"potions_floor_spawned":[1,11,16,27],"killed_by":"Shelled Parasite and Fungi","ascension_level":20}