{"gold_per_floor":[113,38,38,54,66,66,341,354,354,354,404,114,132,148,148,222,222,236,236,250,0,11,11,11,11,11,11,11],"floor_reached":28,"playtime":1199,"items_purged":["Regret"],"score":516,"play_id":"2cdbd072-7b27-479d-9c3a-ca0659e57bfd","local_time":"20190309220130","is_ascension_mode":true,"campfire_choices":[{"data":"Entrench","floor":6,"key":"SMITH"},{"data":"Bash","floor":10,"key":"SMITH"},{"data":"Thunderclap","floor":15,"key":"SMITH"},{"floor":23,"key":"REST"},{"data":"Barricade","floor":25,"key":"SMITH"},{"data":"True Grit","floor":27,"key":"SMITH"}],"neow_cost":"NONE","seed_source_timestamp":41642827313200,"circlet_count":0,"master_deck":["AscendersBane","Strike_R","Defend_R","Defend_R","Defend_R","Bash+1","Disarm","Entrench+1","Battle Trance","True Grit+1","Flame Barrier","Thunderclap+1","Barricade+1","Pommel Strike+1","Wild Strike+1","Entrench","Feel No Pain"],"relics":["Burning Blood","NeowsBlessing","Kunai","Potion Belt","Astrolabe","Singing Bowl"],"potions_floor_usage":[16,16,16,16,16,22,22,22,28],"damage_taken":[{"damage":0,"enemies":"2 Louse","floor":1,"turns":1},{"damage":0,"enemies":"Small Slimes","floor":4,"turns":1},{"damage":0,"enemies":"Cultist","floor":5,"turns":1},{"damage":45,"enemies":"2 Fungi Beasts","floor":8,"turns":8},{"damage":4,"enemies":"Red Slaver","floor":13,"turns":8},{"damage":9,"enemies":"Large Slime","floor":14,"turns":8},{"damage":0,"enemies":"Slime Boss","floor":16,"turns":8},{"damage":24,"enemies":"2 Thieves","floor":18,"turns":3},{"damage":44,"enemies":"Shell Parasite","floor":20,"turns":18},{"damage":19,"enemies":"Shelled Parasite and Fungi","floor":22,"turns":24},{"damage":56,"enemies":"Centurion and Healer","floor":28,"turns":11}],"seed_played":"-4512532745680167329","potions_obtained":[{"floor":1,"key":"Energy Potion"},{"floor":8,"key":"EntropicBrew"},{"floor":13,"key":"SneckoOil"},{"floor":18,"key":"Explosive Potion"}],"is_trial":false,"path_per_floor":["M","?","?","M","M","R","?","M","T","R","?","$","M","M","R","B",null,"M","?","M","$","M","R","?","R","T","R","M"],"character_chosen":"IRONCLAD","items_purchased":["Potion Belt","True Grit","Entrench","Regen Potion","AttackPotion","Feel No Pain"],"campfire_rested":1,"item_purchase_floors":[12,12,21,21,21,21],"current_hp_per_floor":[74,74,74,75,75,75,75,36,36,36,29,29,31,28,28,34,65,47,47,9,9,11,33,75,75,75,75,19],"gold":11,"neow_bonus":"THREE_ENEMY_KILL","is_prod":false,"is_daily":false,"chose_seed":false,"campfire_upgraded":5,"win_rate":0,"timestamp":1552136490,"path_taken":["M","?","?","?","M","R","?","?","T","R","?","$","?","M","R","BOSS","M","?","M","$","M","R","?","R","T","R","?"],"build_version":"2019-01-23","purchased_purges":1,"victory":false,"max_hp_per_floor":[75,75,75,75,75,75,75,75,75,75,75,75,75,75,75,75,75,75,75,75,75,75,75,75,75,75,75,75],"card_choices":[{"not_picked":["Pummel","Armaments","Headbutt"],"picked":"SKIP","floor":1},{"not_picked":["Flex","Warcry"],"picked":"Disarm","floor":4},{"not_picked":["Thunderclap","True Grit"],"picked":"Entrench","floor":5},{"not_picked":["Cleave","Iron Wave"],"picked":"Battle Trance","floor":8},{"not_picked":["Reckless Charge","Clash"],"picked":"Flame Barrier","floor":13},{"not_picked":["Corruption","Wild Strike"],"picked":"Thunderclap","floor":14},{"not_picked":["Feed","Berserk"],"picked":"Barricade","floor":16},{"not_picked":["Bloodletting","Thunderclap","Combust"],"picked":"SKIP","floor":18},{"not_picked":["Rage","True Grit","Sword Boomerang"],"picked":"SKIP","floor":20},{"not_picked":["Reckless Charge","Sever Soul","Brutality"],"picked":"SKIP","floor":22}],"player_experience":2114662,"relics_obtained":[{"floor":9,"key":"Kunai"},{"floor":26,"key":"Singing Bowl"}],"event_choices":[{"cards_removed":["Strike_R"],"damage_healed":0,"gold_gain":0,"player_choice":"Card Removal","damage_taken":0,"max_hp_gain":0,"max_hp_loss":0,"event_name":"The Cleric","floor":2,"gold_loss":75},{"cards_removed":["Strike_R"],"damage_healed":0,"gold_gain":0,"player_choice":"Purged","damage_taken":0,"max_hp_gain":0,"max_hp_loss":0,"event_name":"Purifier","floor":3,"gold_loss":0},{"damage_healed":0,"gold_gain":275,"player_choice":"Desecrate","damage_taken":0,"max_hp_gain":0,"max_hp_loss":0,"event_name":"Golden Shrine","floor":7,"gold_loss":0,"cards_obtained":["Regret"]},{"damage_healed":0,"gold_gain":50,"player_choice":"Touch","damage_taken":7,"max_hp_gain":0,"max_hp_loss":0,"event_name":"FaceTrader","floor":11,"gold_loss":0},{"damage_healed":0,"gold_gain":0,"player_choice":"Ignored","damage_taken":0,"max_hp_gain":0,"max_hp_loss":0,"event_name":"The Mausoleum","floor":19,"gold_loss":0},{"cards_removed":["Combust"],"damage_healed":42,"gold_gain":0,"player_choice":"Offered Uncommon","damage_taken":0,"max_hp_gain":0,"max_hp_loss":0,"event_name":"Bonfire Elementals","floor":24,"gold_loss":0}],"is_beta":false,"boss_relics":[{"not_picked":["Lizard Tail","Eternal Feather"],"picked":"Astrolabe"}],"items_purged_floors":[12],"is_endless":false,"potions_floor_spawned":[1,8,13,18],"killed_by":"Centurion and Healer","ascension_level":20}