{"path_per_floor":["M","M","?","M","M","R","E","R","T","M","E","M","R","M","R","B",null,"M","$","M","?","M","R"],"character_chosen":"DEFECT","items_purchased":["Echo Form"],"gold_per_floor":[117,132,132,147,167,167,193,193,216,227,254,267,267,284,284,387,387,402,173,191,191,211,211,211],"floor_reached":24,"campfire_rested":0,"playtime":1290,"current_hp_per_floor":[67,66,66,64,52,52,35,35,35,35,33,21,21,21,21,21,79,72,72,62,46,38,38,0],"items_purged":["Strike_B"],"gold":211,"score":299,"play_id":"5b5edca7-9561-4075-928c-61dc7c98b55d","local_time":"20180505153321","is_prod":false,"is_daily":false,"chose_seed":false,"is_ascension_mode":true,"campfire_upgraded":5,"timestamp":1525505601,"path_taken":["M","M","?","M","M","R","E","R","T","M","E","?","R","M","R","BOSS","M","$","M","?","M","R","E"],"build_version":"2018-05-03","seed_source_timestamp":712053846530826,"purchased_purges":1,"victory":false,"master_deck":["Strike_B","Strike_B","Strike_B","Defend_B","Defend_B","Defend_B","Defend_B","Zap+1","Dualcast+1","Hello World","Leap","Auto Shields","FTL","Doom and Gloom+1","Hologram+1","Streamline","Fusion+1","Echo Form","Necronomicurse"],"max_hp_per_floor":[75,75,75,75,75,75,75,75,75,75,77,79,79,79,79,79,79,81,81,83,83,85,85,85],"relics":["Cracked Core","Lantern","Bronze Scales","Singing Bowl","Nuclear Battery","Necronomicon"],"card_choices":[{"not_picked":["Impulse","Rebound"],"picked":"Auto Shields","floor":4},{"not_picked":["Leap","Streamline"],"picked":"FTL","floor":5},{"not_picked":["Beam Cell","Seek"],"picked":"Doom and Gloom","floor":7},{"not_picked":["Coolheaded","Skim"],"picked":"Hologram","floor":10},{"not_picked":["Leap","Stack"],"picked":"Streamline","floor":14},{"not_picked":["Echo Form","Thunder Strike"],"picked":"Fusion","floor":16}],"player_experience":340857,"potions_floor_usage":[7,11,16,16,24],"damage_taken":[{"damage":8,"enemies":"Jaw Worm","floor":1,"turns":4},{"damage":1,"enemies":"Cultist","floor":2,"turns":3},{"damage":2,"enemies":"2 Louse","floor":4,"turns":3},{"damage":12,"enemies":"Lots of Slimes","floor":5,"turns":6},{"damage":17,"enemies":"Gremlin Nob","floor":7,"turns":5},{"damage":0,"enemies":"Large Slime","floor":10,"turns":4},{"damage":4,"enemies":"3 Sentries","floor":11,"turns":3},{"damage":14,"enemies":"3 Louse","floor":12,"turns":2},{"damage":0,"enemies":"Blue Slaver","floor":14,"turns":3},{"damage":0,"enemies":"Slime Boss","floor":16,"turns":6},{"damage":9,"enemies":"Shell Parasite","floor":18,"turns":3},{"damage":12,"enemies":"2 Thieves","floor":20,"turns":4},{"damage":10,"enemies":"Snake Plant","floor":22,"turns":2},{"damage":44,"enemies":"Slavers","floor":24,"turns":3}],"event_choices":[{"event_name":"Match and Keep!","player_choice":"2 cards matched","floor":3,"damage_taken":0},{"event_name":"Cursed Tome","player_choice":"Obtained Book","floor":21,"damage_taken":0}],"boss_relics":[{"not_picked":["Tiny House","Pandora\u0027s Box"],"picked":"Nuclear Battery"}],"potions_floor_spawned":[1,2,7,11,14,22],"seed_played":"5043577433861403682","killed_by":"Slavers","ascension_level":3,"is_trial":false}