{"gold_per_floor":[112,25,39,39,39,67,131,131,131,152,9,9,38,38,38,38],"floor_reached":16,"playtime":302,"items_purged":[],"score":258,"play_id":"2fe94f60-bd1b-4743-b3bc-1a3c86b43f21","local_time":"20190315135319","is_ascension_mode":true,"campfire_choices":[{"floor":8,"key":"REST"},{"floor":15,"key":"REST"}],"neow_cost":"NONE","seed_source_timestamp":100124235513200,"circlet_count":0,"master_deck":["AscendersBane","Strike_R","Strike_R","Strike_R","Strike_R","Strike_R","Defend_R","Defend_R","Defend_R","Defend_R","Bash","Feel No Pain","True Grit","Rampage","Disarm","Offering"],"relics":["Burning Blood","NeowsBlessing","Matryoshka","Pear","Turnip","Blood Vial","Ginger","Odd Mushroom","Mercury Hourglass"],"potions_floor_usage":[10,13,13],"damage_taken":[{"damage":0,"enemies":"Cultist","floor":1,"turns":1},{"damage":0,"enemies":"Jaw Worm","floor":3,"turns":1},{"damage":0,"enemies":"3 Sentries","floor":6,"turns":1},{"damage":66,"enemies":"Gremlin Nob","floor":7,"turns":6},{"damage":27,"enemies":"The Mushroom Lair","floor":10,"turns":5},{"damage":28,"enemies":"Lagavulin","floor":13,"turns":8},{"damage":32,"enemies":"The Guardian","floor":16,"turns":9}],"seed_played":"1886589317892800323","potions_obtained":[{"floor":7,"key":"SteroidPotion"},{"floor":10,"key":"Energy Potion"}],"is_trial":false,"path_per_floor":["M","$","M","?","T","E","?","R","T","?","$","?","E","$","R","B"],"character_chosen":"IRONCLAD","items_purchased":["Feel No Pain","Disarm","Explosive Potion"],"campfire_rested":2,"item_purchase_floors":[2,11,11],"current_hp_per_floor":[74,74,75,75,75,85,25,50,50,31,31,31,11,11,36,6],"gold":38,"neow_bonus":"THREE_ENEMY_KILL","is_prod":false,"is_daily":false,"chose_seed":false,"campfire_upgraded":0,"win_rate":0,"timestamp":1552625599,"path_taken":["M","$","M","?","?","E","?","R","T","?","$","?","E","$","R","BOSS"],"build_version":"2019-01-23","purchased_purges":0,"victory":false,"max_hp_per_floor":[75,75,75,75,75,85,85,85,85,85,85,85,85,85,85,85],"card_choices":[{"not_picked":["Anger","Combust","Cleave"],"picked":"SKIP","floor":1},{"not_picked":["Headbutt","Sever Soul"],"picked":"True Grit","floor":3},{"not_picked":["Body Slam","Berserk","Pommel Strike"],"picked":"SKIP","floor":6},{"not_picked":["Flame Barrier","Thunderclap"],"picked":"Rampage","floor":7},{"not_picked":["Havoc","Warcry"],"picked":"Offering","floor":13}],"player_experience":2285274,"relics_obtained":[{"floor":5,"key":"Matryoshka"},{"floor":6,"key":"Pear"},{"floor":7,"key":"Turnip"},{"floor":9,"key":"Blood Vial"},{"floor":9,"key":"Ginger"},{"floor":10,"key":"Odd Mushroom"},{"floor":13,"key":"Mercury Hourglass"}],"event_choices":[{"damage_healed":0,"gold_gain":0,"player_choice":"Ignored","damage_taken":0,"max_hp_gain":0,"max_hp_loss":0,"event_name":"Liars Game","floor":4,"gold_loss":0},{"damage_healed":0,"gold_gain":0,"player_choice":"Searched \u00272\u0027 times","damage_taken":0,"max_hp_gain":0,"max_hp_loss":0,"event_name":"Dead Adventurer","floor":7,"gold_loss":0},{"damage_healed":0,"gold_gain":0,"player_choice":"Fought Mushrooms","damage_taken":0,"max_hp_gain":0,"max_hp_loss":0,"event_name":"Mushrooms","floor":10,"gold_loss":0},{"damage_healed":0,"gold_gain":0,"player_choice":"Leave","damage_taken":0,"max_hp_gain":0,"max_hp_loss":0,"event_name":"The Cleric","floor":12,"gold_loss":0}],"is_beta":false,"boss_relics":[],"items_purged_floors":[],"is_endless":false,"potions_floor_spawned":[7,10],"killed_by":"The Guardian","ascension_level":20}