{"gold_per_floor":[111,131,131,146,158,187,187,203,229,229,259,269,301,313,313,313],"floor_reached":16,"playtime":352,"items_purged":[],"score":298,"play_id":"3b449526-ad29-40d8-94c9-31de6d7f83e6","local_time":"20190320193709","is_ascension_mode":true,"campfire_choices":[{"data":"Sunder","floor":7,"key":"SMITH"},{"data":"Seek","floor":15,"key":"SMITH"}],"neow_cost":"NONE","seed_source_timestamp":90031789859700,"circlet_count":0,"master_deck":["AscendersBane","Strike_B","Strike_B","Strike_B","Strike_B","Defend_B+1","Defend_B","Defend_B","Defend_B+1","Zap","Dualcast","Sunder+1","All For One","Echo Form","Seek+1"],"relics":["Cracked Core","NeowsBlessing","War Paint","Pen Nib","Centennial Puzzle","Anchor"],"potions_floor_usage":[6,6,12,16],"damage_taken":[{"damage":0,"enemies":"Cultist","floor":1,"turns":1},{"damage":0,"enemies":"2 Louse","floor":2,"turns":1},{"damage":0,"enemies":"Small Slimes","floor":4,"turns":1},{"damage":3,"enemies":"3 Louse","floor":5,"turns":2},{"damage":0,"enemies":"Gremlin Nob","floor":6,"turns":2},{"damage":0,"enemies":"2 Fungi Beasts","floor":8,"turns":2},{"damage":42,"enemies":"3 Sentries","floor":11,"turns":8},{"damage":4,"enemies":"Gremlin Gang","floor":12,"turns":5},{"damage":10,"enemies":"Lagavulin","floor":13,"turns":4},{"damage":0,"enemies":"Exordium Wildlife","floor":14,"turns":5},{"damage":0,"enemies":"Slime Boss","floor":16,"turns":3}],"seed_played":"7816180764138566026","potions_obtained":[{"floor":1,"key":"SteroidPotion"},{"floor":4,"key":"AttackPotion"},{"floor":11,"key":"Fire Potion"},{"floor":12,"key":"PowerPotion"}],"is_trial":false,"path_per_floor":["M","M","?","M","M","E","R","M","T","?","E","M","E","M","R","B"],"character_chosen":"DEFECT","items_purchased":[],"campfire_rested":0,"item_purchase_floors":[],"current_hp_per_floor":[64,64,64,64,61,61,61,61,61,61,19,15,5,5,5,5],"gold":313,"neow_bonus":"THREE_ENEMY_KILL","is_prod":false,"is_daily":false,"chose_seed":false,"campfire_upgraded":2,"win_rate":0,"timestamp":1553078229,"path_taken":["M","M","?","?","?","E","R","M","T","?","E","M","E","M","R","BOSS"],"build_version":"2019-01-23","purchased_purges":0,"victory":false,"max_hp_per_floor":[71,71,71,71,71,71,71,71,71,71,71,71,71,71,71,71],"card_choices":[{"not_picked":["Redo","Capacitor"],"picked":"Sunder","floor":1},{"not_picked":["Barrage","Rebound","Leap"],"picked":"SKIP","floor":2},{"not_picked":["Redo","Go for the Eyes","Conserve Battery"],"picked":"SKIP","floor":4},{"not_picked":["Gash","Steam","Leap"],"picked":"SKIP","floor":5},{"not_picked":["Redo","Gash"],"picked":"Echo Form","floor":6},{"not_picked":["Sweeping Beam","Compile Driver","Barrage"],"picked":"SKIP","floor":8},{"not_picked":["Steam","Streamline","Ball Lightning"],"picked":"SKIP","floor":11},{"not_picked":["Scrape","Ball Lightning","Rebound"],"picked":"SKIP","floor":12},{"not_picked":["Turbo","Fission"],"picked":"Seek","floor":13},{"not_picked":["Turbo","Leap","Auto Shields"],"picked":"SKIP","floor":14}],"player_experience":2419417,"relics_obtained":[{"floor":6,"key":"War Paint"},{"floor":9,"key":"Pen Nib"},{"floor":11,"key":"Centennial Puzzle"},{"floor":13,"key":"Anchor"}],"event_choices":[{"damage_healed":0,"gold_gain":0,"player_choice":"1 cards matched","damage_taken":0,"max_hp_gain":0,"max_hp_loss":0,"event_name":"Match and Keep!","floor":3,"gold_loss":0,"cards_obtained":["All For One"]},{"damage_healed":0,"gold_gain":0,"player_choice":"Ignored","damage_taken":0,"max_hp_gain":0,"max_hp_loss":0,"event_name":"Liars Game","floor":10,"gold_loss":0}],"is_beta":false,"boss_relics":[],"items_purged_floors":[],"is_endless":false,"potions_floor_spawned":[1,4,11,12],"killed_by":"Slime Boss","ascension_level":20}