{"gold_per_floor":[117,117,117,28,28,64,64,97,123,163,34,34,34,107,107,205,205,218,238,257,257,282,313,283,318,318,318,336,360,360,260,260,349,349,373,166,499,499,1498,1498,1528,1528,1528,735,749,762,351,367,367,367,367,367,367,65,96,96],"floor_reached":57,"playtime":2586,"items_purged":["Strike_R","Strike_R","Strike_R","Normality","Normality"],"score":3414,"play_id":"a7bd87ad-9205-4bea-b0b1-34228b1a19b9","local_time":"20190327154354","is_ascension_mode":true,"campfire_choices":[{"data":"Fiend Fire","floor":7,"key":"SMITH"},{"data":"Bash","floor":12,"key":"SMITH"},{"floor":15,"key":"REST"},{"data":"1","floor":27,"key":"LIFT"},{"data":"2","floor":30,"key":"LIFT"},{"data":"3","floor":32,"key":"LIFT"},{"data":"Feel No Pain","floor":40,"key":"SMITH"},{"floor":42,"key":"RECALL"},{"data":"Feel No Pain","floor":49,"key":"SMITH"},{"data":"Feel No Pain","floor":53,"key":"SMITH"}],"neow_cost":"NONE","seed_source_timestamp":45511839505500,"circlet_count":0,"master_deck":["AscendersBane","Defend_R","Defend_R","Defend_R","Defend_R","Bash+1","Spot Weakness","Feel No Pain+1","Fiend Fire+1","Second Wind+1","Armaments+1","Warcry+1","Barricade","Blood for Blood+1","Clothesline","Offering+1","Spot Weakness+1","Ghostly Armor+1","Limit Break+1","Impervious+1","Offering+1","Shrug It Off+1","Barricade","Parasite","True Grit+1","Impervious+1","Feel No Pain+1","Flame Barrier+1","Feel No Pain+1","Shockwave+1","Corruption"],"relics":["Burning Blood","NeowsBlessing","Toxic Egg 2","Strawberry","Ancient Tea Set","Oddly Smooth Stone","Mercury Hourglass","Charon\u0027s Ashes","Snecko Eye","Red Skull","Du-Vu Doll","Girya","Cursed Key","Happy Flower","Gambling Chip","Nunchaku","Orichalcum","Unceasing Top"],"potions_floor_usage":[10,16,33,56,56],"damage_taken":[{"damage":0,"enemies":"Small Slimes","floor":1,"turns":1},{"damage":0,"enemies":"Lagavulin","floor":6,"turns":1},{"damage":0,"enemies":"3 Sentries","floor":8,"turns":2},{"damage":16,"enemies":"Gremlin Nob","floor":10,"turns":5},{"damage":45,"enemies":"Lagavulin Event","floor":14,"turns":6},{"damage":0,"enemies":"The Guardian","floor":16,"turns":7},{"damage":5,"enemies":"2 Thieves","floor":18,"turns":3},{"damage":0,"enemies":"Chosen","floor":19,"turns":2},{"damage":3,"enemies":"Centurion and Healer","floor":20,"turns":4},{"damage":0,"enemies":"Shelled Parasite and Fungi","floor":22,"turns":2},{"damage":0,"enemies":"Slavers","floor":23,"turns":3},{"damage":6,"enemies":"Gremlin Leader","floor":25,"turns":4},{"damage":6,"enemies":"3 Cultists","floor":28,"turns":3},{"damage":0,"enemies":"Sentry and Sphere","floor":29,"turns":2},{"damage":19,"enemies":"Collector","floor":33,"turns":6},{"damage":6,"enemies":"Orb Walker","floor":35,"turns":1},{"damage":6,"enemies":"Giant Head","floor":41,"turns":5},{"damage":6,"enemies":"3 Darklings","floor":45,"turns":7},{"damage":6,"enemies":"Transient","floor":46,"turns":6},{"damage":6,"enemies":"Sphere and 2 Shapes","floor":48,"turns":2},{"damage":12,"enemies":"Awakened One","floor":50,"turns":7},{"damage":6,"enemies":"Time Eater","floor":51,"turns":12},{"damage":12,"enemies":"Shield and Spear","floor":55,"turns":6},{"damage":20,"enemies":"The Heart","floor":56,"turns":6}],"seed_played":"-7780347262302023194","potions_obtained":[{"floor":1,"key":"PowerPotion"},{"floor":8,"key":"Weak Potion"},{"floor":22,"key":"Block Potion"},{"floor":24,"key":"Strength Potion"},{"floor":25,"key":"Dexterity Potion"},{"floor":33,"key":"Weak Potion"},{"floor":48,"key":"SkillPotion"}],"is_trial":false,"path_per_floor":["M","?","T","$","?","E","R","E","T","E","$","R","?","?","R","B",null,"M","M","M","?","M","E","?","E","T","R","M","M","R","$","R","B",null,"M","$","?","?","?","R","E","R","T","$","M","M","$","M","R","B","B",null,"R","$","E","B",null],"character_chosen":"IRONCLAD","items_purchased":["Feel No Pain","Armaments+1","PowerPotion","Shrug It Off+1","Gambling Chip","Nunchaku","Impervious+1","Feel No Pain","Flame Barrier+1","PowerPotion","Shockwave+1","Orichalcum"],"campfire_rested":1,"item_purchase_floors":[4,11,36,36,44,44,47,47,47,54,54,54],"current_hp_per_floor":[74,48,48,48,48,61,61,67,67,57,57,57,62,23,49,55,79,80,86,87,87,87,87,87,87,87,87,87,87,87,87,87,74,84,84,84,84,84,84,84,84,84,84,84,84,84,84,84,84,78,78,85,85,85,79,65],"gold":96,"neow_bonus":"THREE_ENEMY_KILL","is_prod":false,"is_daily":false,"chose_seed":false,"campfire_upgraded":5,"win_rate":0,"timestamp":1553669034,"path_taken":["M","?","?","$","?","E","R","E","T","E","$","R","?","?","R","BOSS","M","M","M","?","?","E","?","E","T","R","M","M","R","?","R","BOSS","M","$","?","?","?","R","E","R","T","$","M","M","$","M","R","BOSS","BOSS","R","$","E","BOSS"],"build_version":"2019-01-23","purchased_purges":5,"victory":true,"max_hp_per_floor":[75,75,75,75,75,82,82,82,82,82,82,82,87,87,87,87,87,87,87,87,87,87,87,87,87,87,87,87,87,87,87,87,87,87,87,87,87,87,87,87,87,87,87,87,87,87,87,87,87,87,87,87,87,87,87,87],"card_choices":[{"not_picked":["Headbutt","Flame Barrier"],"picked":"Spot Weakness","floor":1},{"not_picked":["Clothesline","Combust"],"picked":"Fiend Fire","floor":6},{"not_picked":["Anger","Cleave"],"picked":"Second Wind+1","floor":8},{"not_picked":["Pommel Strike","Perfected Strike","Metallicize"],"picked":"SKIP","floor":10},{"not_picked":["Twin Strike","Clash"],"picked":"Warcry+1","floor":14},{"not_picked":["Bludgeon","Limit Break+1"],"picked":"Barricade","floor":16},{"not_picked":["Headbutt+1","Sword Boomerang"],"picked":"Blood for Blood+1","floor":18},{"not_picked":["Cleave","Thunderclap","Anger"],"picked":"SKIP","floor":19},{"not_picked":["Clothesline","Twin Strike","Warcry+1"],"picked":"SKIP","floor":20},{"not_picked":["Twin Strike","Warcry+1"],"picked":"Clothesline","floor":20},{"not_picked":["Pommel Strike","Cleave"],"picked":"Spot Weakness+1","floor":22},{"not_picked":["Dropkick","Armaments+1"],"picked":"Ghostly Armor+1","floor":23},{"not_picked":["Shrug It Off+1","Clothesline+1"],"picked":"Limit Break+1","floor":25},{"not_picked":["Warcry+1","Burning Pact+1"],"picked":"Ghostly Armor+1","floor":28},{"not_picked":["Armaments+1","Sword Boomerang"],"picked":"Impervious+1","floor":29},{"not_picked":["Demon Form","Dark Embrace"],"picked":"Offering+1","floor":33},{"not_picked":["Sever Soul","Clash+1","Searing Blow"],"picked":"SKIP","floor":35},{"not_picked":["Clash","Armaments+1"],"picked":"Barricade","floor":41},{"not_picked":["Flex+1","Wild Strike+1"],"picked":"True Grit+1","floor":45},{"not_picked":["Twin Strike","Wild Strike","Thunderclap"],"picked":"SKIP","floor":46},{"not_picked":["Pommel Strike","Shrug It Off+1"],"picked":"Feel No Pain","floor":48},{"not_picked":["Fire Breathing+1","Wild Strike"],"picked":"Corruption","floor":55}],"player_experience":2633563,"relics_obtained":[{"floor":3,"key":"Toxic Egg 2"},{"floor":6,"key":"Strawberry"},{"floor":8,"key":"Ancient Tea Set"},{"floor":9,"key":"Oddly Smooth Stone"},{"floor":10,"key":"Mercury Hourglass"},{"floor":14,"key":"Charon\u0027s Ashes"},{"floor":23,"key":"Red Skull"},{"floor":25,"key":"Du-Vu Doll"},{"floor":26,"key":"Girya"},{"floor":41,"key":"Happy Flower"},{"floor":55,"key":"Unceasing Top"}],"event_choices":[{"damage_healed":0,"gold_gain":0,"player_choice":"Take Damage","damage_taken":26,"relics_obtained":["Golden Idol"],"max_hp_gain":0,"max_hp_loss":0,"event_name":"Golden Idol","floor":2,"gold_loss":0},{"cards_removed":["Strike_R"],"damage_healed":0,"gold_gain":0,"player_choice":"Forget","damage_taken":0,"max_hp_gain":0,"max_hp_loss":0,"event_name":"Living Wall","floor":5,"gold_loss":0},{"damage_healed":0,"gold_gain":0,"player_choice":"Donut","damage_taken":0,"max_hp_gain":5,"max_hp_loss":0,"event_name":"Big Fish","floor":13,"gold_loss":0},{"damage_healed":0,"gold_gain":0,"player_choice":"Searched \u00271\u0027 times","damage_taken":0,"max_hp_gain":0,"max_hp_loss":0,"event_name":"Dead Adventurer","floor":14,"gold_loss":0},{"damage_healed":0,"gold_gain":0,"cards_transformed":["Strike_R"],"player_choice":"Transformed","damage_taken":0,"max_hp_gain":0,"max_hp_loss":0,"event_name":"Transmorgrifier","floor":21,"gold_loss":0,"cards_obtained":["Offering"]},{"damage_healed":0,"gold_gain":0,"player_choice":"Bought 2 Potions","damage_taken":0,"max_hp_gain":0,"max_hp_loss":0,"event_name":"The Woman in Blue","floor":24,"gold_loss":0},{"damage_healed":0,"gold_gain":333,"player_choice":"Gave Idol","damage_taken":0,"max_hp_gain":0,"max_hp_loss":0,"event_name":"The Moai Head","floor":37,"relics_lost":["Golden Idol"],"gold_loss":0},{"cards_removed":["Ghostly Armor"],"damage_healed":0,"gold_gain":0,"player_choice":"Removed Skill","damage_taken":0,"max_hp_gain":0,"max_hp_loss":0,"event_name":"Falling","floor":38,"gold_loss":0},{"damage_healed":0,"gold_gain":999,"player_choice":"Gold","damage_taken":0,"max_hp_gain":0,"max_hp_loss":0,"event_name":"MindBloom","floor":39,"gold_loss":0,"cards_obtained":["Normality","Normality"]}],"is_beta":false,"boss_relics":[{"not_picked":["White Beast Statue","Ectoplasm"],"picked":"Snecko Eye"},{"not_picked":["Orrery","Black Blood"],"picked":"Cursed Key"}],"items_purged_floors":[11,31,36,44,47],"is_endless":false,"potions_floor_spawned":[1,8,22,25,33,46,48],"ascension_level":20}