{"path_per_floor":["M","M","M","$","M","E","R","E","T","?","M","?","M","?","R","B",null,"M","?","M","?","$","R","E","$","T","E","R","$","E","M","R","B",null,"M","?","$","M","?","R","M","E","T","R","M","R","M","?","R","B"],"character_chosen":"THE_SILENT","items_purchased":["Noxious Fumes","Footwork","Backflip","Whetstone"],"gold_per_floor":[111,126,141,66,78,105,105,135,135,135,146,146,161,221,221,319,319,299,224,234,234,95,95,128,60,137,169,169,118,144,157,157,258,258,271,271,0,15,15,15,29,63,63,63,73,73,89,0,0,0],"floor_reached":51,"campfire_rested":1,"playtime":4535,"current_hp_per_floor":[63,63,61,61,56,42,42,32,32,38,35,28,27,20,40,33,69,61,61,60,60,60,60,26,26,26,26,26,26,14,14,14,14,69,69,69,69,69,60,60,60,60,60,60,54,54,38,38,38,38],"items_purged":["Strike_G","Defend_G","Crippling Poison"],"gold":0,"score":707,"play_id":"3a0aaa9a-d809-4be4-ba2c-8434355600b4","is_prod":false,"is_daily":false,"is_ascension_mode":true,"campfire_upgraded":8,"path_taken":["M","?","M","$","M","E","R","E","T","?","M","?","M","?","R","BOSS","M","?","M","?","?","R","E","$","T","E","R","$","E","?","R","BOSS","M","?","$","M","?","R","M","E","T","R","M","R","?","?","R","BOSS"],"build_version":"2018-02-19-BETA1","purchased_purges":3,"victory":true,"master_deck":["Defend_G","Defend_G","Survivor","Neutralize+1","Flying Knee","Cloak And Dagger+1","Predator+1","Escape Plan","Envenom+1","Footwork+1","After Image","Well Laid Plans+1","Noxious Fumes+1","Die Die Die+1","Footwork+1","Backflip","Reflex+1","After Image+1","Adrenaline","Deflect+1","Acrobatics+1","Heel Hook+1","Madness","Madness"],"max_hp_per_floor":[63,63,63,63,63,63,63,63,63,69,69,69,69,69,69,69,69,69,69,69,69,69,69,69,69,69,69,69,69,69,69,69,69,69,69,69,69,69,69,69,69,69,69,69,69,69,69,69,69,69],"relics":["Ring of the Snake","Darkstone Periapt","Vajra","Ginger","Ornamental Fan","Sozu","Mummified Hand","Tough Bandages","Mercury Hourglass","Ancient Tea Set","Astrolabe","Whetstone","Pantograph","Snake Skull","Red Mask"],"card_choices":[{"not_picked":["Quick Slash","Sucker Punch"],"picked":"Flying Knee"},{"not_picked":["Poisoned Stab","PiercingWail"],"picked":"Acrobatics"},{"not_picked":["Distraction","PiercingWail"],"picked":"Cloak And Dagger"},{"not_picked":["Slice","Masterful Stab"],"picked":"Predator"},{"not_picked":["Poisoned Stab","Distraction"],"picked":"Escape Plan"},{"not_picked":["Dagger Throw","Escape Plan"],"picked":"Envenom"},{"not_picked":["Dodge and Roll","Prepared"],"picked":"Footwork"},{"not_picked":["Phantasmal Killer","Storm of Steel"],"picked":"After Image"},{"not_picked":["Slice","Acrobatics"],"picked":"Well Laid Plans"},{"not_picked":["Backflip","Reflex"],"picked":"Die Die Die"},{"not_picked":["Dagger Throw","Flying Knee"],"picked":"Reflex"},{"not_picked":["PiercingWail","Bane"],"picked":"After Image"},{"not_picked":["Corpse Explosion","After Image"],"picked":"Adrenaline"},{"not_picked":["Dagger Spray","Cloak And Dagger"],"picked":"Heel Hook"}],"player_experience":84970,"potions_floor_usage":[6,11,14,16,18],"damage_taken":[{"damage":0,"enemies":"Cultist","floor":1,"turns":4},{"damage":0,"enemies":"Small Slimes","floor":2,"turns":2},{"damage":2,"enemies":"2 Louse","floor":3,"turns":3},{"damage":5,"enemies":"Looter","floor":5,"turns":5},{"damage":14,"enemies":"Gremlin Nob","floor":6,"turns":5},{"damage":10,"enemies":"3 Sentries","floor":8,"turns":9},{"damage":3,"enemies":"Large Slime","floor":11,"turns":5},{"damage":1,"enemies":"3 Louse","floor":13,"turns":3},{"damage":7,"enemies":"3 Sentries","floor":14,"turns":8},{"damage":7,"enemies":"Slime Boss","floor":16,"turns":12},{"damage":17,"enemies":"2 Thieves","floor":18,"turns":4},{"damage":1,"enemies":"3 Byrds","floor":20,"turns":7},{"damage":34,"enemies":"Slavers","floor":24,"turns":6},{"damage":0,"enemies":"Book of Stabbing","floor":27,"turns":5},{"damage":12,"enemies":"Slavers","floor":30,"turns":4},{"damage":0,"enemies":"Cultist and Chosen","floor":31,"turns":4},{"damage":0,"enemies":"Collector","floor":33,"turns":9},{"damage":0,"enemies":"Flame Bruiser 1 Orb","floor":35,"turns":5},{"damage":0,"enemies":"Orb Walker","floor":38,"turns":3},{"damage":0,"enemies":"3 Darklings","floor":41,"turns":3},{"damage":0,"enemies":"Nemesis","floor":42,"turns":7},{"damage":6,"enemies":"Spire Growth","floor":45,"turns":4},{"damage":16,"enemies":"Sphere and 2 Shapes","floor":47,"turns":4},{"damage":25,"enemies":"Time Eater","floor":50,"turns":11}],"event_choices":[{"event_name":"Wheel of Change","player_choice":"Curse","floor":10,"damage_taken":0},{"event_name":"Golden Wing","player_choice":"Card Removal","floor":12,"damage_taken":0},{"event_name":"Dead Adventurer","player_choice":"Searched \u00273\u0027 times","floor":14,"damage_taken":0},{"event_name":"Beggar","player_choice":"Gave Gold","floor":19,"damage_taken":0},{"event_name":"The Lab","player_choice":"Got Potions","floor":21,"damage_taken":0},{"event_name":"Purifier","player_choice":"One Purge","floor":36,"damage_taken":0},{"event_name":"Winding Halls","player_choice":"Embrace Madness","floor":39,"damage_taken":0},{"event_name":"Tomb of Lord Red Mask","player_choice":"Paid","floor":48,"damage_taken":0}],"boss_relics":[{"not_picked":["Philosopher\u0027s Stone","Snecko Eye"],"picked":"Sozu"},{"not_picked":["Velvet Choker","Eternal Feather"],"picked":"Astrolabe"}],"potions_floor_spawned":[5,6,8,13,16,18,31,41,45],"seed_played":"-1673034787361465274","ascension_level":2,"is_trial":false}