{"gold_per_floor":[210,210,229,22,22,22,42,42,42,117,148,20,20,20,20,99,99,112,82,98,58,58,58,89,89,89,124,124,155,80,100,100,176,176,192,212,212,7,23,49,49,64,64,91,91,91,91,120,120,120,120,120,120,5,38,38],"floor_reached":57,"playtime":2090,"items_purged":["Strike_B"],"score":3055,"play_id":"d62bd7b8-567e-4aee-b517-5cc3401dead6","local_time":"20190407201645","is_ascension_mode":true,"campfire_choices":[{"data":"Defragment","floor":6.0,"key":"SMITH"},{"data":"Capacitor","floor":8.0,"key":"SMITH"},{"data":"Sunder","floor":15.0,"key":"SMITH"},{"floor":23.0,"key":"REST"},{"data":"Creative AI","floor":25.0,"key":"SMITH"},{"data":"Defragment","floor":28.0,"key":"SMITH"},{"data":"Buffer","floor":32.0,"key":"SMITH"},{"data":"Loop","floor":41.0,"key":"SMITH"},{"data":"Creative AI","floor":45.0,"key":"SMITH"},{"floor":47.0,"key":"RECALL"},{"floor":49.0,"key":"REST"},{"data":"Blizzard","floor":53.0,"key":"SMITH"}],"neow_cost":"NONE","seed_source_timestamp":64156673224500,"circlet_count":0,"master_deck":["AscendersBane","Strike_B+1","Defend_B","Defend_B","Defend_B","Zap+1","Dualcast","Ball Lightning","Cold Snap+1","Defragment+1","Capacitor+1","Capacitor","Sunder+1","Creative AI+1","BootSequence","Turbo","Defragment+1","Amplify","Buffer+1","Fusion","Blizzard+1","Creative AI+1","Self Repair","Loop+1","Coolheaded+1","Panacea","Bandage Up","Heatsinks"],"special_seed":0,"relics":["FrozenCore","PreservedInsect","Anchor","Mummified Hand","Shuriken","Omamori","Mercury Hourglass","Vajra","Whetstone","Singing Bowl","Nuclear Battery","DataDisk","Bag of Marbles","Bottled Lightning","Calipers","Strawberry","Bottled Tornado"],"potions_floor_usage":[56],"damage_taken":[{"damage":9.0,"enemies":"Jaw Worm","floor":1.0,"turns":4.0},{"damage":0.0,"enemies":"Cultist","floor":3.0,"turns":2.0},{"damage":0.0,"enemies":"Small Slimes","floor":7.0,"turns":2.0},{"damage":16.0,"enemies":"3 Sentries","floor":11.0,"turns":5.0},{"damage":16.0,"enemies":"Slime Boss","floor":16.0,"turns":6.0},{"damage":22.0,"enemies":"Chosen","floor":18.0,"turns":6.0},{"damage":4.0,"enemies":"Shell Parasite","floor":20.0,"turns":6.0},{"damage":23.0,"enemies":"Slavers","floor":24.0,"turns":6.0},{"damage":6.0,"enemies":"Book of Stabbing","floor":27.0,"turns":5.0},{"damage":0.0,"enemies":"Gremlin Leader","floor":29.0,"turns":6.0},{"damage":0.0,"enemies":"Shelled Parasite and Fungi","floor":31.0,"turns":6.0},{"damage":7.0,"enemies":"Collector","floor":33.0,"turns":9.0},{"damage":0.0,"enemies":"3 Darklings","floor":35.0,"turns":7.0},{"damage":0.0,"enemies":"3 Shapes","floor":36.0,"turns":4.0},{"damage":10.0,"enemies":"Transient","floor":39.0,"turns":6.0},{"damage":0.0,"enemies":"Giant Head","floor":40.0,"turns":7.0},{"damage":29.0,"enemies":"Sphere and 2 Shapes","floor":42.0,"turns":4.0},{"damage":0.0,"enemies":"Nemesis","floor":44.0,"turns":5.0},{"damage":46.0,"enemies":"Reptomancer","floor":48.0,"turns":8.0},{"damage":0.0,"enemies":"Donu and Deca","floor":50.0,"turns":10.0},{"damage":4.0,"enemies":"Time Eater","floor":51.0,"turns":13.0},{"damage":27.0,"enemies":"Shield and Spear","floor":55.0,"turns":8.0},{"damage":57,"enemies":"The Heart","floor":56,"turns":10}],"seed_played":"1316992461416620509","potions_obtained":[{"floor":1.0,"key":"Strength Potion"},{"floor":11.0,"key":"Dexterity Potion"},{"floor":16.0,"key":"Dexterity Potion"},{"floor":19.0,"key":"Ancient Potion"},{"floor":20.0,"key":"Swift Potion"},{"floor":24.0,"key":"Swift Potion"},{"floor":27.0,"key":"Explosive Potion"},{"floor":31.0,"key":"Swift Potion"},{"floor":36.0,"key":"Fire Potion"},{"floor":48.0,"key":"EssenceOfSteel"}],"is_trial":false,"path_per_floor":["M","?","M","$","T","R","M","R","T","?","E","$","?","?","R","B",null,"M","?","M","$","T","R","E","R","T","E","R","E","?","M","R","B",null,"M","M","?","$","M","E","R","M","T","E","R","?","R","E","R","B","B",null,"R","$","E","B",null],"character_chosen":"DEFECT","items_purchased":["PreservedInsect","Defragment","Capacitor","Sunder","Defragment","DataDisk","Self Repair","Heatsinks"],"campfire_rested":2,"item_purchase_floors":[4,4,12,12,21,38,38,54],"current_hp_per_floor":[55,55,55,55,55,55,55,55,55,44,28,28,17,34,34,18,58,36,36,32,32,32,53,30,30,30,24,24,24,24,26,26,19,60,62,64,64,64,61,70,70,50,50,57,57,49,49,23,50,61,68,86,86,86,72,30],"gold":38,"neow_bonus":"HUNDRED_GOLD","is_prod":false,"is_daily":false,"chose_seed":false,"campfire_upgraded":9,"win_rate":0,"timestamp":1554635805,"path_taken":["M","?","M","$","?","R","?","R","T","?","E","$","?","?","R","BOSS","M","?","?","?","?","R","E","R","T","E","R","E","?","M","R","BOSS","M","?","?","$","M","E","R","M","T","E","R","?","R","E","R","BOSS","BOSS","R","$","E","BOSS"],"build_version":"2019-01-23","purchased_purges":1,"victory":true,"max_hp_per_floor":[71,71,71,71,71,71,71,71,71,71,71,71,71,71,71,71,71,71,71,71,71,71,71,71,71,71,71,71,71,71,73,73,73,73,75,77,77,77,77,79,79,81,81,81,81,83,83,92,92,92,92,92,92,92,94,94],"card_choices":[{"not_picked":["Genetic Algorithm","Hello World"],"picked":"Ball Lightning","floor":1.0},{"not_picked":["Stack","Barrage"],"picked":"Cold Snap","floor":3.0},{"not_picked":["Sunder","Sweeping Beam"],"picked":"Capacitor","floor":7.0},{"not_picked":["Rebound","Chaos","Hello World"],"picked":"SKIP","floor":11.0},{"not_picked":["Rainbow","Biased Cognition"],"picked":"Creative AI","floor":16.0},{"not_picked":["Conserve Battery","Reinforced Body"],"picked":"BootSequence","floor":18.0},{"not_picked":["Steam","Hologram"],"picked":"Turbo","floor":20.0},{"not_picked":["Hologram","Gash","Genetic Algorithm"],"picked":"SKIP","floor":24.0},{"not_picked":["Ball Lightning+1","Steam Power"],"picked":"Amplify","floor":27.0},{"not_picked":["Static Discharge","Barrage"],"picked":"Buffer","floor":29.0},{"not_picked":["Beam Cell+1","Chaos","Conserve Battery"],"picked":"Singing Bowl","floor":31.0},{"not_picked":["Hyperbeam","All For One"],"picked":"Creative AI","floor":33.0},{"not_picked":["FTL","Conserve Battery","Turbo"],"picked":"Singing Bowl","floor":35.0},{"not_picked":["Steam","Barrage","Chaos"],"picked":"Singing Bowl","floor":36.0},{"not_picked":["Gash","Blizzard"],"picked":"Loop","floor":39.0},{"not_picked":["Coolheaded","Gash","Rebound"],"picked":"Singing Bowl","floor":40.0},{"not_picked":["Ball Lightning","Coolheaded","Melter"],"picked":"Singing Bowl","floor":42.0},{"not_picked":["Cold Snap","Ball Lightning"],"picked":"Coolheaded+1","floor":44.0},{"not_picked":["Swift Strike","Secret Weapon"],"picked":"Panacea","floor":46.0},{"not_picked":["Dramatic Entrance","Thinking Ahead"],"picked":"Bandage Up","floor":46.0},{"not_picked":["Discovery","Forethought","Good Instincts"],"picked":"Singing Bowl","floor":46.0},{"not_picked":["Auto Shields+1","Turbo","Stack"],"picked":"Singing Bowl","floor":48.0},{"not_picked":["Scrape","Turbo","Recycle"],"picked":"Singing Bowl","floor":55.0}],"player_experience":2953174,"relics_obtained":[{"floor":5.0,"key":"Anchor"},{"floor":9.0,"key":"Mummified Hand"},{"floor":11.0,"key":"Shuriken"},{"floor":22.0,"key":"Mercury Hourglass"},{"floor":24.0,"key":"Vajra"},{"floor":27.0,"key":"Whetstone"},{"floor":29.0,"key":"Singing Bowl"},{"floor":40.0,"key":"Bag of Marbles"},{"floor":43.0,"key":"Bottled Lightning"},{"floor":44.0,"key":"Calipers"},{"floor":48.0,"key":"Strawberry"},{"floor":55.0,"key":"Bottled Tornado"}],"event_choices":[{"damage_healed":0.0,"max_hp_gain":0.0,"max_hp_loss":0.0,"gold_gain":0.0,"event_name":"Upgrade Shrine","player_choice":"Upgraded","floor":2.0,"gold_loss":0.0,"damage_taken":0.0,"cards_upgraded":["Zap"]},{"damage_healed":0.0,"max_hp_gain":0.0,"max_hp_loss":0.0,"gold_gain":75.0,"event_name":"World of Goop","player_choice":"Gather Gold","floor":10.0,"gold_loss":0.0,"damage_taken":11.0},{"damage_healed":0.0,"max_hp_gain":0.0,"max_hp_loss":0.0,"gold_gain":0.0,"event_name":"Scrap Ooze","player_choice":"Success","floor":13.0,"gold_loss":0.0,"damage_taken":11.0,"relics_obtained":["Omamori"]},{"damage_healed":17.0,"max_hp_gain":0.0,"max_hp_loss":0.0,"gold_gain":0.0,"event_name":"Mushrooms","player_choice":"Healed and dodged fight","floor":14.0,"gold_loss":0.0,"damage_taken":0.0,"cards_obtained":["Parasite"]},{"damage_healed":0.0,"max_hp_gain":0.0,"max_hp_loss":0.0,"gold_gain":0.0,"event_name":"The Woman in Blue","player_choice":"Bought 2 Potions","floor":19.0,"gold_loss":0.0,"damage_taken":0.0},{"damage_healed":0.0,"max_hp_gain":0.0,"max_hp_loss":0.0,"gold_gain":0.0,"cards_transformed":["Strike_B","Strike_B"],"event_name":"Designer","player_choice":"Transformed Cards","floor":30.0,"gold_loss":75.0,"damage_taken":0.0,"cards_obtained":["Fusion","Blizzard"]},{"cards_removed":["Defend_B"],"damage_healed":0.0,"max_hp_gain":0.0,"max_hp_loss":0.0,"gold_gain":0.0,"event_name":"Falling","player_choice":"Removed Skill","floor":37.0,"gold_loss":0.0,"damage_taken":0.0},{"damage_healed":0.0,"max_hp_gain":0.0,"max_hp_loss":0.0,"gold_gain":0.0,"event_name":"SensoryStone","player_choice":"Memory 3","floor":46.0,"gold_loss":0.0,"damage_taken":10.0}],"is_beta":false,"boss_relics":[{"not_picked":["Pandora\u0027s Box","Empty Cage"],"picked":"FrozenCore"},{"not_picked":["Runic Dome","Calling Bell"],"picked":"Nuclear Battery"}],"items_purged_floors":[54],"is_endless":false,"potions_floor_spawned":[1,11,16,20,24,27,31,36,40,48],"ascension_level":20}