{"gold_per_floor":[110,30,30,44,9,9,37,37,37,37,37,57,57,68,68,142,142,159,173,190,105,105,105],"floor_reached":23,"playtime":537,"items_purged":[],"score":378,"play_id":"a1f4bac7-6997-48ed-9281-5b1e787a7014","local_time":"20190425180830","is_ascension_mode":true,"campfire_choices":[{"data":"Bash","floor":6,"key":"SMITH"},{"data":"Inflame","floor":8,"key":"SMITH"},{"data":"Disarm","floor":10,"key":"SMITH"},{"floor":15,"key":"REST"}],"neow_cost":"NONE","seed_source_timestamp":281881399726400,"circlet_count":0,"master_deck":["AscendersBane","Strike_R+1","Strike_R","Strike_R+1","Strike_R","Defend_R","Defend_R","Defend_R","Defend_R","Bash+1","Pommel Strike","Inflame+1","Disarm+1","Evolve","Armaments","Fiend Fire","Armaments+1"],"relics":["Sozu","Turnip","Anchor","Snecko Eye","Shuriken"],"potions_floor_usage":[],"damage_taken":[{"damage":1,"enemies":"Cultist","floor":1,"turns":3},{"damage":2,"enemies":"Jaw Worm","floor":4,"turns":3},{"damage":31,"enemies":"Gremlin Nob","floor":7,"turns":4},{"damage":0,"enemies":"2 Louse","floor":12,"turns":2},{"damage":10,"enemies":"Blue Slaver","floor":14,"turns":3},{"damage":24,"enemies":"The Guardian","floor":16,"turns":13},{"damage":11,"enemies":"Shell Parasite","floor":18,"turns":2},{"damage":1,"enemies":"Spheric Guardian","floor":19,"turns":3},{"damage":14,"enemies":"Shelled Parasite and Fungi","floor":20,"turns":4},{"damage":1,"enemies":"Colosseum Slavers","floor":22,"turns":3},{"damage":30,"enemies":"Gremlin Leader","floor":23,"turns":3}],"seed_played":"7681281447568713535","potions_obtained":[],"is_trial":false,"path_per_floor":["M","$","?","M","?","R","E","R","T","R","$","M","?","M","R","B",null,"M","M","M","?","?","E"],"character_chosen":"IRONCLAD","items_purchased":["Inflame"],"campfire_rested":1,"item_purchase_floors":[2],"current_hp_per_floor":[67,67,60,58,75,75,44,44,44,44,44,44,21,11,33,9,59,48,47,33,33,32,2],"gold":105,"neow_bonus":"BOSS_RELIC","is_prod":false,"is_daily":false,"chose_seed":false,"campfire_upgraded":3,"win_rate":0,"timestamp":1556183310,"path_taken":["M","?","?","M","?","R","E","R","T","R","$","M","?","?","R","BOSS","M","M","M","?","?","E"],"build_version":"2019-01-23","purchased_purges":0,"victory":false,"max_hp_per_floor":[75,75,75,75,75,75,75,75,75,75,75,75,75,75,75,75,75,75,75,75,75,75,75],"card_choices":[{"not_picked":["Reckless Charge","Corruption"],"picked":"Pommel Strike","floor":1},{"not_picked":["Rampage","Armaments"],"picked":"Disarm","floor":4},{"not_picked":["Sentinel","Reckless Charge","Flex"],"picked":"SKIP","floor":7},{"not_picked":["Anger","Combust"],"picked":"Evolve","floor":12},{"not_picked":["Perfected Strike","Warcry"],"picked":"Armaments","floor":14},{"not_picked":["Feed","Demon Form"],"picked":"Fiend Fire","floor":16},{"not_picked":["Combust","Body Slam","Burning Pact"],"picked":"SKIP","floor":18},{"not_picked":["Disarm","Pummel","Body Slam"],"picked":"SKIP","floor":19},{"not_picked":["Power Through","Warcry"],"picked":"Armaments+1","floor":20}],"player_experience":3369295,"relics_obtained":[{"floor":7,"key":"Turnip"},{"floor":9,"key":"Anchor"}],"event_choices":[{"cards_removed":["Strike_R"],"damage_healed":0,"gold_gain":0,"player_choice":"Card Removal","damage_taken":7,"max_hp_gain":0,"max_hp_loss":0,"event_name":"Golden Wing","floor":3,"gold_loss":0},{"damage_healed":18,"gold_gain":0,"player_choice":"Healed","damage_taken":0,"max_hp_gain":0,"max_hp_loss":0,"event_name":"The Cleric","floor":5,"gold_loss":35},{"damage_healed":0,"gold_gain":0,"player_choice":"Entered Light","damage_taken":23,"max_hp_gain":0,"max_hp_loss":0,"event_name":"Shining Light","floor":13,"gold_loss":0,"cards_upgraded":["Strike_R","Strike_R"]},{"damage_healed":0,"gold_gain":0,"player_choice":"Obtained Relic","damage_taken":0,"relics_obtained":["Shuriken"],"max_hp_gain":0,"max_hp_loss":0,"event_name":"Addict","floor":21,"gold_loss":85},{"damage_healed":0,"gold_gain":0,"player_choice":"Fight","damage_taken":0,"max_hp_gain":0,"max_hp_loss":0,"event_name":"Colosseum","floor":22,"gold_loss":0},{"damage_healed":0,"gold_gain":0,"player_choice":"Fled From Nobs","damage_taken":0,"max_hp_gain":0,"max_hp_loss":0,"event_name":"Colosseum","floor":22,"gold_loss":0}],"is_beta":false,"boss_relics":[{"not_picked":["Fusion Hammer","Velvet Choker"],"picked":"Snecko Eye"}],"items_purged_floors":[],"is_endless":false,"potions_floor_spawned":[1,12,14,16,19,22],"killed_by":"Gremlin Leader","ascension_level":20}