{"gold_per_floor":[111,128,147,35,35,67,77,106,106,137,8,19,19,52,52,149,149,168,168,168,181,27,27],"floor_reached":23,"playtime":1831,"items_purged":["Strike_R"],"score":350,"play_id":"03e05f6f-5a4e-4260-ab91-2824d00db103","local_time":"20181014140452","is_ascension_mode":true,"campfire_choices":[{"floor":13,"key":"REST"},{"data":"Armaments","floor":15,"key":"SMITH"}],"neow_cost":"NONE","seed_source_timestamp":1629488810424493,"circlet_count":0,"master_deck":["Strike_R","Strike_R","Strike_R","Strike_R+1","Defend_R","Defend_R","Defend_R","Defend_R","Bash+1","AscendersBane","Feel No Pain","Shrug It Off","Thunderclap","Dark Embrace","Shockwave","Rampage","Second Wind","Infernal Blade","Carnage","True Grit","Feel No Pain","Headbutt","Armaments+1","Fiend Fire","Shrug It Off","Exhume"],"special_seed":0,"relics":["Black Blood","PreservedInsect","Sundial","Gambling Chip","Magic Flower","Letter Opener","Whetstone","Pen Nib"],"potions_floor_usage":[7,7,8,12,16,23],"damage_taken":[{"damage":2,"enemies":"2 Louse","floor":1,"turns":3},{"damage":1,"enemies":"Small Slimes","floor":2,"turns":6},{"damage":5,"enemies":"Cultist","floor":3,"turns":4},{"damage":22,"enemies":"Lagavulin","floor":6,"turns":7},{"damage":27,"enemies":"Large Slime","floor":7,"turns":9},{"damage":25,"enemies":"3 Sentries","floor":8,"turns":7},{"damage":22,"enemies":"Lagavulin","floor":10,"turns":6},{"damage":5,"enemies":"Gremlin Gang","floor":12,"turns":3},{"damage":10,"enemies":"3 Sentries","floor":14,"turns":8},{"damage":35,"enemies":"Hexaghost","floor":16,"turns":11},{"damage":17,"enemies":"Shell Parasite","floor":18,"turns":6},{"damage":47,"enemies":"2 Thieves","floor":21,"turns":5},{"damage":37,"enemies":"Gremlin Leader","floor":23,"turns":5}],"seed_played":"-7185508634189956764","potions_obtained":[{"floor":1,"key":"BloodPotion"},{"floor":2,"key":"EntropicBrew"},{"floor":8,"key":"Fire Potion"},{"floor":12,"key":"EssenceOfSteel"},{"floor":16,"key":"SpeedPotion"},{"floor":21,"key":"SteroidPotion"}],"is_trial":false,"path_per_floor":["M","M","M","$","?","E","M","E","T","E","$","M","R","E","R","B",null,"M","?","T","M","$"],"character_chosen":"IRONCLAD","items_purchased":["Shockwave","Rampage","True Grit","Feel No Pain","Exhume"],"campfire_rested":1,"item_purchase_floors":[4,4,11,11,22],"current_hp_per_floor":[76,80,80,80,73,57,44,25,25,12,12,16,40,39,39,13,63,61,61,61,29,29,0],"gold":27,"neow_bonus":"THREE_CARDS","is_prod":false,"is_daily":false,"chose_seed":false,"campfire_upgraded":1,"win_rate":0,"timestamp":1539497092,"path_taken":["M","M","M","$","?","E","M","E","T","E","$","M","R","E","R","BOSS","M","?","?","M","$","E"],"build_version":"2018-10-11","purchased_purges":1,"victory":false,"max_hp_per_floor":[80,80,80,80,80,80,80,80,80,80,80,80,80,80,80,80,80,80,80,80,80,80,80],"card_choices":[{"not_picked":["Anger","Warcry"],"picked":"Feel No Pain","floor":0},{"not_picked":["Pummel","Havoc"],"picked":"Shrug It Off","floor":1},{"not_picked":["Searing Blow","Havoc"],"picked":"Thunderclap","floor":2},{"not_picked":["Carnage","Heavy Blade"],"picked":"Dark Embrace","floor":3},{"not_picked":["Clash","Inflame"],"picked":"Second Wind","floor":6},{"not_picked":["Sword Boomerang","Searing Blow","Shockwave"],"picked":"SKIP","floor":7},{"not_picked":["Sever Soul","Flex"],"picked":"Infernal Blade","floor":8},{"not_picked":["Iron Wave","Thunderclap"],"picked":"Carnage","floor":10},{"not_picked":["Clothesline","Pommel Strike"],"picked":"Headbutt","floor":12},{"not_picked":["Body Slam","Demon Form"],"picked":"Armaments","floor":14},{"not_picked":["Demon Form","Berserk"],"picked":"Fiend Fire","floor":16},{"not_picked":["Havoc","Iron Wave","Thunderclap"],"picked":"SKIP","floor":18},{"not_picked":["Iron Wave","Body Slam+1","Second Wind"],"picked":"SKIP","floor":21}],"player_experience":497467,"relics_obtained":[{"floor":6,"key":"Sundial"},{"floor":8,"key":"Gambling Chip"},{"floor":9,"key":"Magic Flower"},{"floor":10,"key":"Letter Opener"},{"floor":14,"key":"Whetstone"},{"floor":20,"key":"Pen Nib"}],"event_choices":[{"event_name":"Scrap Ooze","player_choice":"success","floor":5,"damage_taken":7},{"event_name":"The Library","player_choice":"Read","floor":19,"damage_taken":0}],"is_beta":true,"boss_relics":[{"not_picked":["Runic Dome","Eternal Feather"],"picked":"Black Blood"}],"items_purged_floors":[22],"is_endless":false,"potions_floor_spawned":[1,2,8,12,16,21],"killed_by":"Gremlin Leader","ascension_level":12}