{"path_per_floor":["M","?","?","?","M","R","?","E","T","R","M","R","M","$","R","B",null,"M","?","?","M","M","R","M","E","T","E","R","$","?","?","R","B",null,"M","?","M","M","M","R","E","M","T","M","M","E","M","$","R","B"],"character_chosen":"IRONCLAD","items_purchased":["Metallicize","Armaments","Shovel","Ancient Tea Set","Regen Potion","Dexterity Potion","Feed"],"gold_per_floor":[12,12,12,87,103,103,103,144,170,170,186,186,204,43,43,163,163,176,91,16,31,52,52,76,420,473,512,512,100,100,100,100,224,224,245,245,258,282,305,305,338,354,380,398,413,454,472,17,17,17],"floor_reached":51,"campfire_rested":0,"playtime":3051,"current_hp_per_floor":[80,80,60,49,46,46,39,17,17,17,25,25,32,32,32,44,77,64,64,64,66,60,60,63,65,65,58,58,58,58,42,42,38,82,93,81,96,93,100,100,77,67,67,55,61,69,87,87,87,53],"items_purged":["Regret","Strike_R","Defend_R"],"gold":17,"score":1096,"play_id":"65bf41cd-9974-463f-8d50-4b5820295548","local_time":"20180303162229","is_prod":false,"is_daily":false,"is_ascension_mode":true,"campfire_upgraded":7,"timestamp":1520065349,"path_taken":["M","?","?","?","M","R","?","E","T","R","?","R","M","$","R","BOSS","M","?","?","?","M","R","M","E","T","E","R","$","?","?","R","BOSS","M","?","M","M","M","R","E","M","T","M","M","E","M","$","R","BOSS"],"build_version":"2018-03-02-BETA2","purchased_purges":3,"victory":true,"master_deck":["Strike_R","Strike_R+1","Strike_R","Defend_R","Bash+1","Spot Weakness","Shrug It Off","Iron Wave+1","Cleave","Feed+1","Whirlwind+1","Metallicize+1","Armaments+1","Offering+1","Iron Wave+1","Thunderclap","Warcry","Shockwave","Evolve+1","Reaper","Pommel Strike+1","Madness","Madness","Ghostly Armor+1","Disarm","True Grit+1","Shrug It Off+1","Heavy Blade+1","Feed"],"max_hp_per_floor":[80,80,80,80,80,80,80,80,80,80,80,80,84,84,84,88,88,88,88,88,88,92,92,96,96,96,96,96,96,96,96,96,96,96,96,96,100,100,100,100,100,104,104,108,108,108,112,112,112,116],"relics":["Burning Blood","Lantern","Golden Idol","Blood Vial","Paper Frog","Happy Flower","Question Card","Bag of Marbles","Old Coin","Juzu Bracelet","Shovel","Nloth\u0027s Gift","Enchiridion","Pantograph","Mark of Pain","Bottled Flame","Ornamental Fan","Pen Nib","Omamori","Ancient Tea Set"],"card_choices":[{"not_picked":["Combust","Feel No Pain"],"picked":"Iron Wave"},{"not_picked":["Shrug It Off","Clash"],"picked":"Cleave"},{"not_picked":["Dropkick","Bloodletting"],"picked":"Feed"},{"not_picked":["Shrug It Off","Iron Wave"],"picked":"Whirlwind"},{"not_picked":["Reaper","Brutality"],"picked":"Offering"},{"not_picked":["Anger","True Grit","Havoc"],"picked":"Iron Wave"},{"not_picked":["Dropkick","Dual Wield","Clothesline"],"picked":"Thunderclap"},{"not_picked":["Thunderclap","Heavy Blade","Spot Weakness"],"picked":"Warcry"},{"not_picked":["Hemokinesis","Rage","Dark Embrace"],"picked":"Shockwave"},{"not_picked":["Perfected Strike","Pummel","Power Through"],"picked":"Evolve"},{"not_picked":["Fiend Fire","Bludgeon","Juggernaut"],"picked":"Reaper"},{"not_picked":["Wild Strike","Anger","Dropkick"],"picked":"Pommel Strike"},{"not_picked":["Clothesline","Corruption","Twin Strike"],"picked":"Ghostly Armor"},{"not_picked":["Evolve","Perfected Strike","Body Slam"],"picked":"Disarm"},{"not_picked":["Shrug It Off","Offering","Pummel"],"picked":"True Grit"},{"not_picked":["Twin Strike","Pummel","Clothesline"],"picked":"Shrug It Off"},{"not_picked":["Sever Soul","Dark Embrace","Blood for Blood"],"picked":"Heavy Blade"}],"player_experience":139034,"potions_floor_usage":[8,16,24,25,25,27,37,46,46,50,50,50],"damage_taken":[{"damage":0,"enemies":"2 Louse","floor":1,"turns":3},{"damage":9,"enemies":"Small Slimes","floor":5,"turns":4},{"damage":30,"enemies":"Lagavulin","floor":8,"turns":4},{"damage":0,"enemies":"Jaw Worm","floor":11,"turns":2},{"damage":5,"enemies":"Exordium Wildlife","floor":13,"turns":3},{"damage":0,"enemies":"Slime Boss","floor":16,"turns":6},{"damage":21,"enemies":"2 Thieves","floor":18,"turns":4},{"damage":6,"enemies":"Shell Parasite","floor":21,"turns":3},{"damage":18,"enemies":"Centurion and Healer","floor":22,"turns":5},{"damage":9,"enemies":"3 Cultists","floor":24,"turns":5},{"damage":6,"enemies":"Gremlin Leader","floor":25,"turns":6},{"damage":27,"enemies":"Book of Stabbing","floor":27,"turns":5},{"damage":37,"enemies":"Champ","floor":33,"turns":10},{"damage":4,"enemies":"Orb Walker","floor":35,"turns":3},{"damage":10,"enemies":"Flame Bruiser 1 Orb","floor":37,"turns":3},{"damage":28,"enemies":"Spire Growth","floor":38,"turns":4},{"damage":0,"enemies":"3 Darklings","floor":39,"turns":1},{"damage":29,"enemies":"Nemesis","floor":41,"turns":5},{"damage":22,"enemies":"4 Shapes","floor":42,"turns":4},{"damage":39,"enemies":"Sphere and 2 Shapes","floor":44,"turns":6},{"damage":10,"enemies":"Spire Growth","floor":45,"turns":5},{"damage":0,"enemies":"2 Orb Walkers","floor":46,"turns":1},{"damage":4,"enemies":"Maw","floor":47,"turns":6},{"damage":98,"enemies":"Awakened One","floor":50,"turns":12}],"event_choices":[{"event_name":"Big Fish","player_choice":"Box","floor":2,"damage_taken":0},{"event_name":"Golden Idol","player_choice":"Take Damage","floor":3,"damage_taken":0},{"event_name":"World of Goop","player_choice":"Gather Gold","floor":4,"damage_taken":0},{"event_name":"Scrap Ooze","player_choice":"success","floor":7,"damage_taken":7},{"event_name":"Addict","player_choice":"Obtained Relic","floor":19,"damage_taken":0},{"event_name":"Beggar","player_choice":"Gave Gold","floor":20,"damage_taken":0},{"event_name":"N\u0027loth","player_choice":"Traded a Whetstone","floor":30,"damage_taken":0},{"event_name":"Cursed Tome","player_choice":"Obtained Book","floor":31,"damage_taken":0},{"event_name":"Winding Halls","player_choice":"Embrace Madness","floor":36,"damage_taken":0}],"boss_relics":[{"not_picked":["Eternal Feather","Runic Dome"],"picked":"Question Card"},{"not_picked":["Cursed Key","Black Star"],"picked":"Mark of Pain"}],"potions_floor_spawned":[1,8,11,22,24,25,27,35,44,45],"seed_played":"-8316327074167793377","ascension_level":5,"is_trial":false}