{"gold_per_floor":[212,225,245,255,255,255,105,120,143,200,225,225,237,88,88,189,189,200,215,79,79,97,97,22,22],"floor_reached":25,"playtime":1312,"items_purged":["Injury","Turbo"],"score":294,"play_id":"4fc9cd75-8573-4078-8bce-68d58223c91c","local_time":"20180720045609","is_ascension_mode":true,"campfire_choices":[{"data":"Gash","floor":6,"key":"SMITH"},{"data":"Dualcast","floor":12,"key":"SMITH"},{"data":"Creative AI","floor":15,"key":"SMITH"},{"data":"Buffer","floor":23,"key":"SMITH"}],"neow_cost":"NONE","seed_source_timestamp":386033665193747,"circlet_count":0,"master_deck":["Zap+1","Dualcast+1","Conserve Battery","Gash+1","Storm","Reinforced Body","Capacitor","Glacier","Ball Lightning","Creative AI+1","Buffer+1","Consume","Loop","Capacitor","Hologram","Hologram","Leap+1","Capacitor","Conserve Battery"],"relics":["Cracked Core","DataDisk","Oddly Smooth Stone","Bag of Preparation","Pandora\u0027s Box"],"potions_floor_usage":[8,8,11,13,25],"damage_taken":[{"damage":0,"enemies":"Jaw Worm","floor":1,"turns":3},{"damage":0,"enemies":"Cultist","floor":2,"turns":4},{"damage":0,"enemies":"2 Louse","floor":3,"turns":3},{"damage":4,"enemies":"Blue Slaver","floor":4,"turns":3},{"damage":0,"enemies":"2 Fungi Beasts","floor":8,"turns":3},{"damage":16,"enemies":"Gremlin Nob","floor":10,"turns":4},{"damage":20,"enemies":"Gremlin Nob","floor":11,"turns":4},{"damage":0,"enemies":"Exordium Thugs","floor":13,"turns":5},{"damage":12,"enemies":"Hexaghost","floor":16,"turns":8},{"damage":0,"enemies":"Shell Parasite","floor":18,"turns":5},{"damage":0,"enemies":"Spheric Guardian","floor":19,"turns":3},{"damage":30,"enemies":"Cultist and Chosen","floor":22,"turns":6},{"damage":41,"enemies":"Gremlin Leader","floor":25,"turns":2}],"seed_played":"-5463843534218817385","potions_obtained":[{"floor":3,"key":"SkillPotion"},{"floor":4,"key":"PowerPotion"},{"floor":8,"key":"Swift Potion"},{"floor":10,"key":"Fire Potion"},{"floor":22,"key":"Fire Potion"}],"is_trial":false,"path_per_floor":["M","M","M","M","?","R","$","M","T","?","E","R","M","$","R","B",null,"M","M","$","?","M","R","?"],"character_chosen":"DEFECT","items_purchased":["Reinforced Body","Creative AI","Capacitor"],"campfire_rested":0,"item_purchase_floors":[7,14,20],"current_hp_per_floor":[68,68,68,64,64,64,64,71,71,55,35,35,35,35,35,23,62,62,62,62,62,32,32,32,0],"gold":22,"neow_bonus":"HUNDRED_GOLD","is_prod":false,"is_daily":false,"chose_seed":false,"campfire_upgraded":4,"win_rate":0,"timestamp":1532033769,"path_taken":["M","M","M","M","?","R","$","M","T","?","E","R","M","$","R","BOSS","M","?","$","?","M","R","?","E"],"build_version":"2018-07-19","purchased_purges":2,"victory":false,"max_hp_per_floor":[75,75,75,75,75,75,75,75,75,75,75,75,75,75,75,75,75,75,75,75,75,75,75,75,75],"card_choices":[{"not_picked":["Sweeping Beam","Static Discharge"],"picked":"Conserve Battery","floor":1},{"not_picked":["Cold Snap","Sweeping Beam"],"picked":"Gash","floor":2},{"not_picked":["Rip and Tear","Fusion","Stack"],"picked":"SKIP","floor":3},{"not_picked":["Beam Cell","Compile Driver"],"picked":"Storm","floor":4},{"not_picked":["Reprogram","Compile Driver"],"picked":"Capacitor","floor":8},{"not_picked":["Barrage","Reinforced Body"],"picked":"Glacier","floor":11},{"not_picked":["Doom and Gloom","Go for the Eyes"],"picked":"Ball Lightning","floor":13},{"not_picked":["Multi-Cast","Biased Cognition"],"picked":"Buffer","floor":16},{"not_picked":["Steam","Go for the Eyes"],"picked":"Leap+1","floor":18},{"not_picked":["Doom and Gloom","Cold Snap","Sweeping Beam+1"],"picked":"SKIP","floor":19},{"not_picked":["Static Discharge","Chaos"],"picked":"Conserve Battery","floor":22}],"player_experience":439683,"relics_obtained":[{"floor":9,"key":"DataDisk"},{"floor":10,"key":"Oddly Smooth Stone"},{"floor":11,"key":"Bag of Preparation"}],"event_choices":[{"event_name":"Accursed Blacksmith","player_choice":"Forge","floor":5,"damage_taken":0},{"event_name":"Dead Adventurer","player_choice":"Searched \u00272\u0027 times","floor":10,"damage_taken":0},{"event_name":"Back to Basics","player_choice":"Elegance","floor":21,"damage_taken":0},{"event_name":"Beggar","player_choice":"Gave Gold","floor":24,"damage_taken":0}],"is_beta":true,"boss_relics":[{"not_picked":["Lizard Tail","Ectoplasm"],"picked":"Pandora\u0027s Box"}],"items_purged_floors":[7,20],"is_endless":false,"potions_floor_spawned":[3,4,8,10,22],"killed_by":"Gremlin Leader","ascension_level":9}