{"gold_per_floor":[118,118,118,133,153,153,187,187,187,215,215,241,13,27,27,131,131,151,76,28,28,28,28,60,60,60,60,89,104,139,153,153,254,254,267,267,267,267,286,316,64,93,93,128,141,141,42,62,62,62],"floor_reached":51,"playtime":1807,"items_purged":["Regret","Shame"],"score":1354,"play_id":"a6ca0d2c-3f21-4512-b3cb-297e4f21cca7","local_time":"20190203163348","is_ascension_mode":true,"campfire_choices":[{"data":"Cleave","floor":6,"key":"SMITH"},{"data":"Feel No Pain","floor":8,"key":"SMITH"},{"data":"Fiend Fire","floor":15,"key":"SMITH"},{"floor":23,"key":"REST"},{"floor":27,"key":"REST"},{"data":"Power Through","floor":32,"key":"SMITH"},{"data":"Evolve","floor":49,"key":"SMITH"}],"neow_cost":"NONE","seed_source_timestamp":113048486614800,"circlet_count":0,"master_deck":["Strike_R","Strike_R+1","Defend_R","Defend_R","Defend_R","Defend_R","Bash+1","Feel No Pain+1","Cleave+1","Power Through+1","Rage","Fiend Fire+1","Impervious","Entrench","True Grit+1","Body Slam","Reaper","Entrench+1","Impervious","Evolve+1","Body Slam+1","Body Slam"],"relics":["Burning Blood","NeowsBlessing","Mummified Hand","Oddly Smooth Stone","Dodecahedron","Singing Bowl","Snecko Eye","Enchiridion","Anchor","Mercury Hourglass","Meat on the Bone","Omamori","Shuriken","Coffee Dripper","Magic Flower","Pocketwatch","Gambling Chip","Bottled Tornado","Calipers"],"potions_floor_usage":[16,16,16,24,33,33,42,50,50,50,50,50],"damage_taken":[{"damage":0,"enemies":"Jaw Worm","floor":1,"turns":1},{"damage":0,"enemies":"2 Louse","floor":4,"turns":1},{"damage":0,"enemies":"Cultist","floor":5,"turns":1},{"damage":22,"enemies":"3 Sentries","floor":7,"turns":7},{"damage":8,"enemies":"Gremlin Nob","floor":10,"turns":3},{"damage":28,"enemies":"3 Sentries","floor":12,"turns":10},{"damage":9,"enemies":"2 Fungi Beasts","floor":14,"turns":3},{"damage":54,"enemies":"Slime Boss","floor":16,"turns":16},{"damage":11,"enemies":"Spheric Guardian","floor":18,"turns":3},{"damage":42,"enemies":"Book of Stabbing","floor":24,"turns":5},{"damage":1,"enemies":"Slavers","floor":28,"turns":5},{"damage":2,"enemies":"Shell Parasite","floor":29,"turns":3},{"damage":0,"enemies":"Gremlin Leader","floor":30,"turns":4},{"damage":0,"enemies":"Sentry and Sphere","floor":31,"turns":3},{"damage":37,"enemies":"Automaton","floor":33,"turns":11},{"damage":1,"enemies":"Orb Walker","floor":35,"turns":2},{"damage":0,"enemies":"3 Darklings","floor":39,"turns":4},{"damage":43,"enemies":"Nemesis","floor":40,"turns":5},{"damage":22,"enemies":"Giant Head","floor":42,"turns":8},{"damage":0,"enemies":"Nemesis","floor":44,"turns":5},{"damage":0,"enemies":"Maw","floor":45,"turns":6},{"damage":0,"enemies":"4 Shapes","floor":48,"turns":5},{"damage":0,"enemies":"Awakened One","floor":50,"turns":5}],"seed_played":"7634560636956221522","potions_obtained":[{"floor":1,"key":"SpeedPotion"},{"floor":7,"key":"BloodPotion"},{"floor":12,"key":"Regen Potion"},{"floor":24,"key":"SteroidPotion"},{"floor":28,"key":"Ancient Potion"},{"floor":29,"key":"SpeedPotion"},{"floor":31,"key":"Energy Potion"},{"floor":40,"key":"Poison Potion"},{"floor":42,"key":"SkillPotion"},{"floor":44,"key":"Strength Potion"}],"is_trial":false,"path_per_floor":["M","?","?","M","M","R","E","R","T","E","?","E","$","M","R","B",null,"M","?","$","?","?","R","E","?","T","R","E","M","E","M","R","B",null,"M","?","?","?","M","E","$","E","T","E","M","?","$","M","R","B",null],"character_chosen":"IRONCLAD","items_purchased":["Fiend Fire","SteroidPotion","Ancient Potion","Evolve","EntropicBrew"],"campfire_rested":2,"item_purchase_floors":[13,20,41,41,47],"current_hp_per_floor":[78,62,62,68,74,74,58,58,58,56,56,36,36,35,35,10,66,61,61,61,45,29,55,19,19,19,45,64,68,74,80,80,53,82,89,89,88,88,90,56,56,72,72,92,96,96,96,96,96,96],"gold":62,"neow_bonus":"THREE_ENEMY_KILL","is_prod":false,"is_daily":false,"chose_seed":false,"campfire_upgraded":5,"win_rate":0,"timestamp":1549179228,"path_taken":["M","?","?","M","?","R","E","R","T","E","?","E","$","M","R","BOSS","M","?","$","?","?","R","E","?","T","R","E","M","E","M","R","BOSS","M","?","?","?","M","E","$","E","T","E","M","?","$","M","R","BOSS"],"build_version":"2019-01-23","purchased_purges":2,"victory":true,"max_hp_per_floor":[80,80,80,80,80,80,80,80,80,80,80,82,82,84,84,84,84,84,84,84,84,89,89,89,89,89,89,91,91,91,91,91,91,91,93,93,88,88,90,92,92,94,94,94,96,96,96,96,96,96],"card_choices":[{"not_picked":["Burning Pact","Headbutt","Pommel Strike"],"picked":"SKIP","floor":1},{"not_picked":["Iron Wave","Twin Strike"],"picked":"Feel No Pain","floor":4},{"not_picked":["Intimidate","Clothesline"],"picked":"Cleave","floor":5},{"not_picked":["Warcry","Sentinel"],"picked":"Power Through","floor":7},{"not_picked":["Shrug It Off","Perfected Strike"],"picked":"Rage","floor":10},{"not_picked":["Searing Blow","Flex","Thunderclap"],"picked":"Singing Bowl","floor":12},{"not_picked":["Twin Strike","Hemokinesis","Clothesline"],"picked":"Singing Bowl","floor":14},{"not_picked":["Exhume","Berserk"],"picked":"Impervious","floor":16},{"not_picked":["Carnage","Perfected Strike"],"picked":"Entrench","floor":18},{"not_picked":["Flex","Second Wind"],"picked":"True Grit+1","floor":24},{"not_picked":["Armaments+1","Fiend Fire","Havoc+1"],"picked":"Singing Bowl","floor":28},{"not_picked":["Perfected Strike","True Grit+1"],"picked":"Body Slam","floor":29},{"not_picked":["Uppercut","Sever Soul+1"],"picked":"Reaper","floor":30},{"not_picked":["Second Wind","Hemokinesis+1"],"picked":"Entrench+1","floor":31},{"not_picked":["Double Tap","Brutality"],"picked":"Impervious","floor":33},{"not_picked":["Flex","Power Through","Clothesline+1"],"picked":"Singing Bowl","floor":35},{"not_picked":["Feel No Pain+1","Cleave+1","Iron Wave"],"picked":"Singing Bowl","floor":39},{"not_picked":["Rage+1","Bloodletting+1","Blood for Blood+1"],"picked":"Singing Bowl","floor":40},{"not_picked":["Intimidate","Wild Strike","Ghostly Armor"],"picked":"Singing Bowl","floor":42},{"not_picked":["Corruption","Flame Barrier"],"picked":"Body Slam+1","floor":44},{"not_picked":["True Grit","Twin Strike","Clothesline+1"],"picked":"Singing Bowl","floor":45},{"not_picked":["Armaments","True Grit"],"picked":"Body Slam","floor":48}],"player_experience":25001,"relics_obtained":[{"floor":9,"key":"Mummified Hand"},{"floor":10,"key":"Oddly Smooth Stone"},{"floor":12,"key":"Singing Bowl"},{"floor":21,"key":"Enchiridion"},{"floor":24,"key":"Anchor"},{"floor":26,"key":"Meat on the Bone"},{"floor":28,"key":"Omamori"},{"floor":30,"key":"Shuriken"},{"floor":40,"key":"Magic Flower"},{"floor":42,"key":"Pocketwatch"},{"floor":43,"key":"Gambling Chip"},{"floor":44,"key":"Bottled Tornado"}],"event_choices":[{"damage_healed":0,"gold_gain":0,"player_choice":"Entered Light","damage_taken":16,"max_hp_gain":0,"max_hp_loss":0,"event_name":"Shining Light","floor":2,"gold_loss":0,"cards_upgraded":["Strike_R","Bash"]},{"cards_removed":["Strike_R"],"damage_healed":0,"gold_gain":0,"player_choice":"Offered Basic","damage_taken":0,"max_hp_gain":0,"max_hp_loss":0,"event_name":"Bonfire Elementals","floor":3,"gold_loss":0},{"damage_healed":0,"gold_gain":0,"player_choice":"Box","damage_taken":0,"relics_obtained":["Dodecahedron"],"max_hp_gain":0,"max_hp_loss":0,"event_name":"Big Fish","floor":11,"gold_loss":0,"cards_obtained":["Regret"]},{"cards_removed":["Strike_R"],"damage_healed":0,"gold_gain":0,"player_choice":"Gave Gold","damage_taken":0,"max_hp_gain":0,"max_hp_loss":0,"event_name":"Beggar","floor":19,"gold_loss":75},{"damage_healed":0,"gold_gain":0,"player_choice":"Obtained Book","damage_taken":16,"max_hp_gain":0,"max_hp_loss":0,"event_name":"Cursed Tome","floor":21,"gold_loss":0},{"damage_healed":0,"gold_gain":0,"player_choice":"Shed Blood","damage_taken":21,"max_hp_gain":5,"max_hp_loss":0,"event_name":"Forgotten Altar","floor":22,"gold_loss":0},{"damage_healed":0,"gold_gain":0,"player_choice":"Stole Relic","damage_taken":0,"relics_obtained":["Mercury Hourglass"],"max_hp_gain":0,"max_hp_loss":0,"event_name":"Addict","floor":25,"gold_loss":0,"cards_obtained":["Shame"]},{"damage_healed":0,"gold_gain":0,"player_choice":"Ignored","damage_taken":0,"max_hp_gain":0,"max_hp_loss":0,"event_name":"Tomb of Lord Red Mask","floor":36,"gold_loss":0},{"damage_healed":0,"gold_gain":0,"player_choice":"Max HP","damage_taken":0,"max_hp_gain":0,"max_hp_loss":5,"event_name":"Winding Halls","floor":37,"gold_loss":0},{"cards_removed":["Strike_R"],"damage_healed":0,"gold_gain":0,"player_choice":"Removed Attack","damage_taken":0,"max_hp_gain":0,"max_hp_loss":0,"event_name":"Falling","floor":38,"gold_loss":0},{"damage_healed":0,"gold_gain":0,"player_choice":"Gave Potion","damage_taken":0,"relics_obtained":["Calipers"],"max_hp_gain":0,"max_hp_loss":0,"event_name":"WeMeetAgain","floor":46,"gold_loss":0}],"is_beta":false,"boss_relics":[{"not_picked":["White Beast Statue","Astrolabe"],"picked":"Snecko Eye"},{"not_picked":["Velvet Choker","Busted Crown"],"picked":"Coffee Dripper"}],"items_purged_floors":[13,41],"is_endless":false,"potions_floor_spawned":[1,7,12,24,28,29,31,40,42,44],"ascension_level":9}