{"gold_per_floor":[112,127,144,144,156,191,209,209,209,235,235,254,254,254,254,254],"floor_reached":16,"playtime":442,"items_purged":[],"score":224,"play_id":"2751116d-75bb-43d9-b080-60f7f72daaa2","local_time":"20190226130735","is_ascension_mode":true,"campfire_choices":[{"floor":8,"key":"REST"},{"floor":13,"key":"REST"},{"data":"Pain","floor":15,"key":"PURGE"}],"neow_cost":"NONE","seed_source_timestamp":16345860502600,"circlet_count":0,"master_deck":["AscendersBane","Strike_B","Strike_B","Strike_B","Strike_B","Defend_B","Defend_B","Defend_B","Defend_B","Zap","Dualcast","Loop","Core Surge","Gash","Cold Snap","All For One","Cold Snap"],"relics":["Cracked Core","NeowsBlessing","WarpedTongs","FossilizedHelix","Peace Pipe","Toxic Egg 2","Golden Idol"],"potions_floor_usage":[7,12],"damage_taken":[{"damage":0,"enemies":"Small Slimes","floor":1,"turns":1},{"damage":0,"enemies":"Cultist","floor":2,"turns":1},{"damage":0,"enemies":"2 Louse","floor":3,"turns":1},{"damage":15,"enemies":"Large Slime","floor":5,"turns":4},{"damage":48,"enemies":"Gremlin Nob","floor":6,"turns":5},{"damage":0,"enemies":"3 Louse","floor":7,"turns":3},{"damage":21,"enemies":"Lagavulin","floor":10,"turns":8},{"damage":0,"enemies":"Red Slaver","floor":12,"turns":2},{"damage":6,"enemies":"Hexaghost","floor":16,"turns":9}],"seed_played":"5167216014404339461","potions_obtained":[{"floor":6,"key":"GamblersBrew"},{"floor":10,"key":"FocusPotion"}],"is_trial":false,"path_per_floor":["M","M","M","?","M","E","M","R","T","E","?","M","R","?","R","B"],"character_chosen":"DEFECT","items_purchased":[],"campfire_rested":2,"item_purchase_floors":[],"current_hp_per_floor":[64,64,64,64,49,1,1,22,22,1,1,1,22,22,22,16],"gold":254,"neow_bonus":"THREE_ENEMY_KILL","is_prod":false,"is_daily":false,"chose_seed":false,"campfire_upgraded":0,"win_rate":0,"timestamp":1551154055,"path_taken":["M","M","M","?","M","E","?","R","T","E","?","M","R","?","R","BOSS"],"build_version":"2019-01-23","purchased_purges":0,"victory":false,"max_hp_per_floor":[71,71,71,71,71,71,71,71,71,71,71,71,71,64,64,64],"card_choices":[{"not_picked":["Cold Snap","Streamline"],"picked":"Loop","floor":1},{"not_picked":["Redo","Go for the Eyes","Steam"],"picked":"SKIP","floor":2},{"not_picked":["White Noise","Coolheaded"],"picked":"Core Surge","floor":3},{"not_picked":["Stack","Streamline"],"picked":"Gash","floor":5},{"not_picked":["Turbo","White Noise"],"picked":"Cold Snap","floor":6},{"not_picked":["Beam Cell","Hello World","Barrage"],"picked":"SKIP","floor":7},{"not_picked":["Auto Shields","Barrage"],"picked":"All For One","floor":10},{"not_picked":["Redo+1","Stack+1"],"picked":"Cold Snap","floor":12}],"player_experience":1830543,"relics_obtained":[{"floor":6,"key":"FossilizedHelix"},{"floor":9,"key":"Peace Pipe"},{"floor":10,"key":"Toxic Egg 2"}],"event_choices":[{"damage_healed":0,"gold_gain":0,"player_choice":"Rummage","damage_taken":0,"relics_obtained":["WarpedTongs"],"max_hp_gain":0,"max_hp_loss":0,"event_name":"Accursed Blacksmith","floor":4,"gold_loss":0,"cards_obtained":["Pain"]},{"damage_healed":0,"gold_gain":0,"player_choice":"Ignored","damage_taken":0,"max_hp_gain":0,"max_hp_loss":0,"event_name":"Shining Light","floor":11,"gold_loss":0},{"damage_healed":0,"gold_gain":0,"player_choice":"Lose Max HP","damage_taken":0,"relics_obtained":["Golden Idol"],"max_hp_gain":0,"max_hp_loss":7,"event_name":"Golden Idol","floor":14,"gold_loss":0}],"is_beta":false,"boss_relics":[],"items_purged_floors":[],"is_endless":false,"potions_floor_spawned":[6,10],"killed_by":"Hexaghost","ascension_level":20}