{"gold_per_floor":[114,6,6,81,94,94,124,139,207,231,231,99,99,133,133,204,204,222,10,27,38,51,51,79,93,93,111,111,136,136,36,36,113,113,123,27,27,37,54,88,88,121,147,22,32,61,76,176,176,176,176,176,176,90,116,116],"floor_reached":57,"playtime":2686,"items_purged":["Defend_B","Strike_B","Electrodynamics"],"score":2736,"play_id":"6f8cc7b6-0900-47cd-b805-4087df546bc4","local_time":"20190417203451","is_ascension_mode":true,"campfire_choices":[{"data":"Zap","floor":6,"key":"SMITH"},{"floor":11,"key":"REST"},{"data":"Streamline","floor":15,"key":"SMITH"},{"floor":23,"key":"REST"},{"data":"Loop","floor":28,"key":"SMITH"},{"data":"Defragment","floor":30,"key":"SMITH"},{"data":"Biased Cognition","floor":32,"key":"SMITH"},{"data":"Recycle","floor":41,"key":"SMITH"},{"floor":49,"key":"RECALL"},{"data":"Coolheaded","floor":53,"key":"SMITH"}],"neow_cost":"NONE","seed_source_timestamp":144021723754800,"circlet_count":0,"master_deck":["AscendersBane","Zap+1","Dualcast","Bandage Up","Cold Snap","Hologram","White Noise","Coolheaded","Streamline+1","Biased Cognition+1","Defragment+1","Loop+1","Chill+1","Core Surge","Steam Power+1","Amplify","Rainbow","Electrodynamics","All For One","White Noise","Self Repair","Recycle+1","Chill","Coolheaded+1","Cold Snap+1","Static Discharge","Force Field"],"relics":["Cracked Core","NeowsBlessing","Strawberry","Dodecahedron","Odd Mushroom","Matryoshka","Sozu","OrangePellets","Pear","Pen Nib","Gambling Chip","Oddly Smooth Stone","Blood Vial","Pandora\u0027s Box","DataDisk","Darkstone Periapt","Molten Egg 2","Bag of Preparation","Ice Cream","Ginger"],"potions_floor_usage":[14,16,24],"damage_taken":[{"damage":0,"enemies":"Cultist","floor":1,"turns":1},{"damage":0,"enemies":"Small Slimes","floor":5,"turns":1},{"damage":0,"enemies":"Lagavulin","floor":7,"turns":1},{"damage":0,"enemies":"Jaw Worm","floor":8,"turns":3},{"damage":23,"enemies":"The Mushroom Lair","floor":10,"turns":5},{"damage":26,"enemies":"3 Sentries","floor":14,"turns":8},{"damage":21,"enemies":"Slime Boss","floor":16,"turns":6},{"damage":13,"enemies":"Chosen","floor":18,"turns":5},{"damage":0,"enemies":"Spheric Guardian","floor":20,"turns":4},{"damage":19,"enemies":"Centurion and Healer","floor":21,"turns":6},{"damage":10,"enemies":"Cultist and Chosen","floor":22,"turns":5},{"damage":4,"enemies":"Book of Stabbing","floor":24,"turns":7},{"damage":6,"enemies":"Shelled Parasite and Fungi","floor":25,"turns":6},{"damage":7,"enemies":"Snecko","floor":27,"turns":7},{"damage":20,"enemies":"Automaton","floor":33,"turns":9},{"damage":27,"enemies":"3 Darklings","floor":35,"turns":4},{"damage":0,"enemies":"3 Shapes","floor":38,"turns":3},{"damage":20,"enemies":"Transient","floor":39,"turns":6},{"damage":36,"enemies":"Nemesis","floor":40,"turns":5},{"damage":9,"enemies":"Reptomancer","floor":42,"turns":5},{"damage":0,"enemies":"Jaw Worm Horde","floor":45,"turns":3},{"damage":17,"enemies":"Giant Head","floor":46,"turns":10},{"damage":0,"enemies":"Spire Growth","floor":47,"turns":4},{"damage":0,"enemies":"Mind Bloom Boss Battle","floor":48,"turns":3},{"damage":1,"enemies":"Awakened One","floor":50,"turns":12},{"damage":15,"enemies":"Donu and Deca","floor":51,"turns":7},{"damage":49,"enemies":"Shield and Spear","floor":55,"turns":6},{"damage":49,"enemies":"The Heart","floor":56,"turns":12}],"seed_played":"-6777109276785072902","potions_obtained":[{"floor":8,"key":"FearPotion"},{"floor":10,"key":"GamblersBrew"},{"floor":16,"key":"FocusPotion"}],"is_trial":false,"path_per_floor":["M","$","?","?","M","R","E","M","T","?","R","$","?","E","R","B",null,"M","$","M","M","M","R","E","M","T","M","R","T","R","$","R","B",null,"M","?","$","M","M","E","R","E","T","$","M","E","M","?","R","B","B",null,"R","$","E","B",null],"character_chosen":"DEFECT","items_purchased":["Bandage Up","Coolheaded","OrangePellets","Static Discharge"],"campfire_rested":2,"item_purchase_floors":[2,12,19,54],"current_hp_per_floor":[64,64,43,32,36,36,43,47,47,28,51,51,51,29,29,12,62,53,53,57,42,36,59,69,67,67,68,68,68,68,68,68,54,80,59,59,59,72,72,56,56,53,53,53,59,62,68,74,74,86,84,87,87,87,61,25],"gold":116,"neow_bonus":"THREE_ENEMY_KILL","is_prod":false,"is_daily":false,"chose_seed":false,"campfire_upgraded":7,"win_rate":0,"timestamp":1555500891,"path_taken":["M","?","?","?","M","R","E","?","T","?","R","$","?","E","R","BOSS","M","$","M","M","?","R","E","M","T","M","R","?","R","?","R","BOSS","M","?","?","M","M","E","R","E","T","$","?","E","M","?","R","BOSS","BOSS","R","$","E","BOSS"],"build_version":"2019-01-23","purchased_purges":3,"victory":true,"max_hp_per_floor":[71,71,71,71,71,71,78,78,78,78,78,78,78,78,78,78,78,78,78,78,78,78,78,88,88,88,88,88,88,88,88,88,88,88,88,88,88,88,88,88,88,88,88,88,88,88,88,88,88,88,88,88,88,88,88,88],"card_choices":[{"not_picked":["Barrage","Heatsinks","Go for the Eyes"],"picked":"SKIP","floor":1},{"not_picked":["Barrage","BootSequence"],"picked":"Cold Snap","floor":5},{"not_picked":["Gash","Stack","Fusion"],"picked":"SKIP","floor":7},{"not_picked":["Steam","Fusion"],"picked":"Hologram","floor":8},{"not_picked":["Recycle","Static Discharge"],"picked":"White Noise","floor":10},{"not_picked":["Static Discharge","Compile Driver"],"picked":"Streamline","floor":14},{"not_picked":["Machine Learning","Seek"],"picked":"Biased Cognition","floor":16},{"not_picked":["Hologram","BootSequence"],"picked":"Defragment","floor":18},{"not_picked":["Go for the Eyes","Consume"],"picked":"Loop","floor":20},{"not_picked":["Leap","Force Field+1"],"picked":"Chill+1","floor":21},{"not_picked":["Steam Power","Barrage"],"picked":"Core Surge","floor":22},{"not_picked":["Hologram","Gash","Reinforced Body+1"],"picked":"SKIP","floor":24},{"not_picked":["Redo","Rebound","Lockon"],"picked":"SKIP","floor":25},{"not_picked":["Gash","Barrage","Steam Power+1"],"picked":"SKIP","floor":27},{"not_picked":["Gash","Barrage"],"picked":"Steam Power+1","floor":27},{"not_picked":["Rainbow","All For One"],"picked":"Electrodynamics","floor":33},{"not_picked":["Redo","Ball Lightning+1"],"picked":"Self Repair","floor":35},{"not_picked":["Beam Cell","BootSequence","Fusion"],"picked":"SKIP","floor":38},{"not_picked":["Melter+1","Steam"],"picked":"Recycle","floor":39},{"not_picked":["Darkness","Go for the Eyes"],"picked":"Chill","floor":40},{"not_picked":["Go for the Eyes","Steam"],"picked":"Coolheaded","floor":42},{"not_picked":["Beam Cell+1","Hologram"],"picked":"Cold Snap+1","floor":45},{"not_picked":["Barrage+1","Buffer","Ball Lightning+1"],"picked":"SKIP","floor":46},{"not_picked":["Rebound+1","Hologram","Go for the Eyes+1"],"picked":"SKIP","floor":47},{"not_picked":["Beam Cell+1","Aggregate+1"],"picked":"Force Field","floor":55}],"player_experience":3203375,"relics_obtained":[{"floor":7,"key":"Strawberry"},{"floor":9,"key":"Dodecahedron"},{"floor":10,"key":"Odd Mushroom"},{"floor":14,"key":"Matryoshka"},{"floor":24,"key":"Pear"},{"floor":26,"key":"Pen Nib"},{"floor":26,"key":"Gambling Chip"},{"floor":29,"key":"Oddly Smooth Stone"},{"floor":29,"key":"Blood Vial"},{"floor":40,"key":"Darkstone Periapt"},{"floor":42,"key":"Molten Egg 2"},{"floor":46,"key":"Bag of Preparation"},{"floor":48,"key":"Ice Cream"},{"floor":55,"key":"Ginger"}],"event_choices":[{"damage_healed":0,"gold_gain":0,"player_choice":"Entered Light","damage_taken":21,"max_hp_gain":0,"max_hp_loss":0,"event_name":"Shining Light","floor":3,"gold_loss":0,"cards_upgraded":["Strike_B","Defend_B"]},{"damage_healed":0,"gold_gain":75,"player_choice":"Gather Gold","damage_taken":11,"max_hp_gain":0,"max_hp_loss":0,"event_name":"World of Goop","floor":4,"gold_loss":0},{"damage_healed":0,"gold_gain":0,"player_choice":"Fought Mushrooms","damage_taken":0,"max_hp_gain":0,"max_hp_loss":0,"event_name":"Mushrooms","floor":10,"gold_loss":0},{"cards_removed":["Defend_B"],"damage_healed":0,"gold_gain":0,"player_choice":"Card Removal","damage_taken":0,"max_hp_gain":0,"max_hp_loss":0,"event_name":"Wheel of Change","floor":13,"gold_loss":0},{"damage_healed":0,"gold_gain":0,"player_choice":"Paid Gold","damage_taken":0,"relics_obtained":["DataDisk"],"max_hp_gain":0,"max_hp_loss":0,"event_name":"WeMeetAgain","floor":36,"gold_loss":96},{"damage_healed":0,"gold_gain":0,"player_choice":"Fight","damage_taken":0,"max_hp_gain":0,"max_hp_loss":0,"event_name":"MindBloom","floor":48,"gold_loss":0}],"is_beta":false,"boss_relics":[{"not_picked":["FrozenCore","Lizard Tail"],"picked":"Sozu"},{"not_picked":["White Beast Statue","Velvet Choker"],"picked":"Pandora\u0027s Box"}],"items_purged_floors":[12,31,44],"is_endless":false,"potions_floor_spawned":[8,10,16,18,22,25,27,33,35,39,42,47,55],"ascension_level":20}