{"gold_per_floor":[14,14,14,29,50,83,7,7,7,40,55,71,115,115,115,240,240,253,378,403,278,278,317,344,390,402,430,485,518,544,592,604,747,759,792,825,860,292,311,350,394,394,394,438,479,519,196,210,210,210,210,210,91,132,132],"floor_reached":56,"playtime":9635,"items_purged":["Strike_R","Strike_R","Strike_R"],"score":2159,"play_id":"84f04559-e96e-4885-8a28-9e428f998860","local_time":"20190419223954","is_ascension_mode":true,"campfire_choices":[{"data":"Uppercut","floor":8.0,"key":"SMITH"},{"data":"True Grit","floor":15.0,"key":"SMITH"},{"data":"Pommel Strike","floor":32.0,"key":"SMITH"},{"data":"Flame Barrier","floor":42.0,"key":"SMITH"},{"floor":49,"key":"RECALL"},{"data":"Impervious","floor":52,"key":"SMITH"}],"neow_cost":"NO_GOLD","seed_source_timestamp":0,"circlet_count":0,"master_deck":["Defend_R","Defend_R","Defend_R","Defend_R","Bash","Anger","Clothesline","Shrug It Off","Battle Trance","Uppercut+1","Spot Weakness","True Grit+1","Shrug It Off","Feed","Reaper","Uppercut","Thunderclap","Battle Trance+1","Corruption","Impervious+1","Flame Barrier+1","Whirlwind+1","Feel No Pain+1","Shrug It Off","Shockwave","Pommel Strike+1","Barricade","Pummel","Heavy Blade+1","Limit Break","Sadistic Nature","Dark Embrace","Pommel Strike","Shockwave","True Grit+1","Feel No Pain"],"special_seed":0,"relics":["Burning Blood","Golden Idol","Champion Belt","FossilizedHelix","Smiling Mask","Happy Flower","Coffee Dripper","WingedGreaves","Dodecahedron","MawBank","Lantern","Mercury Hourglass","Boot","Pear","Sozu","Shuriken","Ornamental Fan","Meat on the Bone","Centennial Puzzle","Potion Belt","Magic Flower","Chemical X","Kunai"],"potions_floor_usage":[54,55],"damage_taken":[{"damage":0.0,"enemies":"2 Louse","floor":1.0,"turns":5.0},{"damage":1.0,"enemies":"Cultist","floor":4.0,"turns":4.0},{"damage":4.0,"enemies":"Jaw Worm","floor":5.0,"turns":4.0},{"damage":39.0,"enemies":"3 Sentries","floor":6.0,"turns":10.0},{"damage":7.0,"enemies":"Lagavulin","floor":10.0,"turns":6.0},{"damage":5.0,"enemies":"Gremlin Gang","floor":11.0,"turns":4.0},{"damage":0.0,"enemies":"Blue Slaver","floor":12.0,"turns":3.0},{"damage":19.0,"enemies":"3 Sentries","floor":13.0,"turns":7.0},{"damage":8.0,"enemies":"Slime Boss","floor":16.0,"turns":8.0},{"damage":9.0,"enemies":"3 Byrds","floor":18.0,"turns":6.0},{"damage":16.0,"enemies":"Colosseum Slavers","floor":19.0,"turns":9.0},{"damage":31.0,"enemies":"Colosseum Nobs","floor":19.0,"turns":5.0},{"damage":8.0,"enemies":"Spheric Guardian","floor":20.0,"turns":5.0},{"damage":27.0,"enemies":"Slavers","floor":23.0,"turns":6.0},{"damage":3.0,"enemies":"Snecko","floor":24.0,"turns":7.0},{"damage":13.0,"enemies":"Book of Stabbing","floor":25.0,"turns":5.0},{"damage":5.0,"enemies":"Snake Plant","floor":27.0,"turns":4.0},{"damage":10.0,"enemies":"Slavers","floor":28.0,"turns":3.0},{"damage":2.0,"enemies":"Sentry and Sphere","floor":29.0,"turns":5.0},{"damage":0.0,"enemies":"Centurion and Healer","floor":30.0,"turns":5.0},{"damage":44.0,"enemies":"Book of Stabbing","floor":31.0,"turns":8.0},{"damage":79.0,"enemies":"Collector","floor":33.0,"turns":11.0},{"damage":12.0,"enemies":"3 Darklings","floor":35.0,"turns":5.0},{"damage":0.0,"enemies":"3 Shapes","floor":36.0,"turns":5.0},{"damage":0.0,"enemies":"Jaw Worm Horde","floor":37.0,"turns":2.0},{"damage":0.0,"enemies":"Transient","floor":39.0,"turns":5.0},{"damage":0.0,"enemies":"Reptomancer","floor":40.0,"turns":6.0},{"damage":0.0,"enemies":"Giant Head","floor":41.0,"turns":9.0},{"damage":0,"enemies":"Nemesis","floor":44,"turns":9},{"damage":0,"enemies":"Giant Head","floor":45,"turns":7},{"damage":5,"enemies":"Nemesis","floor":46,"turns":10},{"damage":0,"enemies":"3 Darklings","floor":48,"turns":7},{"damage":27,"enemies":"Donu and Deca","floor":50,"turns":9},{"damage":56,"enemies":"Shield and Spear","floor":54,"turns":11},{"damage":78,"enemies":"The Heart","floor":55,"turns":11}],"seed_played":"-8562594073362235053","potions_obtained":[{"floor":10.0,"key":"LiquidBronze"},{"floor":11.0,"key":"AttackPotion"},{"floor":12.0,"key":"Block Potion"},{"floor":16.0,"key":"SkillPotion"},{"floor":20.0,"key":"EssenceOfSteel"},{"floor":25.0,"key":"Energy Potion"},{"floor":31.0,"key":"BloodPotion"}],"is_trial":false,"path_per_floor":["M","?","?","M","M","E","$","R","T","E","M","M","E","?","R","B",null,"M","?","M","$","?","E","M","E","T","M","E","M","M","E","R","B",null,"M","M","M","$","M","E","E","R","T","E","E","E","$","M","R","B",null,"R","$","E","B",null],"character_chosen":"IRONCLAD","items_purchased":["Uppercut","Corruption","Limit Break","Shuriken","Sadistic Nature","Chemical X","Shockwave","Feel No Pain"],"campfire_rested":0,"item_purchase_floors":[7,21,38,38,38,47,47,53],"current_hp_per_floor":[80,60,60,65,67,34,34,34,34,33,34,40,27,27,27,28,69,75,70,71,71,62,58,74,67,67,68,64,71,87,74,74,28,95,110,123,123,123,123,126,129,129,129,132,135,138,138,141,141,144,144,144,144,108,87],"gold":132,"neow_bonus":"REMOVE_TWO","is_prod":false,"is_daily":false,"chose_seed":false,"campfire_upgraded":5,"win_rate":0,"timestamp":1555727994,"path_taken":["M","?","?","M","M","E","$","R","T","E","M","M","E","?","R","BOSS","M","?","M","$","?","E","M","E","T","?","E","M","M","E","R","BOSS","M","M","M","$","M","E","E","R","T","E","E","E","$","M","R","BOSS","R","$","E","BOSS"],"build_version":"2019-01-23","purchased_purges":3,"victory":true,"max_hp_per_floor":[80,80,80,80,80,80,80,80,80,80,80,80,80,80,80,83,83,86,92,95,95,95,98,101,101,101,101,101,101,104,114,114,117,117,120,123,123,123,123,126,129,129,129,132,135,138,138,141,141,144,144,144,144,147,147],"card_choices":[{"not_picked":["Headbutt","Body Slam"],"picked":"Anger","floor":1.0},{"not_picked":["Sever Soul","Metallicize"],"picked":"Clothesline","floor":4.0},{"not_picked":["Warcry","Havoc"],"picked":"Shrug It Off","floor":5.0},{"not_picked":["Headbutt","Double Tap"],"picked":"Battle Trance","floor":6.0},{"not_picked":["Shrug It Off","Wild Strike"],"picked":"Spot Weakness","floor":10.0},{"not_picked":["Perfected Strike","Pommel Strike","Clash"],"picked":"SKIP","floor":11.0},{"not_picked":["Fiend Fire","Clash"],"picked":"True Grit","floor":12.0},{"not_picked":["Searing Blow","Flex"],"picked":"Shrug It Off","floor":13.0},{"not_picked":["Demon Form","Double Tap"],"picked":"Reaper","floor":16.0},{"not_picked":["Sword Boomerang","Sentinel"],"picked":"Uppercut","floor":18.0},{"not_picked":["Armaments","Reckless Charge"],"picked":"Thunderclap","floor":19.0},{"not_picked":["Body Slam","Reckless Charge"],"picked":"Battle Trance+1","floor":20.0},{"not_picked":["Clash","Twin Strike"],"picked":"Impervious","floor":23.0},{"not_picked":["Twin Strike","Fire Breathing","Headbutt"],"picked":"SKIP","floor":24.0},{"not_picked":["Perfected Strike","Warcry"],"picked":"Flame Barrier","floor":25.0},{"not_picked":["Clash","Bloodletting+1"],"picked":"Whirlwind+1","floor":27.0},{"not_picked":["Anger","Clash+1"],"picked":"Feel No Pain+1","floor":28.0},{"not_picked":["Cleave","Clash"],"picked":"Shrug It Off","floor":29.0},{"not_picked":["Warcry","Havoc+1"],"picked":"Shockwave","floor":30.0},{"not_picked":["Clothesline","Intimidate"],"picked":"Pommel Strike","floor":31.0},{"not_picked":["Juggernaut","Berserk"],"picked":"Barricade","floor":33.0},{"not_picked":["Clash","Intimidate+1"],"picked":"Pummel","floor":35.0},{"not_picked":["Havoc+1","Headbutt"],"picked":"Heavy Blade+1","floor":36.0},{"not_picked":["Second Wind","Hemokinesis","Flex"],"picked":"SKIP","floor":37.0},{"not_picked":["Headbutt","Anger","Thunderclap"],"picked":"SKIP","floor":39.0},{"not_picked":["Sword Boomerang","Immolate","Twin Strike"],"picked":"SKIP","floor":40.0},{"not_picked":["Brutality","Iron Wave"],"picked":"Dark Embrace","floor":41.0},{"not_picked":["Battle Trance+1","Second Wind+1","Inflame"],"picked":"SKIP","floor":44},{"not_picked":["Warcry","True Grit"],"picked":"Pommel Strike","floor":45},{"not_picked":["Brutality","Rupture","Havoc+1"],"picked":"SKIP","floor":46},{"not_picked":["Headbutt+1","Ghostly Armor"],"picked":"True Grit+1","floor":48},{"not_picked":["Perfected Strike","Uppercut","Headbutt"],"picked":"SKIP","floor":54}],"player_experience":224769,"relics_obtained":[{"floor":6.0,"key":"Champion Belt"},{"floor":9.0,"key":"FossilizedHelix"},{"floor":10.0,"key":"Smiling Mask"},{"floor":13.0,"key":"Happy Flower"},{"floor":19.0,"key":"WingedGreaves"},{"floor":19.0,"key":"Dodecahedron"},{"floor":23.0,"key":"MawBank"},{"floor":25.0,"key":"Lantern"},{"floor":26.0,"key":"Mercury Hourglass"},{"floor":28.0,"key":"Boot"},{"floor":31.0,"key":"Pear"},{"floor":40.0,"key":"Ornamental Fan"},{"floor":41.0,"key":"Meat on the Bone"},{"floor":44,"key":"Centennial Puzzle"},{"floor":45,"key":"Potion Belt"},{"floor":46,"key":"Magic Flower"},{"floor":54,"key":"Kunai"}],"event_choices":[{"damage_healed":0.0,"max_hp_gain":0.0,"max_hp_loss":0.0,"gold_gain":0.0,"event_name":"Golden Idol","player_choice":"Take Damage","floor":2.0,"gold_loss":0.0,"damage_taken":20.0,"relics_obtained":["Golden Idol"]},{"damage_healed":0.0,"max_hp_gain":0.0,"max_hp_loss":0.0,"gold_gain":0.0,"event_name":"Liars Game","player_choice":"Ignored","floor":3.0,"gold_loss":0.0,"damage_taken":0.0},{"damage_healed":0.0,"max_hp_gain":0.0,"max_hp_loss":0.0,"gold_gain":0.0,"event_name":"Match and Keep!","player_choice":"1 cards matched","floor":14.0,"gold_loss":0.0,"damage_taken":0.0,"cards_obtained":["Feed"]},{"damage_healed":0.0,"max_hp_gain":0.0,"max_hp_loss":0.0,"gold_gain":0.0,"event_name":"Colosseum","player_choice":"Fight","floor":19.0,"gold_loss":0.0,"damage_taken":0.0},{"damage_healed":0.0,"max_hp_gain":0.0,"max_hp_loss":0.0,"gold_gain":0.0,"event_name":"Colosseum","player_choice":"Fought Nobs","floor":19.0,"gold_loss":0.0,"damage_taken":0.0},{"damage_healed":0.0,"max_hp_gain":0.0,"max_hp_loss":0.0,"gold_gain":0.0,"event_name":"Knowing Skull","player_choice":"","floor":22.0,"potions_obtained":[],"gold_loss":0.0,"damage_taken":9.0,"cards_obtained":[]}],"is_beta":false,"boss_relics":[{"not_picked":["White Beast Statue","Pandora\u0027s Box"],"picked":"Coffee Dripper"},{"not_picked":["Orrery","Lizard Tail"],"picked":"Sozu"}],"items_purged_floors":[21,47,53],"is_endless":false,"potions_floor_spawned":[10,11,12,13,16,20,25,27,28,29,31,35,37,40,45,48],"ascension_level":5}