{"gold_per_floor":[119,119,119,131,150,150,178,178,204,204,232,247,267,287,287,364,364,264],"floor_reached":18,"playtime":523,"items_purged":[],"score":344,"play_id":"6d5e3e43-a510-472a-a8e2-486f222a1061","local_time":"20190228185402","is_ascension_mode":true,"campfire_choices":[{"data":"Cleave","floor":6,"key":"SMITH"},{"floor":8,"key":"REST"},{"data":"Bash","floor":15,"key":"SMITH"}],"neow_cost":"NONE","seed_source_timestamp":209852451684500,"circlet_count":0,"master_deck":["AscendersBane","Strike_R","Strike_R","Strike_R","Defend_R+1","Defend_R","Defend_R","Defend_R","Bash+1","True Grit+1","Flex","Cleave+1","Barricade","Fiend Fire","Power Through","Demon Form"],"relics":["Burning Blood","NeowsBlessing","Red Skull","Happy Flower","Ancient Tea Set","Orrery"],"potions_floor_usage":[11,13,16,16],"damage_taken":[{"damage":0,"enemies":"2 Louse","floor":1,"turns":1},{"damage":0,"enemies":"Cultist","floor":4,"turns":1},{"damage":0,"enemies":"Small Slimes","floor":5,"turns":1},{"damage":71,"enemies":"Gremlin Nob","floor":7,"turns":6},{"damage":1,"enemies":"3 Sentries","floor":11,"turns":6},{"damage":11,"enemies":"Blue Slaver","floor":12,"turns":4},{"damage":0,"enemies":"Large Slime","floor":13,"turns":4},{"damage":3,"enemies":"Exordium Wildlife","floor":14,"turns":3},{"damage":5,"enemies":"Hexaghost","floor":16,"turns":8},{"damage":36,"enemies":"2 Thieves","floor":18,"turns":5}],"seed_played":"-6423733996419989567","potions_obtained":[{"floor":7,"key":"SpeedPotion"},{"floor":11,"key":"SteroidPotion"},{"floor":13,"key":"Poison Potion"},{"floor":14,"key":"AttackPotion"}],"is_trial":false,"path_per_floor":["M","?","?","M","M","R","E","R","T","?","E","M","M","M","R","B",null,"M"],"character_chosen":"IRONCLAD","items_purchased":[],"campfire_rested":1,"item_purchase_floors":[],"current_hp_per_floor":[74,67,67,73,75,75,10,32,32,9,14,9,15,18,18,19,61,25],"gold":264,"neow_bonus":"THREE_ENEMY_KILL","is_prod":false,"is_daily":false,"chose_seed":false,"campfire_upgraded":2,"win_rate":0,"timestamp":1551347642,"path_taken":["M","?","?","M","?","R","E","R","T","?","E","M","M","M","R","BOSS","M"],"build_version":"2019-01-23","purchased_purges":0,"victory":false,"max_hp_per_floor":[75,75,75,75,75,75,75,75,75,75,75,75,75,75,75,75,75,75],"card_choices":[{"not_picked":["Twin Strike","Thunderclap"],"picked":"True Grit","floor":1},{"not_picked":["Cleave","Warcry","Clothesline"],"picked":"SKIP","floor":4},{"not_picked":["Flame Barrier","Seeing Red"],"picked":"Cleave","floor":5},{"not_picked":["Dual Wield","Spot Weakness","Clothesline"],"picked":"SKIP","floor":7},{"not_picked":["Heavy Blade","Anger","Iron Wave"],"picked":"SKIP","floor":11},{"not_picked":["Heavy Blade","Anger","Iron Wave"],"picked":"SKIP","floor":11},{"not_picked":["Iron Wave","Brutality","Anger"],"picked":"SKIP","floor":12},{"not_picked":["Anger","True Grit","Infernal Blade"],"picked":"SKIP","floor":13},{"not_picked":["Wild Strike","Headbutt","Searing Blow"],"picked":"SKIP","floor":14},{"not_picked":["Feed","Reaper"],"picked":"Barricade","floor":16},{"not_picked":["Body Slam","Shrug It Off"],"picked":"Fiend Fire","floor":17},{"not_picked":["Warcry","Perfected Strike"],"picked":"Power Through","floor":17},{"not_picked":["Heavy Blade","Havoc"],"picked":"Demon Form","floor":17}],"player_experience":1897816,"relics_obtained":[{"floor":7,"key":"Red Skull"},{"floor":9,"key":"Happy Flower"},{"floor":11,"key":"Ancient Tea Set"}],"event_choices":[{"cards_removed":["Strike_R"],"damage_healed":0,"gold_gain":0,"player_choice":"Card Removal","damage_taken":7,"max_hp_gain":0,"max_hp_loss":0,"event_name":"Golden Wing","floor":2,"gold_loss":0},{"damage_healed":0,"gold_gain":0,"cards_transformed":["Strike_R"],"player_choice":"Transformed","damage_taken":0,"max_hp_gain":0,"max_hp_loss":0,"event_name":"Transmorgrifier","floor":3,"gold_loss":0,"cards_obtained":["Flex"]},{"damage_healed":0,"gold_gain":0,"player_choice":"Entered Light","damage_taken":23,"max_hp_gain":0,"max_hp_loss":0,"event_name":"Shining Light","floor":10,"gold_loss":0,"cards_upgraded":["True Grit","Defend_R"]}],"is_beta":false,"boss_relics":[{"not_picked":["Runic Pyramid","Lizard Tail"],"picked":"Orrery"}],"items_purged_floors":[],"is_endless":false,"potions_floor_spawned":[7,11,13,14],"killed_by":"2 Thieves","ascension_level":20}