{"gold_per_floor":[115,115,132,33,44,44,66,79,79,104,104,254,270,287,287,359,359,370,370],"floor_reached":19,"playtime":780,"items_purged":[],"score":338,"play_id":"bf0e26ec-fd66-4f96-98e2-e730ae38bdf0","local_time":"20190416192224","is_ascension_mode":true,"campfire_choices":[{"data":"Rupture","floor":6,"key":"SMITH"},{"data":"True Grit","floor":11,"key":"SMITH"},{"data":"Battle Trance","floor":15,"key":"SMITH"}],"neow_cost":"NONE","seed_source_timestamp":55186793230400,"circlet_count":0,"master_deck":["AscendersBane","Strike_R","Strike_R","Defend_R","Defend_R","Defend_R","Defend_R","Bash","Combust+1","Offering+1","Limit Break+1","True Grit+1","Rupture+1","Sword Boomerang","Battle Trance+1","Flex","Limit Break","Normality","Writhe","Entrench"],"relics":["Astrolabe","Meat on the Bone","Odd Mushroom","Gremlin Horn","Omamori","Calling Bell","Juzu Bracelet","Frozen Egg 2","Girya"],"potions_floor_usage":[8,10,16],"damage_taken":[{"damage":11,"enemies":"Jaw Worm","floor":1,"turns":3},{"damage":10,"enemies":"Small Slimes","floor":3,"turns":8},{"damage":7,"enemies":"2 Louse","floor":5,"turns":4},{"damage":14,"enemies":"The Mushroom Lair","floor":7,"turns":4},{"damage":13,"enemies":"Large Slime","floor":8,"turns":5},{"damage":14,"enemies":"Lagavulin","floor":10,"turns":6},{"damage":8,"enemies":"3 Louse","floor":13,"turns":2},{"damage":9,"enemies":"Exordium Thugs","floor":14,"turns":4},{"damage":25,"enemies":"Hexaghost","floor":16,"turns":6},{"damage":25,"enemies":"Chosen","floor":18,"turns":5},{"damage":51,"enemies":"Shell Parasite","floor":19,"turns":5}],"seed_played":"1880081272857692125","potions_obtained":[{"floor":1,"key":"Explosive Potion"},{"floor":5,"key":"Block Potion"},{"floor":13,"key":"PowerPotion"}],"is_trial":false,"path_per_floor":["M","?","M","$","M","R","?","M","T","E","R","?","M","M","R","B",null,"M","M"],"character_chosen":"IRONCLAD","items_purchased":["Rupture","Sword Boomerang"],"campfire_rested":0,"item_purchase_floors":[4,4],"current_hp_per_floor":[57,22,24,24,29,29,27,26,26,24,24,24,28,31,31,18,61,48,0],"gold":370,"neow_bonus":"BOSS_RELIC","is_prod":false,"is_daily":false,"chose_seed":false,"campfire_upgraded":3,"win_rate":0,"timestamp":1555410144,"path_taken":["M","?","M","$","M","R","?","M","T","E","R","?","M","?","R","BOSS","M","M"],"build_version":"2019-01-23","purchased_purges":0,"victory":false,"max_hp_per_floor":[75,75,75,75,75,75,75,75,75,75,75,75,75,75,75,75,75,75,75],"card_choices":[{"not_picked":["Power Through","Clash","Iron Wave"],"picked":"SKIP","floor":1},{"not_picked":["Warcry","Flame Barrier"],"picked":"True Grit","floor":3},{"not_picked":["Warcry","True Grit","Pommel Strike"],"picked":"SKIP","floor":5},{"not_picked":["Infernal Blade","Headbutt","Warcry"],"picked":"SKIP","floor":8},{"not_picked":["Berserk","Carnage"],"picked":"Battle Trance","floor":10},{"not_picked":["Reckless Charge","Perfected Strike","Pommel Strike"],"picked":"SKIP","floor":13},{"not_picked":["Armaments","Entrench"],"picked":"Flex","floor":14},{"not_picked":["Immolate","Double Tap"],"picked":"Limit Break","floor":16},{"not_picked":["Seeing Red","Searing Blow"],"picked":"Entrench","floor":18}],"player_experience":3185263,"relics_obtained":[{"floor":7,"key":"Odd Mushroom"},{"floor":9,"key":"Gremlin Horn"},{"floor":10,"key":"Omamori"},{"floor":17,"key":"Juzu Bracelet"},{"floor":17,"key":"Frozen Egg 2"},{"floor":17,"key":"Girya"}],"event_choices":[{"damage_healed":0,"gold_gain":0,"player_choice":"Success","damage_taken":35,"relics_obtained":["Meat on the Bone"],"max_hp_gain":0,"max_hp_loss":0,"event_name":"Scrap Ooze","floor":2,"gold_loss":0},{"damage_healed":0,"gold_gain":0,"player_choice":"Fought Mushrooms","damage_taken":0,"max_hp_gain":0,"max_hp_loss":0,"event_name":"Mushrooms","floor":7,"gold_loss":0},{"damage_healed":0,"gold_gain":150,"player_choice":"AGREE","damage_taken":0,"max_hp_gain":0,"max_hp_loss":0,"event_name":"Liars Game","floor":12,"gold_loss":0,"cards_obtained":["Doubt"]}],"is_beta":false,"boss_relics":[{"not_picked":["White Beast Statue","Runic Pyramid"],"picked":"Calling Bell"}],"items_purged_floors":[],"is_endless":false,"potions_floor_spawned":[1,5,7,13],"killed_by":"Shell Parasite","ascension_level":20}