{"gold_per_floor":[119,134,153,153,177,177,220,239,239,17,17,17,42,56,56,179,179,173,186,202,202],"floor_reached":21,"playtime":4533,"items_purged":["Strike_R"],"score":185,"play_id":"1cee0053-f809-4228-9748-d222610e60c2","local_time":"20190113022058","is_ascension_mode":false,"campfire_choices":[{"data":"Bash","floor":6,"key":"SMITH"},{"floor":11,"key":"REST"},{"data":"Anger","floor":15,"key":"SMITH"}],"neow_cost":"","seed_source_timestamp":176557610178497,"circlet_count":0,"master_deck":["Strike_R","Strike_R","Strike_R","Strike_R","Defend_R","Defend_R","Defend_R","Defend_R","Bash+1","Twin Strike","Anger+1","Inflame","Rupture","Armaments","Spot Weakness","Blind","Heavy Blade","Anger","Pommel Strike","Demon Form","Uppercut+1","Body Slam+1","Spot Weakness+1"],"relics":["Burning Blood","Golden Idol","Shuriken","Dodecahedron","Lizard Tail"],"potions_floor_usage":[16,16,19],"damage_taken":[{"damage":1,"enemies":"Cultist","floor":1,"turns":3},{"damage":2,"enemies":"2 Louse","floor":2,"turns":3},{"damage":3,"enemies":"Jaw Worm","floor":3,"turns":3},{"damage":3,"enemies":"2 Fungi Beasts","floor":5,"turns":3},{"damage":13,"enemies":"Gremlin Nob","floor":7,"turns":4},{"damage":16,"enemies":"Large Slime","floor":8,"turns":6},{"damage":10,"enemies":"Looter","floor":13,"turns":2},{"damage":0,"enemies":"3 Louse","floor":14,"turns":3},{"damage":68,"enemies":"The Guardian","floor":16,"turns":8},{"damage":36,"enemies":"2 Thieves","floor":18,"turns":5},{"damage":30,"enemies":"Spheric Guardian","floor":19,"turns":4},{"damage":35,"enemies":"Cultist and Chosen","floor":20,"turns":7},{"damage":45,"enemies":"Shelled Parasite and Fungi","floor":21,"turns":5}],"seed_played":"8370241565963330394","potions_obtained":[{"floor":3,"key":"BloodPotion"},{"floor":5,"key":"Regen Potion"},{"floor":13,"key":"Energy Potion"}],"is_trial":false,"path_per_floor":["M","M","M","?","M","R","E","M","T","$","R","$","M","M","R","B",null,"M","M","M","M"],"character_chosen":"IRONCLAD","items_purchased":["Blind","Heavy Blade"],"campfire_rested":1,"item_purchase_floors":[10,10],"current_hp_per_floor":[80,80,80,60,63,63,56,46,46,46,70,70,66,72,72,33,80,50,26,41,0],"gold":202,"neow_bonus":"","is_prod":false,"is_daily":false,"chose_seed":false,"campfire_upgraded":2,"win_rate":0.0,"timestamp":1547313658,"path_taken":["M","M","?","?","M","R","E","M","T","$","R","$","M","M","R","BOSS","M","M","M","M"],"build_version":"2019-01-10","purchased_purges":1,"victory":false,"max_hp_per_floor":[80,80,80,80,80,80,80,80,80,80,80,80,80,80,80,80,80,80,80,80,80],"card_choices":[{"not_picked":["True Grit","Clash"],"picked":"Twin Strike","floor":1},{"not_picked":["Thunderclap","Rampage"],"picked":"Anger","floor":2},{"not_picked":["Thunderclap","Burning Pact"],"picked":"Inflame","floor":3},{"not_picked":["Shrug It Off","Uppercut"],"picked":"Rupture","floor":5},{"not_picked":["Burning Pact","Pommel Strike"],"picked":"Armaments","floor":7},{"not_picked":["Sword Boomerang","Flex"],"picked":"Spot Weakness","floor":8},{"not_picked":["Thunderclap","Burning Pact"],"picked":"Anger","floor":13},{"not_picked":["Fire Breathing","Perfected Strike"],"picked":"Pommel Strike","floor":14},{"not_picked":["Berserk","Reaper"],"picked":"Demon Form","floor":16},{"not_picked":["Anger","Armaments+1"],"picked":"Uppercut+1","floor":18},{"not_picked":["Burning Pact","Thunderclap"],"picked":"Body Slam+1","floor":19},{"not_picked":["Cleave","Clothesline"],"picked":"Spot Weakness+1","floor":20}],"player_experience":0,"relics_obtained":[{"floor":7,"key":"Shuriken"},{"floor":9,"key":"Dodecahedron"}],"event_choices":[{"damage_healed":0,"gold_gain":0,"player_choice":"Take Damage","damage_taken":20,"relics_obtained":["Golden Idol"],"max_hp_gain":0,"max_hp_loss":0,"event_name":"Golden Idol","floor":4,"gold_loss":0}],"is_beta":false,"boss_relics":[{"not_picked":["Eternal Feather","Orrery"],"picked":"Lizard Tail"}],"items_purged_floors":[10],"is_endless":false,"potions_floor_spawned":[3,5,13,14],"killed_by":"Shelled Parasite and Fungi","ascension_level":0}