{"gold_per_floor":[118,138,138,155,155,155,1,13,13,46,46,46,46,69,69,69],"floor_reached":16,"playtime":323,"items_purged":["Strike_R"],"score":200,"play_id":"8fa0dbc5-f0dc-4e50-9d39-77759b1cd085","local_time":"20190325174120","is_ascension_mode":true,"campfire_choices":[{"data":"Rampage","floor":6,"key":"SMITH"},{"data":"Bash","floor":12,"key":"SMITH"},{"data":"Feed","floor":15,"key":"SMITH"}],"neow_cost":"NONE","seed_source_timestamp":81947777100800,"circlet_count":0,"master_deck":["AscendersBane","Strike_R","Strike_R","Strike_R","Defend_R","Defend_R","Defend_R","Defend_R","Bash+1","Rampage+1","Power Through","Feed+1","Second Wind","Body Slam+1"],"relics":["Burning Blood","NeowsBlessing","Dodecahedron","Molten Egg 2","Golden Idol"],"potions_floor_usage":[10,10,10,16,16],"damage_taken":[{"damage":0,"enemies":"Jaw Worm","floor":1,"turns":1},{"damage":0,"enemies":"Small Slimes","floor":2,"turns":1},{"damage":0,"enemies":"2 Louse","floor":4,"turns":1},{"damage":8,"enemies":"Blue Slaver","floor":8,"turns":3},{"damage":25,"enemies":"3 Sentries","floor":10,"turns":8},{"damage":2,"enemies":"2 Fungi Beasts","floor":14,"turns":4},{"damage":31,"enemies":"Slime Boss","floor":16,"turns":7}],"seed_played":"-6557711566862173375","potions_obtained":[{"floor":1,"key":"Weak Potion"},{"floor":2,"key":"EntropicBrew"},{"floor":4,"key":"Explosive Potion"},{"floor":10,"key":"SneckoOil"}],"is_trial":false,"path_per_floor":["M","M","?","M","?","R","$","M","T","E","$","R","?","M","R","B"],"character_chosen":"IRONCLAD","items_purchased":["Second Wind"],"campfire_rested":0,"item_purchase_floors":[7],"current_hp_per_floor":[74,75,75,75,75,75,75,76,76,60,60,60,32,39,39,8],"gold":69,"neow_bonus":"THREE_ENEMY_KILL","is_prod":false,"is_daily":false,"chose_seed":false,"campfire_upgraded":3,"win_rate":0,"timestamp":1553503280,"path_taken":["M","M","?","M","?","R","?","?","T","E","$","R","?","M","R","BOSS"],"build_version":"2019-01-23","purchased_purges":1,"victory":false,"max_hp_per_floor":[75,75,75,75,75,75,75,78,78,81,81,81,81,84,84,84],"card_choices":[{"not_picked":["Thunderclap","Twin Strike"],"picked":"Rampage","floor":1},{"not_picked":["Heavy Blade","Wild Strike"],"picked":"Power Through","floor":2},{"not_picked":["Infernal Blade","Anger"],"picked":"Feed","floor":4},{"not_picked":["Warcry","Flex","Clothesline"],"picked":"SKIP","floor":8},{"not_picked":["Reckless Charge","Corruption","Uppercut"],"picked":"SKIP","floor":10},{"not_picked":["Rage","Heavy Blade+1"],"picked":"Body Slam+1","floor":14}],"player_experience":2569816,"relics_obtained":[{"floor":9,"key":"Dodecahedron"},{"floor":10,"key":"Molten Egg 2"}],"event_choices":[{"damage_healed":0,"gold_gain":0,"player_choice":"Ignored","damage_taken":0,"max_hp_gain":0,"max_hp_loss":0,"event_name":"Liars Game","floor":3,"gold_loss":0},{"cards_removed":["Strike_R"],"damage_healed":0,"gold_gain":0,"player_choice":"Forget","damage_taken":0,"max_hp_gain":0,"max_hp_loss":0,"event_name":"Living Wall","floor":5,"gold_loss":0},{"damage_healed":0,"gold_gain":0,"player_choice":"Take Damage","damage_taken":28,"relics_obtained":["Golden Idol"],"max_hp_gain":0,"max_hp_loss":0,"event_name":"Golden Idol","floor":13,"gold_loss":0}],"is_beta":false,"boss_relics":[],"items_purged_floors":[7],"is_endless":false,"potions_floor_spawned":[1,2,4,10],"killed_by":"Slime Boss","ascension_level":20}