{"gold_per_floor":[118,118,118,118,43,43,59,59,129,167,167,192,233,37,37,166,166,179,192,192,208,123,159,159,180,180,223,223,237,237,262,262,393,393,408,408,408,423,117,117],"floor_reached":40,"playtime":1078,"items_purged":["Injury","Regret"],"score":741,"play_id":"498aa52d-c1e5-42ba-8d1e-d2024d3598b0","local_time":"20190203183406","is_ascension_mode":true,"campfire_choices":[{"data":"Inflame","floor":6,"key":"SMITH"},{"data":"Feed","floor":8,"key":"SMITH"},{"data":"Bash","floor":11,"key":"SMITH"},{"data":"Rampage","floor":15,"key":"SMITH"},{"data":"Flame Barrier","floor":28,"key":"SMITH"},{"data":"Second Wind","floor":30,"key":"SMITH"},{"data":"Rage","floor":32,"key":"SMITH"}],"neow_cost":"CURSE","seed_source_timestamp":121001523423100,"circlet_count":0,"master_deck":["AscendersBane","Defend_R","Defend_R","Defend_R","Bash+1","Feed+1","Whirlwind+1","Inflame+1","Second Wind+1","Rampage+1","Battle Trance","True Grit+1","Flame Barrier+1","Bite","Bite","Bite","Bite","Bite","Rage+1","Impervious","Master of Strategy","Dark Shackles","Impervious","Headbutt"],"relics":["Burning Blood","Golden Idol","Singing Bowl","Orichalcum","Blue Candle","Cursed Key","Matryoshka","Mercury Hourglass","Bottled Tornado","Self Forming Clay","Red Skull","Philosopher\u0027s Stone"],"potions_floor_usage":[16,16,23,27,33,33],"damage_taken":[{"damage":19,"enemies":"Small Slimes","floor":1,"turns":5},{"damage":2,"enemies":"2 Louse","floor":7,"turns":3},{"damage":35,"enemies":"Lagavulin","floor":10,"turns":7},{"damage":0,"enemies":"Cultist","floor":12,"turns":4},{"damage":12,"enemies":"Gremlin Nob","floor":13,"turns":4},{"damage":41,"enemies":"Slime Boss","floor":16,"turns":7},{"damage":7,"enemies":"Chosen","floor":18,"turns":3},{"damage":0,"enemies":"3 Byrds","floor":19,"turns":3},{"damage":48,"enemies":"3 Cultists","floor":21,"turns":6},{"damage":35,"enemies":"Book of Stabbing","floor":23,"turns":4},{"damage":8,"enemies":"Centurion and Healer","floor":25,"turns":5},{"damage":19,"enemies":"Slavers","floor":27,"turns":3},{"damage":7,"enemies":"Sentry and Sphere","floor":29,"turns":4},{"damage":7,"enemies":"3 Cultists","floor":31,"turns":3},{"damage":77,"enemies":"Automaton","floor":33,"turns":9},{"damage":1,"enemies":"3 Darklings","floor":35,"turns":4},{"damage":21,"enemies":"3 Shapes","floor":38,"turns":4},{"damage":109,"enemies":"Giant Head","floor":40,"turns":9}],"seed_played":"9018836845572746672","potions_obtained":[{"floor":12,"key":"PowerPotion"},{"floor":16,"key":"SpeedPotion"},{"floor":18,"key":"LiquidBronze"},{"floor":23,"key":"Energy Potion"},{"floor":31,"key":"GamblersBrew"}],"is_trial":false,"path_per_floor":["M","?","?","?","$","R","M","R","T","E","R","M","E","$","R","B",null,"M","M","?","M","?","E","?","M","T","E","R","M","R","M","R","B",null,"M","?","?","M","$","E"],"character_chosen":"IRONCLAD","items_purchased":["Rampage","Battle Trance","FearPotion","Impervious","Headbutt"],"campfire_rested":0,"item_purchase_floors":[14,14,14,39,39],"current_hp_per_floor":[62,62,62,62,62,62,69,69,69,42,42,52,48,48,48,15,71,70,80,65,41,41,26,26,44,44,35,35,50,50,55,55,18,70,85,77,77,78,78,0],"gold":117,"neow_bonus":"THREE_RARE_CARDS","is_prod":false,"is_daily":false,"chose_seed":false,"campfire_upgraded":7,"win_rate":0,"timestamp":1549186446,"path_taken":["M","?","?","?","$","R","M","R","T","E","R","?","E","?","R","BOSS","M","M","?","M","?","E","?","M","T","E","R","M","R","M","R","BOSS","M","?","?","M","$","E"],"build_version":"2019-01-23","purchased_purges":2,"victory":false,"max_hp_per_floor":[83,77,77,77,77,77,80,80,80,82,82,86,88,88,88,90,90,90,94,65,71,71,73,73,79,79,81,81,87,87,87,87,87,87,89,91,91,97,97,97],"card_choices":[{"not_picked":["Exhume","Impervious"],"picked":"Feed","floor":0},{"not_picked":["Pommel Strike","Uppercut"],"picked":"Whirlwind","floor":1},{"not_picked":["Wild Strike","Thunderclap","Reckless Charge"],"picked":"SKIP","floor":7},{"not_picked":["Heavy Blade","Wild Strike","Armaments"],"picked":"Singing Bowl","floor":10},{"not_picked":["Body Slam","Pommel Strike"],"picked":"Second Wind","floor":12},{"not_picked":["Havoc","Wild Strike","Rupture"],"picked":"Singing Bowl","floor":13},{"not_picked":["Limit Break","Double Tap","Bludgeon"],"picked":"Singing Bowl","floor":16},{"not_picked":["Sword Boomerang+1","Twin Strike"],"picked":"True Grit+1","floor":18},{"not_picked":["Flex","True Grit"],"picked":"Flame Barrier","floor":19},{"not_picked":["Sever Soul","Shrug It Off","Perfected Strike"],"picked":"Singing Bowl","floor":21},{"not_picked":["Anger","Uppercut","Brutality"],"picked":"Singing Bowl","floor":23},{"not_picked":["True Grit","Anger+1","Twin Strike"],"picked":"Singing Bowl","floor":25},{"not_picked":["Cleave+1","Clothesline","Clash"],"picked":"Singing Bowl","floor":27},{"not_picked":["Thunderclap","Reckless Charge","True Grit"],"picked":"Singing Bowl","floor":29},{"not_picked":["Shrug It Off","True Grit"],"picked":"Rage","floor":31},{"not_picked":["Berserk","Reaper"],"picked":"Impervious","floor":33},{"not_picked":["Sever Soul","Flex","Carnage"],"picked":"Singing Bowl","floor":35},{"not_picked":["Panache","HandOfGreed"],"picked":"Master of Strategy","floor":36},{"not_picked":["Jack Of All Trades","Impatience","HandOfGreed"],"picked":"Singing Bowl","floor":36},{"not_picked":["Transmutation","Good Instincts"],"picked":"Dark Shackles","floor":36},{"not_picked":["Headbutt","Clothesline","Pommel Strike"],"picked":"Singing Bowl","floor":38}],"player_experience":32812,"relics_obtained":[{"floor":9,"key":"Singing Bowl"},{"floor":10,"key":"Orichalcum"},{"floor":13,"key":"Blue Candle"},{"floor":23,"key":"Mercury Hourglass"},{"floor":26,"key":"Bottled Tornado"},{"floor":26,"key":"Self Forming Clay"},{"floor":27,"key":"Red Skull"}],"event_choices":[{"damage_healed":0,"gold_gain":0,"player_choice":"Lose Max HP","damage_taken":0,"relics_obtained":["Golden Idol"],"max_hp_gain":0,"max_hp_loss":6,"event_name":"Golden Idol","floor":2,"gold_loss":0},{"damage_healed":0,"gold_gain":0,"player_choice":"Grow","damage_taken":0,"max_hp_gain":0,"max_hp_loss":0,"event_name":"Living Wall","floor":3,"gold_loss":0,"cards_upgraded":["Whirlwind"]},{"damage_healed":0,"gold_gain":0,"cards_transformed":["Strike_R"],"player_choice":"Transformed","damage_taken":0,"max_hp_gain":0,"max_hp_loss":0,"event_name":"Transmorgrifier","floor":4,"gold_loss":0,"cards_obtained":["Inflame"]},{"damage_healed":0,"gold_gain":0,"player_choice":"Became a vampire","damage_taken":0,"max_hp_gain":0,"max_hp_loss":29,"event_name":"Vampires","floor":20,"gold_loss":0,"cards_obtained":["Bite","Bite","Bite","Bite","Bite"]},{"damage_healed":0,"gold_gain":0,"player_choice":"Obtained Relic","damage_taken":0,"relics_obtained":["Matryoshka"],"max_hp_gain":0,"max_hp_loss":0,"event_name":"Addict","floor":22,"gold_loss":85},{"cards_removed":["Defend_R"],"damage_healed":0,"gold_gain":0,"player_choice":"Elegance","damage_taken":0,"max_hp_gain":0,"max_hp_loss":0,"event_name":"Back to Basics","floor":24,"gold_loss":0},{"damage_healed":0,"gold_gain":0,"player_choice":"Memory 3","damage_taken":10,"max_hp_gain":0,"max_hp_loss":0,"event_name":"SensoryStone","floor":36,"gold_loss":0},{"damage_healed":0,"gold_gain":0,"player_choice":"Ignored","damage_taken":0,"max_hp_gain":0,"max_hp_loss":0,"event_name":"Tomb of Lord Red Mask","floor":37,"gold_loss":0}],"is_beta":false,"boss_relics":[{"not_picked":["Eternal Feather","Lizard Tail"],"picked":"Cursed Key"},{"not_picked":["Tiny House","Runic Cube"],"picked":"Philosopher\u0027s Stone"}],"items_purged_floors":[5,39],"is_endless":false,"potions_floor_spawned":[12,16,18,23,31],"killed_by":"Giant Head","ascension_level":12}