{"gold_per_floor":[115,115,115,135,135,168,168,193,193,193,207,226,254,266,266,342,342,361,361,361,373,385,419,419,453,480,513,539,572,592,603,603,682,682,702,702,702,716,288,288,301,317,317,344,344,344,360,392,392,392,392,392,392,18,43,43],"floor_reached":57,"playtime":3564,"items_purged":["Defend_B","Zap+1"],"score":3045,"play_id":"998392b8-a2c7-4024-a627-3aff70121a9b","local_time":"20190307181615","is_ascension_mode":true,"campfire_choices":[{"data":"Consume","floor":7,"key":"SMITH"},{"data":"Electrodynamics","floor":10,"key":"SMITH"},{"data":"Consume","floor":15,"key":"SMITH"},{"floor":24,"key":"REST"},{"data":"Strike_B","floor":32,"key":"PURGE"},{"data":"Apotheosis","floor":40,"key":"SMITH"},{"floor":45,"key":"RECALL"},{"floor":49,"key":"DIG"},{"floor":53,"key":"DIG"}],"neow_cost":"NONE","seed_source_timestamp":6993874350600,"circlet_count":0,"master_deck":["AscendersBane","Defend_B","Dualcast","Chill","Seek","Electrodynamics+1","Self Repair","White Noise","Consume+1","Turbo","Coolheaded","Seek+1","Glacier","Tempest","Heatsinks","Gash+1","Hologram","Turbo+1","Gash","Self Repair+1","Creative AI","Conserve Battery+1","Creative AI","Turbo+1","Apotheosis+1","Seek+1","Defragment","Darkness","Loop+1","Undo+1","Glacier+1"],"relics":["Cracked Core","NeowsBlessing","Gremlin Horn","Centennial Puzzle","Pear","Prayer Wheel","Black Star","War Paint","Peace Pipe","Mercury Hourglass","Whetstone","Potion Belt","Art of War","DataDisk","Pocketwatch","Bag of Preparation","Smiling Mask","Empty Cage","Toy Ornithopter","Darkstone Periapt","Gambling Chip","Bottled Lightning","Shovel","Orichalcum","Oddly Smooth Stone","PreservedInsect","Ornamental Fan","Medical Kit","Sundial","Anchor"],"potions_floor_usage":[23,31,48,51,51,51,56],"damage_taken":[{"damage":0,"enemies":"Small Slimes","floor":1,"turns":1},{"damage":0,"enemies":"Cultist","floor":4,"turns":1},{"damage":0,"enemies":"3 Sentries","floor":6,"turns":1},{"damage":21,"enemies":"Lagavulin","floor":8,"turns":8},{"damage":10,"enemies":"2 Louse","floor":11,"turns":2},{"damage":0,"enemies":"Exordium Wildlife","floor":12,"turns":3},{"damage":4,"enemies":"3 Sentries","floor":13,"turns":3},{"damage":20,"enemies":"Gremlin Gang","floor":14,"turns":2},{"damage":2,"enemies":"Slime Boss","floor":16,"turns":7},{"damage":25,"enemies":"Shell Parasite","floor":18,"turns":5},{"damage":0,"enemies":"3 Byrds","floor":21,"turns":1},{"damage":26,"enemies":"Snecko","floor":22,"turns":4},{"damage":18,"enemies":"Book of Stabbing","floor":23,"turns":5},{"damage":1,"enemies":"Slavers","floor":25,"turns":2},{"damage":3,"enemies":"Gremlin Leader","floor":27,"turns":5},{"damage":16,"enemies":"Slavers","floor":29,"turns":2},{"damage":8,"enemies":"Centurion and Healer","floor":30,"turns":3},{"damage":3,"enemies":"Snake Plant","floor":31,"turns":2},{"damage":0,"enemies":"Collector","floor":33,"turns":10},{"damage":3,"enemies":"3 Darklings","floor":35,"turns":3},{"damage":0,"enemies":"Orb Walker","floor":38,"turns":4},{"damage":22,"enemies":"Spire Growth","floor":41,"turns":5},{"damage":0,"enemies":"4 Shapes","floor":42,"turns":1},{"damage":41,"enemies":"Nemesis","floor":44,"turns":7},{"damage":0,"enemies":"Sphere and 2 Shapes","floor":47,"turns":4},{"damage":0,"enemies":"Reptomancer","floor":48,"turns":2},{"damage":6,"enemies":"Donu and Deca","floor":50,"turns":9},{"damage":73,"enemies":"Awakened One","floor":51,"turns":35},{"damage":30,"enemies":"Shield and Spear","floor":55,"turns":4},{"damage":20,"enemies":"The Heart","floor":56,"turns":8}],"seed_played":"7844047592463038895","potions_obtained":[{"floor":6,"key":"LiquidBronze"},{"floor":11,"key":"LiquidBronze"},{"floor":16,"key":"FocusPotion"},{"floor":25,"key":"Block Potion"},{"floor":27,"key":"SteroidPotion"},{"floor":29,"key":"Block Potion"},{"floor":31,"key":"PowerPotion"},{"floor":35,"key":"Fire Potion"},{"floor":48,"key":"Regen Potion"},{"floor":55,"key":"EssenceOfSteel"}],"is_trial":false,"path_per_floor":["M","?","?","M","?","E","R","E","T","R","M","M","E","M","R","B",null,"M","?","?","M","M","E","R","E","T","E","T","E","M","M","R","B",null,"M","?","?","M","$","R","M","M","T","E","R","T","M","E","R","B","B",null,"R","$","E","B",null],"character_chosen":"DEFECT","items_purchased":["Defragment","Darkness","Toy Ornithopter","Medical Kit","Block Potion","AttackPotion"],"campfire_rested":1,"item_purchase_floors":[39,39,39,54,54,54],"current_hp_per_floor":[64,64,64,64,69,69,69,48,58,58,55,62,65,52,52,57,79,61,61,61,61,42,31,56,62,62,76,76,60,69,76,76,86,86,86,76,76,86,86,86,84,86,86,62,62,62,82,86,86,86,63,80,80,80,70,75],"gold":43,"neow_bonus":"THREE_ENEMY_KILL","is_prod":false,"is_daily":false,"chose_seed":false,"campfire_upgraded":4,"win_rate":0,"timestamp":1551950175,"path_taken":["M","?","?","?","?","E","R","E","T","R","M","M","E","M","R","BOSS","M","?","?","M","?","E","R","E","T","E","?","E","M","M","R","BOSS","M","?","?","?","?","R","M","M","T","E","R","?","M","E","R","BOSS","BOSS","R","$","E","BOSS"],"build_version":"2019-01-23","purchased_purges":2,"victory":true,"max_hp_per_floor":[71,71,71,71,76,76,76,76,86,86,86,86,86,86,86,86,86,86,86,86,86,86,86,86,86,86,86,86,86,86,86,86,86,86,86,86,86,86,86,86,86,86,86,86,86,86,86,86,86,86,86,86,86,86,86,86],"card_choices":[{"not_picked":["Conserve Battery","Stack"],"picked":"Chill","floor":1},{"not_picked":["Coolheaded","Blizzard"],"picked":"Consume","floor":4},{"not_picked":["Streamline","Blizzard"],"picked":"Electrodynamics","floor":6},{"not_picked":["Consume","Steam"],"picked":"Self Repair","floor":8},{"not_picked":["Tempest","Sunder"],"picked":"White Noise","floor":11},{"not_picked":["Stack","Beam Cell"],"picked":"Consume","floor":12},{"not_picked":["Streamline","Blizzard","Sweeping Beam"],"picked":"SKIP","floor":13},{"not_picked":["Streamline","Gash"],"picked":"Turbo","floor":14},{"not_picked":["Gash","Stack"],"picked":"Coolheaded","floor":14},{"not_picked":["Machine Learning","Thunder Strike"],"picked":"Seek","floor":16},{"not_picked":["Cold Snap","Steam"],"picked":"Glacier","floor":18},{"not_picked":["Reprogram+1","Beam Cell","Steam+1"],"picked":"SKIP","floor":18},{"not_picked":["Rebound+1","Streamline+1"],"picked":"Gash","floor":21},{"not_picked":["Ball Lightning","Skim"],"picked":"Hologram","floor":21},{"not_picked":["Cold Snap","Steam"],"picked":"Turbo+1","floor":22},{"not_picked":["Hologram","Darkness"],"picked":"Gash","floor":22},{"not_picked":["Compile Driver","Heatsinks+1","Storm"],"picked":"SKIP","floor":23},{"not_picked":["Leap","Lockon"],"picked":"Self Repair+1","floor":25},{"not_picked":["Reprogram","Barrage"],"picked":"Creative AI","floor":27},{"not_picked":["Tempest","Consume","Sweeping Beam"],"picked":"SKIP","floor":29},{"not_picked":["Leap","Double Energy"],"picked":"Conserve Battery+1","floor":30},{"not_picked":["Go for the Eyes","Steam Power","Cold Snap"],"picked":"SKIP","floor":30},{"not_picked":["Sunder+1","Leap","Streamline"],"picked":"SKIP","floor":31},{"not_picked":["Redo","Rip and Tear","Sweeping Beam"],"picked":"SKIP","floor":31},{"not_picked":["Meteor Strike","Machine Learning"],"picked":"Creative AI","floor":33},{"not_picked":["Streamline","Heatsinks"],"picked":"Turbo+1","floor":35},{"not_picked":["Redo","Ball Lightning","Heatsinks"],"picked":"SKIP","floor":35},{"not_picked":["Swift Strike","Finesse"],"picked":"Apotheosis","floor":36},{"not_picked":["Skim","Compile Driver","White Noise"],"picked":"SKIP","floor":38},{"not_picked":["FTL","Hologram","Ball Lightning"],"picked":"SKIP","floor":38},{"not_picked":["Skim","Compile Driver","White Noise"],"picked":"SKIP","floor":38},{"not_picked":["FTL","Hologram","Ball Lightning"],"picked":"SKIP","floor":38},{"not_picked":["Redo+1","Stack","Skim"],"picked":"SKIP","floor":41},{"not_picked":["Compile Driver+1","Barrage","Leap"],"picked":"SKIP","floor":41},{"not_picked":["Tempest","Rebound"],"picked":"Loop+1","floor":42},{"not_picked":["Leap+1","Streamline"],"picked":"Undo+1","floor":42},{"not_picked":["Buffer","Go for the Eyes","Hello World+1"],"picked":"SKIP","floor":44},{"not_picked":["Double Energy","Fusion","Barrage"],"picked":"SKIP","floor":47},{"not_picked":["Beam Cell","Sweeping Beam","Heatsinks"],"picked":"SKIP","floor":47},{"not_picked":["Ball Lightning","Reprogram+1"],"picked":"Glacier+1","floor":48},{"not_picked":["Rebound","Steam","Skim"],"picked":"SKIP","floor":55}],"player_experience":2051326,"relics_obtained":[{"floor":6,"key":"Gremlin Horn"},{"floor":8,"key":"Centennial Puzzle"},{"floor":9,"key":"Pear"},{"floor":13,"key":"Prayer Wheel"},{"floor":23,"key":"Peace Pipe"},{"floor":23,"key":"Mercury Hourglass"},{"floor":25,"key":"Whetstone"},{"floor":25,"key":"Potion Belt"},{"floor":26,"key":"Art of War"},{"floor":27,"key":"DataDisk"},{"floor":27,"key":"Pocketwatch"},{"floor":29,"key":"Bag of Preparation"},{"floor":29,"key":"Smiling Mask"},{"floor":43,"key":"Darkstone Periapt"},{"floor":44,"key":"Gambling Chip"},{"floor":44,"key":"Bottled Lightning"},{"floor":46,"key":"Shovel"},{"floor":48,"key":"Orichalcum"},{"floor":48,"key":"Oddly Smooth Stone"},{"floor":49,"key":"PreservedInsect"},{"floor":53,"key":"Ornamental Fan"},{"floor":55,"key":"Sundial"},{"floor":55,"key":"Anchor"}],"event_choices":[{"damage_healed":0,"gold_gain":0,"player_choice":"Leave","damage_taken":0,"max_hp_gain":0,"max_hp_loss":0,"event_name":"The Cleric","floor":2,"gold_loss":0},{"damage_healed":0,"gold_gain":0,"cards_transformed":["Defend_B"],"player_choice":"Transformed","damage_taken":0,"max_hp_gain":0,"max_hp_loss":0,"event_name":"Transmorgrifier","floor":3,"gold_loss":0,"cards_obtained":["Seek"]},{"damage_healed":0,"gold_gain":0,"player_choice":"Donut","damage_taken":0,"max_hp_gain":5,"max_hp_loss":0,"event_name":"Big Fish","floor":5,"gold_loss":0},{"damage_healed":0,"gold_gain":0,"cards_transformed":["Strike_B","Strike_B"],"player_choice":"Became Test Subject","damage_taken":0,"max_hp_gain":0,"max_hp_loss":0,"event_name":"Drug Dealer","floor":19,"gold_loss":0,"cards_obtained":["Tempest","Heatsinks"]},{"cards_removed":["Consume"],"damage_healed":0,"gold_gain":0,"player_choice":"Gave Card","damage_taken":0,"relics_obtained":["War Paint"],"max_hp_gain":0,"max_hp_loss":0,"event_name":"WeMeetAgain","floor":20,"gold_loss":0},{"damage_healed":0,"gold_gain":0,"player_choice":"Memory 3","damage_taken":10,"max_hp_gain":0,"max_hp_loss":0,"event_name":"SensoryStone","floor":36,"gold_loss":0},{"damage_healed":0,"gold_gain":0,"player_choice":"Copied","damage_taken":0,"max_hp_gain":0,"max_hp_loss":0,"event_name":"Duplicator","floor":37,"gold_loss":0,"cards_obtained":["Seek"]}],"is_beta":false,"boss_relics":[{"not_picked":["Tiny House","Runic Pyramid"],"picked":"Black Star"},{"not_picked":["Lizard Tail","Busted Crown"],"picked":"Empty Cage"}],"items_purged_floors":[39,54],"is_endless":false,"potions_floor_spawned":[6,11,12,13,16,18,22,25,27,29,31,33,35,42,48,55],"ascension_level":20}