{"gold_per_floor":[115,115,181,231,281,315,384,13,13,49,133,147,167,203,203,299,299,319,369,394,444,494,494,79,79,79,54,74,109,179,229,229,327,327,347,397,43,67,140,174,199,249,249,249,249,289,307,326,326,326,326,326,326,24,24],"floor_reached":55,"playtime":2786,"items_purged":["Defend_B","Strike_B"],"score":2509,"play_id":"0a2cefc7-b212-40d4-843d-8e205b10ac16","local_time":"20190304183854","is_ascension_mode":true,"campfire_choices":[{"data":"Zap","floor":15.0,"key":"SMITH"},{"data":"Electrodynamics","floor":23.0,"key":"SMITH"},{"data":"Defragment","floor":25.0,"key":"SMITH"},{"data":"Coolheaded","floor":32.0,"key":"SMITH"},{"data":"Buffer","floor":45.0,"key":"SMITH"},{"floor":49.0,"key":"RECALL"},{"data":"Heatsinks","floor":53.0,"key":"SMITH"}],"neow_cost":"NONE","seed_source_timestamp":236799693634700,"circlet_count":0,"master_deck":["AscendersBane","Strike_B","Strike_B","Strike_B","Zap+1","Dualcast","Coolheaded+1","Coolheaded+1","Self Repair","Turbo+1","Rip and Tear","Electrodynamics+1","Gash","Steam+1","Reinforced Body+1","BootSequence+1","Reboot+1","Genetic Algorithm+1","Coolheaded+1","Ghostly+1","Ghostly+1","Ghostly+1","Defragment+1","White Noise+1","White Noise+1","Buffer+1","Heatsinks+1","Chill+1","Skim+1","Gash","Consume+1","Aggregate+1","Gash","Undo+1","Blizzard","Capacitor","Stack+1"],"special_seed":0,"relics":["Cracked Core","NeowsBlessing","SsserpentHead","Golden Idol","Toxic Egg 2","Pen Nib","PreservedInsect","Dodecahedron","Bottled Lightning","Odd Mushroom","Oddly Smooth Stone","Empty Cage","Bag of Preparation","OrangePellets","Bird Faced Urn","Blood Vial","Meat on the Bone","Inserter","Pear","Symbiotic Virus","Ornamental Fan","Boot"],"potions_floor_usage":[],"damage_taken":[{"damage":0.0,"enemies":"Jaw Worm","floor":1.0,"turns":1.0},{"damage":0.0,"enemies":"Cultist","floor":3.0,"turns":1.0},{"damage":0.0,"enemies":"Lagavulin","floor":6.0,"turns":1.0},{"damage":0.0,"enemies":"Small Slimes","floor":7.0,"turns":3.0},{"damage":12.0,"enemies":"3 Sentries","floor":10.0,"turns":5.0},{"damage":17.0,"enemies":"The Mushroom Lair","floor":11.0,"turns":4.0},{"damage":4.0,"enemies":"Looter","floor":12.0,"turns":3.0},{"damage":2.0,"enemies":"Red Slaver","floor":13.0,"turns":3.0},{"damage":1.0,"enemies":"Gremlin Nob","floor":14.0,"turns":3.0},{"damage":0.0,"enemies":"The Guardian","floor":16.0,"turns":15.0},{"damage":0.0,"enemies":"3 Byrds","floor":18.0,"turns":3.0},{"damage":17.0,"enemies":"Colosseum Slavers","floor":19.0,"turns":4.0},{"damage":4.0,"enemies":"Spheric Guardian","floor":20.0,"turns":5.0},{"damage":2.0,"enemies":"3 Cultists","floor":28.0,"turns":4.0},{"damage":0.0,"enemies":"Book of Stabbing","floor":29.0,"turns":4.0},{"damage":0.0,"enemies":"Centurion and Healer","floor":30.0,"turns":6.0},{"damage":0.0,"enemies":"Champ","floor":33.0,"turns":11.0},{"damage":0.0,"enemies":"3 Darklings","floor":35.0,"turns":4.0},{"damage":1.0,"enemies":"3 Shapes","floor":38.0,"turns":4.0},{"damage":0.0,"enemies":"Spire Growth","floor":39.0,"turns":7.0},{"damage":0.0,"enemies":"Reptomancer","floor":40.0,"turns":8.0},{"damage":0.0,"enemies":"3 Darklings","floor":41.0,"turns":4.0},{"damage":0.0,"enemies":"Jaw Worm Horde","floor":44.0,"turns":2.0},{"damage":0.0,"enemies":"Nemesis","floor":46.0,"turns":9.0},{"damage":0.0,"enemies":"Writhing Mass","floor":47.0,"turns":8.0},{"damage":0.0,"enemies":"3 Darklings","floor":48.0,"turns":5.0},{"damage":32.0,"enemies":"Donu and Deca","floor":50.0,"turns":11.0},{"damage":0.0,"enemies":"Time Eater","floor":51.0,"turns":22.0},{"damage":7,"enemies":"Shield and Spear","floor":55,"turns":2}],"seed_played":"-4105552554961239848","potions_obtained":[{"floor":1.0,"key":"PowerPotion"},{"floor":7.0,"key":"Energy Potion"},{"floor":11.0,"key":"SteroidPotion"},{"floor":13.0,"key":"EssenceOfSteel"},{"floor":16.0,"key":"LiquidBronze"},{"floor":20.0,"key":"SmokeBomb"},{"floor":46.0,"key":"Strength Potion"}],"is_trial":false,"path_per_floor":["M","?","M","?","?","E","M","$","T","E","?","M","M","E","R","B",null,"M","?","M","?","?","R","$","R","T","?","M","E","M","T","R","B",null,"M","?","$","M","M","E","M","T","T","M","R","E","M","M","R","B","B",null,"R","$","E"],"character_chosen":"DEFECT","items_purchased":["PreservedInsect","Turbo+1","Rip and Tear","Bag of Preparation","OrangePellets","Defragment","Chill+1","Pear","Blizzard","Capacitor","Stack+1"],"campfire_rested":0,"item_purchase_floors":[8,8,8,24,24,24,37,37,54,54,54],"current_hp_per_floor":[64,64,64,64,64,64,64,64,64,59,49,45,50,56,56,63,64,64,54,57,57,32,32,32,32,32,32,32,32,32,32,32,32,32,32,32,42,42,42,42,42,42,42,42,42,42,42,42,42,39,42,42,42,42,35],"gold":24,"neow_bonus":"THREE_ENEMY_KILL","is_prod":false,"is_daily":false,"chose_seed":false,"campfire_upgraded":6,"win_rate":0,"timestamp":1551692334,"path_taken":["M","?","?","?","?","E","?","$","T","E","?","M","M","E","R","BOSS","M","?","M","?","?","R","$","R","T","?","M","E","?","?","R","BOSS","M","?","$","M","?","E","M","?","T","M","R","E","M","M","R","BOSS","BOSS","R","$","E"],"build_version":"2019-01-23","purchased_purges":2,"victory":false,"max_hp_per_floor":[71,71,71,64,64,64,64,64,64,64,64,64,64,64,64,64,64,64,64,64,64,32,32,32,32,32,32,32,32,32,32,32,32,32,32,32,42,42,42,42,42,42,42,42,42,42,42,42,42,42,42,42,42,42,42],"card_choices":[{"not_picked":["Storm","Steam"],"picked":"Coolheaded","floor":1.0},{"not_picked":["Compile Driver","Steam Power","Stack"],"picked":"SKIP","floor":3.0},{"not_picked":["Recycle+1","Beam Cell"],"picked":"Coolheaded+1","floor":6.0},{"not_picked":["Compile Driver","Go for the Eyes"],"picked":"Self Repair","floor":7.0},{"not_picked":["Steam+1","Compile Driver"],"picked":"Electrodynamics","floor":10.0},{"not_picked":["Beam Cell","Heatsinks"],"picked":"Gash","floor":11.0},{"not_picked":["Turbo+1","Compile Driver"],"picked":"Steam+1","floor":12.0},{"not_picked":["Beam Cell","Hello World"],"picked":"Reinforced Body+1","floor":13.0},{"not_picked":["Barrage","Beam Cell"],"picked":"BootSequence+1","floor":14.0},{"not_picked":["Meteor Strike","Rainbow+1"],"picked":"Reboot+1","floor":16.0},{"not_picked":["Stack+1","Leap+1","Ball Lightning"],"picked":"SKIP","floor":18.0},{"not_picked":["Barrage","Leap+1"],"picked":"Genetic Algorithm+1","floor":20.0},{"not_picked":["Storm","Rebound"],"picked":"White Noise+1","floor":28.0},{"not_picked":["Go for the Eyes","Stack+1"],"picked":"White Noise+1","floor":29.0},{"not_picked":["Steam+1","Conserve Battery+1","Rebound"],"picked":"SKIP","floor":30.0},{"not_picked":["Hyperbeam","Multi-Cast+1"],"picked":"Buffer","floor":33.0},{"not_picked":["Ball Lightning","Go for the Eyes"],"picked":"Heatsinks","floor":35.0},{"not_picked":["Beam Cell+1","Hello World"],"picked":"Skim+1","floor":38.0},{"not_picked":["Melter","Doom and Gloom"],"picked":"Gash","floor":39.0},{"not_picked":["Redo+1","Beam Cell","Steam+1"],"picked":"SKIP","floor":40.0},{"not_picked":["Ball Lightning","Double Energy+1"],"picked":"Consume+1","floor":41.0},{"not_picked":["Cold Snap","Turbo+1"],"picked":"Aggregate+1","floor":46.0},{"not_picked":["Compile Driver+1","Go for the Eyes+1"],"picked":"Gash","floor":47.0},{"not_picked":["Beam Cell","FTL"],"picked":"Undo+1","floor":48.0}],"player_experience":2007526,"relics_obtained":[{"floor":6.0,"key":"Pen Nib"},{"floor":9.0,"key":"Dodecahedron"},{"floor":10.0,"key":"Bottled Lightning"},{"floor":11.0,"key":"Odd Mushroom"},{"floor":14.0,"key":"Oddly Smooth Stone"},{"floor":26.0,"key":"Bird Faced Urn"},{"floor":29.0,"key":"Blood Vial"},{"floor":31.0,"key":"Meat on the Bone"},{"floor":40.0,"key":"Symbiotic Virus"},{"floor":43.0,"key":"Ornamental Fan"},{"floor":46.0,"key":"Boot"}],"event_choices":[{"damage_healed":0.0,"max_hp_gain":0.0,"max_hp_loss":0.0,"gold_gain":0.0,"event_name":"FaceTrader","player_choice":"Trade","floor":2.0,"gold_loss":0.0,"damage_taken":0.0,"relics_obtained":["SsserpentHead"]},{"damage_healed":0.0,"max_hp_gain":0.0,"max_hp_loss":7.0,"gold_gain":0.0,"event_name":"Golden Idol","player_choice":"Lose Max HP","floor":4.0,"gold_loss":0.0,"damage_taken":0.0,"relics_obtained":["Golden Idol"]},{"damage_healed":0.0,"max_hp_gain":0.0,"max_hp_loss":0.0,"gold_gain":0.0,"event_name":"WeMeetAgain","player_choice":"Gave Potion","floor":5.0,"gold_loss":0.0,"damage_taken":0.0,"relics_obtained":["Toxic Egg 2"]},{"damage_healed":0.0,"max_hp_gain":0.0,"max_hp_loss":0.0,"gold_gain":0.0,"event_name":"Mushrooms","player_choice":"Fought Mushrooms","floor":11.0,"gold_loss":0.0,"damage_taken":0.0},{"damage_healed":0.0,"max_hp_gain":0.0,"max_hp_loss":0.0,"gold_gain":0.0,"event_name":"Colosseum","player_choice":"Fight","floor":19.0,"gold_loss":0.0,"damage_taken":0.0},{"damage_healed":0.0,"max_hp_gain":0.0,"max_hp_loss":0.0,"gold_gain":0.0,"event_name":"Colosseum","player_choice":"Fled From Nobs","floor":19.0,"gold_loss":0.0,"damage_taken":0.0},{"damage_healed":0.0,"max_hp_gain":0.0,"max_hp_loss":0.0,"gold_gain":0.0,"event_name":"The Library","player_choice":"Read","floor":21.0,"gold_loss":0.0,"damage_taken":0.0,"cards_obtained":["Coolheaded"]},{"damage_healed":0.0,"max_hp_gain":0.0,"max_hp_loss":32.0,"gold_gain":0.0,"event_name":"Ghosts","player_choice":"Became a Ghost","floor":22.0,"gold_loss":0.0,"damage_taken":0.0,"cards_obtained":["Ghostly","Ghostly","Ghostly"]},{"cards_removed":["Defend_B"],"damage_healed":0.0,"max_hp_gain":0.0,"max_hp_loss":0.0,"gold_gain":0.0,"event_name":"Beggar","player_choice":"Gave Gold","floor":27.0,"gold_loss":75.0,"damage_taken":0.0},{"damage_healed":0.0,"max_hp_gain":0.0,"max_hp_loss":0.0,"gold_gain":0.0,"event_name":"Lab","player_choice":"Got Potions","floor":36.0,"gold_loss":0.0,"damage_taken":0.0}],"is_beta":false,"boss_relics":[{"not_picked":["Snecko Eye","Cursed Key"],"picked":"Empty Cage"},{"not_picked":["Orrery","Calling Bell"],"picked":"Inserter"}],"items_purged_floors":[8,54],"is_endless":false,"potions_floor_spawned":[1,7,11,13,14,16,20,30,33,38,39,46,48],"killed_by":"Shield and Spear","ascension_level":20}