{"gold_per_floor":[117,117,127,127,52,84,84,99,99,73,73,102,120,134,134,209,209,223,36,53,85,95,95,105,105],"floor_reached":25,"playtime":684,"items_purged":[],"score":476,"play_id":"c39a5bda-73f4-4d3f-b31d-3123e493a4df","local_time":"20190425182510","is_ascension_mode":true,"campfire_choices":[{"data":"Bash","floor":7,"key":"SMITH"},{"data":"Rampage","floor":11,"key":"SMITH"},{"data":"Immolate","floor":15,"key":"SMITH"},{"data":"Disarm","floor":23,"key":"SMITH"}],"neow_cost":"NONE","seed_source_timestamp":282740707926400,"circlet_count":0,"master_deck":["AscendersBane","Strike_R","Strike_R","Strike_R","Strike_R","Strike_R","Defend_R","Defend_R","Defend_R","Defend_R","Bash+1","Pommel Strike","Disarm+1","Rampage+1","Shrug It Off","Immolate+1","Feel No Pain","Shrug It Off","Offering","Entrench+1","True Grit","Second Wind","Carnage"],"relics":["Burning Blood","NeowsBlessing","Blue Candle","Unceasing Top","Pen Nib","Matryoshka","Lantern","Coffee Dripper","Potion Belt","Red Mask"],"potions_floor_usage":[16,21,24],"damage_taken":[{"damage":0,"enemies":"Small Slimes","floor":1,"turns":1},{"damage":0,"enemies":"2 Louse","floor":3,"turns":1},{"damage":0,"enemies":"Lagavulin","floor":6,"turns":1},{"damage":5,"enemies":"Jaw Worm","floor":8,"turns":4},{"damage":32,"enemies":"Gremlin Nob","floor":12,"turns":4},{"damage":0,"enemies":"2 Fungi Beasts","floor":13,"turns":2},{"damage":0,"enemies":"3 Louse","floor":14,"turns":2},{"damage":26,"enemies":"The Guardian","floor":16,"turns":13},{"damage":28,"enemies":"Shell Parasite","floor":18,"turns":5},{"damage":6,"enemies":"2 Thieves","floor":20,"turns":3},{"damage":7,"enemies":"Masked Bandits","floor":21,"turns":3},{"damage":17,"enemies":"Snake Plant","floor":22,"turns":5},{"damage":25,"enemies":"Chosen and Byrds","floor":24,"turns":5},{"damage":0,"enemies":"Book of Stabbing","floor":25,"turns":1}],"seed_played":"-6535222185690765590","potions_obtained":[{"floor":1,"key":"Explosive Potion"},{"floor":12,"key":"Ancient Potion"},{"floor":14,"key":"AttackPotion"},{"floor":16,"key":"AttackPotion"},{"floor":21,"key":"Strength Potion"},{"floor":22,"key":"FearPotion"},{"floor":24,"key":"FearPotion"}],"is_trial":false,"path_per_floor":["M","?","M","?","?","E","R","M","T","$","R","E","M","M","R","B",null,"M","$","M","?","M","R","M","E"],"character_chosen":"IRONCLAD","items_purchased":["Shrug It Off","True Grit","Potion Belt"],"campfire_rested":0,"item_purchase_floors":[10,19,19],"current_hp_per_floor":[74,74,75,64,64,70,70,71,71,71,71,45,51,57,57,37,66,44,44,44,43,32,32,13,13],"gold":105,"neow_bonus":"THREE_ENEMY_KILL","is_prod":false,"is_daily":false,"chose_seed":false,"campfire_upgraded":4,"win_rate":0,"timestamp":1556184310,"path_taken":["M","?","M","?","?","E","R","M","T","$","R","E","M","M","R","BOSS","M","$","M","?","M","R","M","E"],"build_version":"2019-01-23","purchased_purges":0,"victory":false,"max_hp_per_floor":[75,75,75,75,75,75,75,75,75,75,75,75,75,75,75,75,75,75,75,75,75,75,75,75,75],"card_choices":[{"not_picked":["Uppercut","Cleave"],"picked":"Pommel Strike","floor":1},{"not_picked":["Heavy Blade","Anger","Rupture"],"picked":"SKIP","floor":3},{"not_picked":["Infernal Blade","Dropkick"],"picked":"Disarm","floor":6},{"not_picked":["Clash","Rage"],"picked":"Rampage","floor":8},{"not_picked":["Dark Embrace","Wild Strike"],"picked":"Immolate","floor":12},{"not_picked":["Thunderclap","Pommel Strike"],"picked":"Feel No Pain","floor":13},{"not_picked":["Sword Boomerang","Iron Wave"],"picked":"Shrug It Off","floor":14},{"not_picked":["Fiend Fire","Barricade"],"picked":"Offering","floor":16},{"not_picked":["Iron Wave+1","Dual Wield"],"picked":"Entrench+1","floor":18},{"not_picked":["Heavy Blade","True Grit"],"picked":"Second Wind","floor":20},{"not_picked":["Pommel Strike","Perfected Strike","Body Slam"],"picked":"SKIP","floor":22},{"not_picked":["Sever Soul","Disarm"],"picked":"Carnage","floor":24}],"player_experience":3370125,"relics_obtained":[{"floor":6,"key":"Pen Nib"},{"floor":9,"key":"Matryoshka"},{"floor":12,"key":"Lantern"},{"floor":21,"key":"Red Mask"}],"event_choices":[{"damage_healed":0,"gold_gain":0,"player_choice":"Box","damage_taken":0,"relics_obtained":["Blue Candle"],"max_hp_gain":0,"max_hp_loss":0,"event_name":"Big Fish","floor":2,"gold_loss":0,"cards_obtained":["Regret"]},{"damage_healed":0,"gold_gain":0,"player_choice":"Success","damage_taken":11,"relics_obtained":["Unceasing Top"],"max_hp_gain":0,"max_hp_loss":0,"event_name":"Scrap Ooze","floor":4,"gold_loss":0},{"cards_removed":["Regret"],"damage_healed":0,"gold_gain":0,"player_choice":"Card Removal","damage_taken":0,"max_hp_gain":0,"max_hp_loss":0,"event_name":"The Cleric","floor":5,"gold_loss":75},{"damage_healed":0,"gold_gain":0,"player_choice":"Fought Bandits","damage_taken":0,"max_hp_gain":0,"max_hp_loss":0,"event_name":"Masked Bandits","floor":21,"gold_loss":0}],"is_beta":false,"boss_relics":[{"not_picked":["Runic Pyramid","Black Blood"],"picked":"Coffee Dripper"}],"items_purged_floors":[],"is_endless":false,"potions_floor_spawned":[1,12,14,16,18,21,22,24],"killed_by":"Book of Stabbing","ascension_level":20}