{"gold_per_floor":[109,126,126,10,85,111,111,140,167,182,208,208,241,260,260,337,337,357,357,367,62,62],"floor_reached":22,"playtime":726,"items_purged":[],"score":474,"play_id":"85dc05d6-3e68-4217-835b-1c792e380e12","local_time":"20190331195417","is_ascension_mode":true,"campfire_choices":[{"data":"Evolve","floor":15,"key":"SMITH"}],"neow_cost":"NONE","seed_source_timestamp":204204636329500,"circlet_count":0,"master_deck":["AscendersBane","Strike_R","Strike_R+1","Defend_R","Defend_R","Defend_R","Defend_R","Bash+1","Corruption+1","Flame Barrier","Body Slam+1","Evolve+1","Second Wind","Shrug It Off","True Grit","Seeing Red","Demon Form","Berserk","Exhume","Dropkick"],"relics":["Burning Blood","NeowsBlessing","Bag of Marbles","Shuriken","PreservedInsect","Whetstone","Omamori","Black Star","ClockworkSouvenir"],"potions_floor_usage":[11,11,22,22],"damage_taken":[{"damage":0,"enemies":"Small Slimes","floor":1,"turns":1},{"damage":0,"enemies":"2 Louse","floor":2,"turns":1},{"damage":0,"enemies":"Gremlin Nob","floor":6,"turns":1},{"damage":33,"enemies":"Lagavulin","floor":8,"turns":8},{"damage":0,"enemies":"Cultist","floor":10,"turns":3},{"damage":5,"enemies":"3 Sentries","floor":11,"turns":7},{"damage":3,"enemies":"Lagavulin","floor":13,"turns":5},{"damage":2,"enemies":"3 Louse","floor":14,"turns":4},{"damage":23,"enemies":"Slime Boss","floor":16,"turns":7},{"damage":36,"enemies":"3 Byrds","floor":18,"turns":6},{"damage":19,"enemies":"Chosen","floor":20,"turns":6},{"damage":21,"enemies":"Snake Plant","floor":22,"turns":4}],"seed_played":"6317379677546298661","potions_obtained":[{"floor":8,"key":"SteroidPotion"},{"floor":10,"key":"Block Potion"},{"floor":16,"key":"Dexterity Potion"},{"floor":20,"key":"BloodPotion"}],"is_trial":false,"path_per_floor":["M","M","?","$","?","E","?","E","T","M","E","?","E","M","R","B",null,"M","?","M","$","M"],"character_chosen":"IRONCLAD","items_purchased":["Body Slam","Evolve","Dropkick","ClockworkSouvenir"],"campfire_rested":0,"item_purchase_floors":[4,4,21,21],"current_hp_per_floor":[74,75,52,52,41,47,47,20,20,26,27,52,55,59,59,42,67,37,37,24,24,10],"gold":62,"neow_bonus":"THREE_ENEMY_KILL","is_prod":false,"is_daily":false,"chose_seed":false,"campfire_upgraded":1,"win_rate":0,"timestamp":1554029657,"path_taken":["M","M","?","$","?","E","?","E","T","?","E","?","E","M","R","BOSS","M","?","M","$","M"],"build_version":"2019-01-23","purchased_purges":0,"victory":false,"max_hp_per_floor":[75,75,75,75,75,75,75,75,75,75,75,75,75,75,75,75,75,75,75,75,75,75],"card_choices":[{"not_picked":["Shrug It Off","Anger"],"picked":"Corruption","floor":1},{"not_picked":["Perfected Strike","Headbutt"],"picked":"Flame Barrier","floor":2},{"not_picked":["Wild Strike","Dual Wield","Infernal Blade"],"picked":"SKIP","floor":6},{"not_picked":["Clothesline","Intimidate"],"picked":"Second Wind","floor":8},{"not_picked":["Anger","Ghostly Armor"],"picked":"Shrug It Off","floor":10},{"not_picked":["Perfected Strike","Clash"],"picked":"True Grit","floor":11},{"not_picked":["Anger","Spot Weakness"],"picked":"Seeing Red","floor":13},{"not_picked":["Body Slam","True Grit","Combust"],"picked":"SKIP","floor":14},{"not_picked":["Double Tap","Berserk"],"picked":"Demon Form","floor":16},{"not_picked":["Thunderclap","Body Slam","Wild Strike"],"picked":"SKIP","floor":18},{"not_picked":["Hemokinesis","Warcry","Perfected Strike"],"picked":"SKIP","floor":20}],"player_experience":2782971,"relics_obtained":[{"floor":6,"key":"Bag of Marbles"},{"floor":8,"key":"Shuriken"},{"floor":9,"key":"PreservedInsect"},{"floor":11,"key":"Whetstone"},{"floor":13,"key":"Omamori"}],"event_choices":[{"damage_healed":0,"gold_gain":0,"player_choice":"Entered Light","damage_taken":23,"max_hp_gain":0,"max_hp_loss":0,"event_name":"Shining Light","floor":3,"gold_loss":0,"cards_upgraded":["Corruption","Strike_R"]},{"damage_healed":0,"gold_gain":75,"player_choice":"Gather Gold","damage_taken":11,"max_hp_gain":0,"max_hp_loss":0,"event_name":"World of Goop","floor":5,"gold_loss":0},{"cards_removed":["Strike_R"],"damage_healed":0,"gold_gain":0,"player_choice":"Offered Basic","damage_taken":0,"max_hp_gain":0,"max_hp_loss":0,"event_name":"Bonfire Elementals","floor":7,"gold_loss":0},{"damage_healed":25,"gold_gain":0,"player_choice":"Banana","damage_taken":0,"max_hp_gain":0,"max_hp_loss":0,"event_name":"Big Fish","floor":12,"gold_loss":0},{"damage_healed":0,"gold_gain":0,"cards_transformed":["Strike_R","Strike_R"],"player_choice":"Became Test Subject","damage_taken":0,"max_hp_gain":0,"max_hp_loss":0,"event_name":"Drug Dealer","floor":19,"gold_loss":0,"cards_obtained":["Berserk","Exhume"]}],"is_beta":false,"boss_relics":[{"not_picked":["White Beast Statue","Tiny House"],"picked":"Black Star"}],"items_purged_floors":[],"is_endless":false,"potions_floor_spawned":[8,10,16,20],"killed_by":"Snake Plant","ascension_level":20}