{"gold_per_floor":[114,129,129,129,129,129,158,158,213,19,32,32,47,72,72,72],"floor_reached":16,"playtime":685,"items_purged":["Strike_R"],"score":216,"play_id":"f2747459-0be9-45c5-bb12-3ad87affc26f","local_time":"20190401192728","is_ascension_mode":true,"campfire_choices":[{"data":"Bash","floor":6,"key":"SMITH"},{"data":"Havoc","floor":8,"key":"SMITH"},{"data":"Flame Barrier","floor":12,"key":"SMITH"},{"data":"Recycle","floor":15,"key":"SMITH"}],"neow_cost":"","seed_source_timestamp":0,"circlet_count":0,"master_deck":["Ghostly","Defend_R","Defend_R","Defend_R","Defend_R","Strike_R","Strike_R","Strike_R","Bash+1","Creative AI+1","Deflect","Havoc+1","Flame Barrier+1","Enlightenment","Recycle+1"],"relics":["Burning Blood","PrismaticShard","Smiling Mask","PreservedInsect","Lantern"],"potions_floor_usage":[11,14,14,16],"damage_taken":[{"damage":21,"enemies":"Jaw Worm","floor":1,"turns":6},{"damage":13,"enemies":"2 Louse","floor":2,"turns":4},{"damage":50,"enemies":"3 Sentries","floor":7,"turns":18},{"damage":1,"enemies":"Cultist","floor":11,"turns":4},{"damage":11,"enemies":"Blue Slaver","floor":13,"turns":8},{"damage":25,"enemies":"Lagavulin","floor":14,"turns":8},{"damage":7,"enemies":"Hexaghost","floor":16,"turns":11}],"seed_played":"9027634402892315448","potions_obtained":[{"floor":1,"key":"Poison Potion"},{"floor":2,"key":"Swift Potion"},{"floor":13,"key":"Swift Potion"},{"floor":14,"key":"Ancient Potion"}],"is_trial":true,"path_per_floor":["M","M","?","?","?","R","E","R","T","$","M","R","M","E","R","B"],"character_chosen":"IRONCLAD","items_purchased":["Flame Barrier","Enlightenment"],"campfire_rested":0,"item_purchase_floors":[10,10],"current_hp_per_floor":[53,46,46,71,71,71,27,27,27,27,32,32,27,8,8,1],"gold":72,"neow_bonus":"","is_prod":false,"is_daily":false,"chose_seed":false,"campfire_upgraded":4,"win_rate":0,"timestamp":1554114448,"path_taken":["M","M","?","?","?","R","E","R","T","$","M","R","M","E","R","BOSS"],"build_version":"2019-01-23","purchased_purges":1,"victory":false,"max_hp_per_floor":[75,75,75,75,75,75,75,75,75,75,75,75,75,75,75,75],"card_choices":[{"not_picked":["Burning Pact","Blade Dance"],"picked":"Deflect","floor":1},{"not_picked":["Terror","Rupture","Flying Knee"],"picked":"SKIP","floor":2},{"not_picked":["Havoc","Iron Wave","Quick Slash"],"picked":"SKIP","floor":7},{"not_picked":["Iron Wave","Quick Slash"],"picked":"Havoc","floor":7},{"not_picked":["Acrobatics","Conserve Battery","Slice"],"picked":"SKIP","floor":11},{"not_picked":["Scrape","Finisher","Blade Dance"],"picked":"SKIP","floor":13},{"not_picked":["Unload","Flex"],"picked":"Recycle","floor":14}],"player_experience":2807110,"relics_obtained":[{"floor":7,"key":"Smiling Mask"},{"floor":9,"key":"PreservedInsect"},{"floor":14,"key":"Lantern"}],"event_choices":[{"cards_removed":["Strike_R"],"damage_healed":0,"gold_gain":0,"player_choice":"Forget","damage_taken":0,"max_hp_gain":0,"max_hp_loss":0,"event_name":"Living Wall","floor":3,"gold_loss":0},{"damage_healed":25,"gold_gain":0,"player_choice":"Banana","damage_taken":0,"max_hp_gain":0,"max_hp_loss":0,"event_name":"Big Fish","floor":4,"gold_loss":0},{"damage_healed":0,"gold_gain":0,"player_choice":"Upgraded","damage_taken":0,"max_hp_gain":0,"max_hp_loss":0,"event_name":"Upgrade Shrine","floor":5,"gold_loss":0,"cards_upgraded":["Creative AI"]}],"is_beta":false,"boss_relics":[],"items_purged_floors":[10],"is_endless":false,"potions_floor_spawned":[1,2,13,14],"killed_by":"Hexaghost","ascension_level":20}