{"gold_per_floor":[119,119,6,20,37,37,52,52,134,147,147,47,68,86,86,86],"floor_reached":16,"playtime":1091,"items_purged":["Strike_R","Injury"],"score":122,"play_id":"2ba6cd1a-d4d7-4115-b3c5-9cdb0d6c88bc","local_time":"20190422190619","is_ascension_mode":true,"campfire_choices":[{"data":"Body Slam","floor":6.0,"key":"SMITH"},{"data":"Armaments","floor":8.0,"key":"SMITH"},{"data":"Rupture","floor":15,"key":"SMITH"}],"neow_cost":"NONE","seed_source_timestamp":17629300695200,"circlet_count":0,"master_deck":["Strike_R","Strike_R","Defend_R","Defend_R","Defend_R","Defend_R","Bash","Armaments+1","Rupture+1","Body Slam+1","Entrench","Flex","Shrug It Off","Burning Pact","Pommel Strike"],"special_seed":0,"relics":["Burning Blood","Ornamental Fan","Golden Idol"],"potions_floor_usage":[10,14,14,16],"damage_taken":[{"damage":3.0,"enemies":"Small Slimes","floor":1.0,"turns":3.0},{"damage":2.0,"enemies":"2 Louse","floor":4.0,"turns":3.0},{"damage":8.0,"enemies":"Jaw Worm","floor":5.0,"turns":4.0},{"damage":17.0,"enemies":"Exordium Thugs","floor":7.0,"turns":5.0},{"damage":7,"enemies":"Large Slime","floor":10,"turns":10},{"damage":0,"enemies":"2 Fungi Beasts","floor":13,"turns":3},{"damage":15,"enemies":"Gremlin Gang","floor":14,"turns":7},{"damage":76,"enemies":"Slime Boss","floor":16,"turns":9}],"seed_played":"-1257071507421550500","potions_obtained":[{"floor":1.0,"key":"SkillPotion"},{"floor":4.0,"key":"Explosive Potion"},{"floor":13,"key":"SkillPotion"},{"floor":14,"key":"Regen Potion"}],"is_trial":false,"path_per_floor":["M","?","$","M","M","R","M","R","T","M","?","$","M","M","R","B"],"character_chosen":"IRONCLAD","items_purchased":["Rupture"],"campfire_rested":0,"item_purchase_floors":[3],"current_hp_per_floor":[75,68,68,72,70,70,59,59,59,58,58,58,64,55,55,0],"gold":86,"neow_bonus":"REMOVE_CARD","is_prod":false,"is_daily":false,"chose_seed":false,"campfire_upgraded":3,"win_rate":0,"timestamp":1555927579,"path_taken":["M","?","$","M","M","R","M","R","T","M","?","$","M","M","R","BOSS"],"build_version":"2019-01-23","purchased_purges":2,"victory":false,"max_hp_per_floor":[80,80,80,80,80,80,80,80,80,80,80,80,80,80,80,80],"card_choices":[{"not_picked":["Evolve","Clothesline"],"picked":"Armaments","floor":1.0},{"not_picked":["Ghostly Armor","Uppercut"],"picked":"Body Slam","floor":4.0},{"not_picked":["Iron Wave","Headbutt"],"picked":"Entrench","floor":5.0},{"not_picked":["Anger","Twin Strike"],"picked":"Flex","floor":7.0},{"not_picked":["Berserk","Reckless Charge"],"picked":"Shrug It Off","floor":10},{"not_picked":["Dual Wield","Thunderclap"],"picked":"Burning Pact","floor":13},{"not_picked":["Warcry","Pummel"],"picked":"Pommel Strike","floor":14}],"player_experience":342736,"relics_obtained":[{"floor":9.0,"key":"Ornamental Fan"}],"event_choices":[{"cards_removed":["Strike_R"],"damage_healed":0.0,"max_hp_gain":0.0,"max_hp_loss":0.0,"gold_gain":0.0,"event_name":"Golden Wing","player_choice":"Card Removal","floor":2.0,"gold_loss":0.0,"damage_taken":7.0},{"damage_healed":0,"gold_gain":0,"player_choice":"Take Wound","damage_taken":0,"relics_obtained":["Golden Idol"],"max_hp_gain":0,"max_hp_loss":0,"event_name":"Golden Idol","floor":11,"gold_loss":0,"cards_obtained":["Injury"]}],"is_beta":false,"boss_relics":[],"items_purged_floors":[3,12],"is_endless":false,"potions_floor_spawned":[1,4,13,14],"killed_by":"Slime Boss","ascension_level":6}