{"gold_per_floor":[112,112,112,25,44,72,72,90,90,102,154,187,212,247,259,361,373,400,327,4,4],"floor_reached":21,"playtime":971,"items_purged":[],"score":369,"play_id":"609af5ad-ab0b-4066-8323-c68dc78b7622","local_time":"20190418192738","is_ascension_mode":true,"campfire_choices":[{"floor":10,"key":"REST"},{"floor":15,"key":"REST"}],"neow_cost":"NONE","seed_source_timestamp":611328753937080,"circlet_count":0,"master_deck":["AscendersBane","Zap","Dualcast","Redo","Hello World","Cold Snap","Hello World","Injury","Melter","Rebound","Melter","Compile Driver","Hello World","Go for the Eyes","All For One","Reinforced Body","Multi-Cast","Recycle","Stack","Reboot","Amplify","Biased Cognition","Auto Shields","Compile Driver+1","Cold Snap+1"],"relics":["Cracked Core","Kunai","Mercury Hourglass","Golden Idol","MawBank","Dream Catcher","Pandora\u0027s Box","Molten Egg 2","Gremlin Horn"],"potions_floor_usage":[16,16],"damage_taken":[{"damage":0,"enemies":"Small Slimes","floor":1,"turns":2},{"damage":2,"enemies":"Jaw Worm","floor":5,"turns":3},{"damage":28,"enemies":"3 Sentries","floor":6,"turns":10},{"damage":0,"enemies":"2 Louse","floor":8,"turns":1},{"damage":20,"enemies":"Lagavulin","floor":11,"turns":7},{"damage":13,"enemies":"Exordium Wildlife","floor":12,"turns":3},{"damage":0,"enemies":"3 Louse","floor":13,"turns":3},{"damage":6,"enemies":"2 Fungi Beasts","floor":14,"turns":2},{"damage":32,"enemies":"Slime Boss","floor":16,"turns":9},{"damage":44,"enemies":"Shell Parasite","floor":18,"turns":4},{"damage":31,"enemies":"Chosen","floor":21,"turns":3}],"seed_played":"8770882912232514232","potions_obtained":[{"floor":11,"key":"SpeedPotion"},{"floor":12,"key":"SpeedPotion"},{"floor":16,"key":"SteroidPotion"}],"is_trial":false,"path_per_floor":["M","?","?","$","M","E","?","M","T","R","E","M","M","M","R","B",null,"M","?","$","M"],"character_chosen":"DEFECT","items_purchased":["Hello World","Gremlin Horn","Cold Snap+1"],"campfire_rested":2,"item_purchase_floors":[4,20,20],"current_hp_per_floor":[71,71,66,66,64,36,36,36,36,59,39,26,26,20,43,11,61,17,17,17,0],"gold":4,"neow_bonus":"TEN_PERCENT_HP_BONUS","is_prod":false,"is_daily":false,"chose_seed":false,"campfire_upgraded":0,"win_rate":0,"timestamp":1555604858,"path_taken":["M","?","?","$","M","E","?","M","T","R","E","M","M","M","R","BOSS","M","?","$","M"],"build_version":"2019-01-23","purchased_purges":0,"victory":false,"max_hp_per_floor":[78,78,78,78,78,78,78,78,78,78,78,78,78,78,78,78,78,78,78,78,78],"card_choices":[{"not_picked":["Sweeping Beam","Turbo"],"picked":"Redo","floor":1},{"not_picked":["Leap","Redo"],"picked":"Cold Snap","floor":5},{"not_picked":["Redo","Coolheaded"],"picked":"Hello World","floor":6},{"not_picked":["Streamline","Sweeping Beam"],"picked":"Melter","floor":8},{"not_picked":["Meteor Strike","Stack"],"picked":"Rebound","floor":11},{"not_picked":["Blizzard","Reprogram"],"picked":"Melter","floor":12},{"not_picked":["Turbo","Sweeping Beam"],"picked":"Compile Driver","floor":13},{"not_picked":["Scrape","Turbo"],"picked":"Hello World","floor":14},{"not_picked":["Skim","Chaos"],"picked":"Go for the Eyes","floor":15},{"not_picked":["Multi-Cast","Hyperbeam"],"picked":"All For One","floor":16},{"not_picked":["Gash","Streamline+1"],"picked":"Compile Driver+1","floor":18}],"player_experience":1214299,"relics_obtained":[{"floor":6,"key":"Mercury Hourglass"},{"floor":9,"key":"MawBank"},{"floor":11,"key":"Dream Catcher"}],"event_choices":[{"damage_healed":0,"gold_gain":0,"player_choice":"Ignored","damage_taken":0,"max_hp_gain":0,"max_hp_loss":0,"event_name":"Shining Light","floor":2,"gold_loss":0},{"damage_healed":0,"gold_gain":0,"player_choice":"Success","damage_taken":5,"relics_obtained":["Kunai"],"max_hp_gain":0,"max_hp_loss":0,"event_name":"Scrap Ooze","floor":3,"gold_loss":0},{"damage_healed":0,"gold_gain":0,"player_choice":"Take Wound","damage_taken":0,"relics_obtained":["Golden Idol"],"max_hp_gain":0,"max_hp_loss":0,"event_name":"Golden Idol","floor":7,"gold_loss":0,"cards_obtained":["Injury"]},{"damage_healed":0,"gold_gain":0,"player_choice":"Obtained Relic","damage_taken":0,"relics_obtained":["Molten Egg 2"],"max_hp_gain":0,"max_hp_loss":0,"event_name":"Addict","floor":19,"gold_loss":85}],"is_beta":false,"boss_relics":[{"not_picked":["Velvet Choker","Black Star"],"picked":"Pandora\u0027s Box"}],"items_purged_floors":[],"is_endless":false,"potions_floor_spawned":[11,12,14,16],"killed_by":"Chosen","ascension_level":19}