{"gold_per_floor":[19,19,19,33,47,47,81,81,81,81,81,112,112,147,147,221,221,236,236,236,64,79,104,104,1,82,97,114,142,142,171,171,242,242,257,273,273,89,101,101],"floor_reached":40,"playtime":2391,"items_purged":["Defend_B"],"score":1170,"play_id":"0986e25c-c7c8-48df-8646-fecca82836e8","local_time":"20190208131335","is_ascension_mode":true,"campfire_choices":[{"data":"Metamorphosis","floor":8,"key":"SMITH"},{"data":"Self Repair","floor":11,"key":"SMITH"},{"data":"Coolheaded","floor":13,"key":"SMITH"},{"floor":15,"key":"REST"},{"floor":24,"key":"REST"},{"floor":30,"key":"REST"},{"data":"Defragment","floor":32,"key":"SMITH"}],"neow_cost":"NO_GOLD","seed_source_timestamp":239398851733200,"circlet_count":0,"master_deck":["AscendersBane","Strike_B","Defend_B","Defend_B","Defend_B","Dualcast","Secret Technique","Metamorphosis+1","Ball Lightning","Self Repair+1","Coolheaded+1","Glacier","Buffer","Hologram","Defragment+1","Core Surge","Consume","Reboot","Discovery","Gash","Loop","Cold Snap","Double Energy","Core Surge","Fusion+1","All For One+1","Steam+1","Capacitor+1","Double Energy","Gash","Beam Cell+1"],"relics":["Cracked Core","Gremlin Horn","Blue Candle","Dead Branch","Incense Burner","Philosopher\u0027s Stone","Nilry\u0027s Codex","Darkstone Periapt","Tiny Chest","Frozen Egg 2","FossilizedHelix","Astrolabe"],"potions_floor_usage":[7,16,16,29,31],"damage_taken":[{"damage":3,"enemies":"2 Louse","floor":1,"turns":3},{"damage":1,"enemies":"Cultist","floor":4,"turns":3},{"damage":12,"enemies":"Jaw Worm","floor":5,"turns":2},{"damage":25,"enemies":"3 Sentries","floor":7,"turns":6},{"damage":10,"enemies":"Lagavulin","floor":12,"turns":5},{"damage":20,"enemies":"3 Sentries","floor":14,"turns":6},{"damage":0,"enemies":"The Guardian","floor":16,"turns":12},{"damage":19,"enemies":"2 Thieves","floor":18,"turns":3},{"damage":7,"enemies":"Spheric Guardian","floor":22,"turns":3},{"damage":39,"enemies":"Gremlin Leader","floor":23,"turns":5},{"damage":1,"enemies":"Shelled Parasite and Fungi","floor":27,"turns":6},{"damage":5,"enemies":"Snecko","floor":28,"turns":9},{"damage":27,"enemies":"Slavers","floor":29,"turns":5},{"damage":19,"enemies":"Book of Stabbing","floor":31,"turns":6},{"damage":0,"enemies":"Champ","floor":33,"turns":12},{"damage":0,"enemies":"Orb Walker","floor":35,"turns":4},{"damage":24,"enemies":"3 Darklings","floor":36,"turns":3},{"damage":0,"enemies":"Writhing Mass","floor":39,"turns":6},{"damage":70,"enemies":"Reptomancer","floor":40,"turns":2}],"seed_played":"6285614852704829561","potions_obtained":[{"floor":3,"key":"Swift Potion"},{"floor":3,"key":"EntropicBrew"},{"floor":7,"key":"FocusPotion"},{"floor":12,"key":"FocusPotion"},{"floor":23,"key":"Energy Potion"},{"floor":29,"key":"GamblersBrew"},{"floor":31,"key":"Dexterity Potion"},{"floor":35,"key":"Strength Potion"}],"is_trial":false,"path_per_floor":["M","?","?","M","M","?","E","R","T","?","R","E","R","E","R","B",null,"M","?","?","$","M","E","R","$","T","M","M","E","R","E","R","B",null,"M","M","?","$","M","E"],"character_chosen":"DEFECT","items_purchased":["Core Surge","Discovery","Double Energy","Gash"],"campfire_rested":3,"item_purchase_floors":[21,25,38,38],"current_hp_per_floor":[61,61,61,60,48,41,16,16,16,39,39,39,39,29,50,60,68,59,59,38,38,41,2,23,23,23,32,37,10,31,22,22,32,61,71,57,57,57,67,0],"gold":101,"neow_bonus":"RANDOM_COLORLESS_2","is_prod":false,"is_daily":false,"chose_seed":false,"campfire_upgraded":4,"win_rate":0,"timestamp":1549599215,"path_taken":["M","?","?","?","M","?","E","R","T","?","R","E","R","E","R","BOSS","M","?","?","$","M","E","R","?","T","M","?","E","R","E","R","BOSS","M","?","?","$","?","E"],"build_version":"2019-01-23","purchased_purges":1,"victory":false,"max_hp_per_floor":[71,71,71,71,71,71,71,71,71,71,71,71,71,71,71,71,71,71,71,71,71,71,71,71,71,71,71,71,71,71,71,71,71,71,71,71,71,71,71,71],"card_choices":[{"not_picked":["Sweeping Beam","Stack","Rebound"],"picked":"SKIP","floor":1},{"not_picked":["Steam","Barrage"],"picked":"Ball Lightning","floor":4},{"not_picked":["Leap","Gash","Redo"],"picked":"SKIP","floor":5},{"not_picked":["Turbo","Doom and Gloom"],"picked":"Self Repair","floor":7},{"not_picked":["Go for the Eyes","Gash"],"picked":"Coolheaded","floor":12},{"not_picked":["Hologram","All For One"],"picked":"Glacier","floor":14},{"not_picked":["All For One","Fission"],"picked":"Buffer","floor":16},{"not_picked":["Hello World","Ball Lightning"],"picked":"Hologram","floor":18},{"not_picked":["Static Discharge","Hologram"],"picked":"Consume","floor":22},{"not_picked":["Buffer","Thunder Strike"],"picked":"Reboot","floor":23},{"not_picked":["Redo","Barrage"],"picked":"Gash","floor":27},{"not_picked":["Barrage","Doom and Gloom"],"picked":"Loop","floor":28},{"not_picked":["Steam","Stack"],"picked":"Cold Snap","floor":29},{"not_picked":["Streamline","Compile Driver"],"picked":"Double Energy","floor":31},{"not_picked":["Reboot","Thunder Strike"],"picked":"Core Surge","floor":33},{"not_picked":["Reprogram","Rebound"],"picked":"Capacitor+1","floor":35},{"not_picked":["Go for the Eyes","Ball Lightning","Sweeping Beam"],"picked":"SKIP","floor":36},{"not_picked":["Barrage","Beam Cell+1","Stack"],"picked":"SKIP","floor":39},{"not_picked":["Barrage","Stack"],"picked":"Beam Cell+1","floor":39}],"player_experience":1456484,"relics_obtained":[{"floor":7,"key":"Gremlin Horn"},{"floor":9,"key":"Blue Candle"},{"floor":12,"key":"Dead Branch"},{"floor":14,"key":"Incense Burner"},{"floor":20,"key":"Nilry\u0027s Codex"},{"floor":23,"key":"Darkstone Periapt"},{"floor":26,"key":"Tiny Chest"},{"floor":29,"key":"Frozen Egg 2"},{"floor":31,"key":"FossilizedHelix"}],"event_choices":[{"damage_healed":0,"gold_gain":0,"cards_transformed":["Forethought"],"player_choice":"Change","damage_taken":0,"max_hp_gain":0,"max_hp_loss":0,"event_name":"Living Wall","floor":2,"gold_loss":0,"cards_obtained":["Metamorphosis"]},{"damage_healed":0,"gold_gain":0,"player_choice":"Got Potions","damage_taken":0,"max_hp_gain":0,"max_hp_loss":0,"event_name":"Lab","floor":3,"gold_loss":0},{"cards_removed":["Zap"],"damage_healed":0,"gold_gain":0,"player_choice":"Card Removal","damage_taken":7,"max_hp_gain":0,"max_hp_loss":0,"event_name":"Golden Wing","floor":6,"gold_loss":0},{"damage_healed":23,"gold_gain":0,"player_choice":"Banana","damage_taken":0,"max_hp_gain":0,"max_hp_loss":0,"event_name":"Big Fish","floor":10,"gold_loss":0},{"damage_healed":0,"gold_gain":0,"player_choice":"Read","damage_taken":0,"max_hp_gain":0,"max_hp_loss":0,"event_name":"The Library","floor":19,"gold_loss":0,"cards_obtained":["Defragment"]},{"damage_healed":0,"gold_gain":0,"player_choice":"Obtained Book","damage_taken":21,"max_hp_gain":0,"max_hp_loss":0,"event_name":"Cursed Tome","floor":20,"gold_loss":0},{"damage_healed":0,"gold_gain":0,"player_choice":"Ignored","damage_taken":0,"max_hp_gain":0,"max_hp_loss":0,"event_name":"SecretPortal","floor":37,"gold_loss":0}],"is_beta":false,"boss_relics":[{"not_picked":["Calling Bell","Eternal Feather"],"picked":"Philosopher\u0027s Stone"},{"not_picked":["Tiny House","Coffee Dripper"],"picked":"Astrolabe"}],"items_purged_floors":[38],"is_endless":false,"potions_floor_spawned":[7,12,14,23,29,31,35],"killed_by":"Reptomancer","ascension_level":20}