{"gold_per_floor":[111,286,303,320,92,125,145,145,145,177,177,193,116,135,135,238,238,255,44,44,44,56,56,91,108,108,108,134,134,34,50,50,50],"floor_reached":33,"playtime":1104,"items_purged":["Doubt","Strike_R"],"score":398,"play_id":"0e8e0c64-4498-4f8c-a658-fc9deee5097a","local_time":"20190203130456","is_ascension_mode":true,"campfire_choices":[{"data":"Discovery","floor":8,"key":"SMITH"},{"data":"Bash","floor":11,"key":"SMITH"},{"floor":15,"key":"REST"},{"data":"Whirlwind","floor":23,"key":"SMITH"},{"floor":27,"key":"DIG"},{"floor":29,"key":"DIG"},{"floor":32,"key":"REST"}],"neow_cost":"NONE","seed_source_timestamp":101229704364300,"circlet_count":0,"master_deck":["Strike_R","Strike_R","Strike_R","Strike_R","Defend_R","Defend_R","Defend_R","Defend_R","Bash+1","Headbutt","Discovery+1","Entrench","Battle Trance","Fire Breathing+1","Power Through","Offering","Whirlwind+1","Feel No Pain+1","Shockwave+1","Flex","Entrench+1","Limit Break"],"relics":["Burning Blood","NeowsBlessing","Darkstone Periapt","Frozen Egg 2","Bag of Preparation","Pocketwatch","Runic Dome","Lantern","Shovel","Sundial","Orichalcum","Red Skull"],"potions_floor_usage":[6,16,24,24,28,28,33],"damage_taken":[{"damage":0,"enemies":"Small Slimes","floor":1,"turns":1},{"damage":0,"enemies":"Jaw Worm","floor":3,"turns":1},{"damage":0,"enemies":"Cultist","floor":4,"turns":1},{"damage":25,"enemies":"3 Sentries","floor":6,"turns":10},{"damage":0,"enemies":"3 Louse","floor":7,"turns":1},{"damage":37,"enemies":"Gremlin Nob","floor":10,"turns":4},{"damage":11,"enemies":"Blue Slaver","floor":12,"turns":3},{"damage":21,"enemies":"Lots of Slimes","floor":14,"turns":4},{"damage":28,"enemies":"Slime Boss","floor":16,"turns":6},{"damage":12,"enemies":"Spheric Guardian","floor":18,"turns":3},{"damage":16,"enemies":"3 Byrds","floor":22,"turns":5},{"damage":16,"enemies":"Slavers","floor":24,"turns":4},{"damage":15,"enemies":"Centurion and Healer","floor":25,"turns":7},{"damage":21,"enemies":"Book of Stabbing","floor":28,"turns":4},{"damage":35,"enemies":"Snake Plant","floor":31,"turns":4},{"damage":41,"enemies":"Champ","floor":33,"turns":10}],"seed_played":"309345636068308907","potions_obtained":[{"floor":4,"key":"Fire Potion"},{"floor":12,"key":"SteroidPotion"},{"floor":16,"key":"SkillPotion"},{"floor":22,"key":"SkillPotion"},{"floor":24,"key":"Weak Potion"},{"floor":25,"key":"PowerPotion"}],"is_trial":false,"path_per_floor":["M","?","M","M","$","E","M","R","T","E","R","M","?","M","R","B",null,"M","$","?","?","M","R","E","M","T","R","E","R","$","M","R","B"],"character_chosen":"IRONCLAD","items_purchased":["Discovery","Entrench","Whirlwind","Feel No Pain+1","Fire Potion"],"campfire_rested":2,"item_purchase_floors":[5,5,19,19,19],"current_hp_per_floor":[78,78,80,80,80,61,67,67,67,36,36,31,31,16,40,18,65,59,59,44,85,75,75,65,56,56,56,41,41,41,12,37,0],"gold":50,"neow_bonus":"THREE_ENEMY_KILL","is_prod":false,"is_daily":false,"chose_seed":false,"campfire_upgraded":3,"win_rate":0,"timestamp":1549166696,"path_taken":["M","?","M","M","$","E","M","R","T","E","R","M","?","?","R","BOSS","M","$","?","?","?","R","E","M","T","R","E","R","?","?","R","BOSS"],"build_version":"2019-01-23","purchased_purges":2,"victory":false,"max_hp_per_floor":[80,80,80,80,80,80,80,80,80,80,80,80,80,80,80,80,80,80,80,85,85,85,85,85,85,85,85,85,85,85,85,85,85],"card_choices":[{"not_picked":["Warcry","Bloodletting"],"picked":"Headbutt","floor":1},{"not_picked":["Wild Strike","Rupture","Perfected Strike"],"picked":"SKIP","floor":3},{"not_picked":["Clash","Thunderclap","Combust"],"picked":"SKIP","floor":4},{"not_picked":["Burning Pact","Bloodletting"],"picked":"Battle Trance","floor":6},{"not_picked":["Spot Weakness","Flex","Clash"],"picked":"SKIP","floor":7},{"not_picked":["Anger","Sever Soul"],"picked":"Fire Breathing+1","floor":10},{"not_picked":["Heavy Blade","Cleave","Clothesline"],"picked":"SKIP","floor":12},{"not_picked":["Clothesline","Warcry"],"picked":"Power Through","floor":14},{"not_picked":["Berserk+1","Double Tap"],"picked":"Offering","floor":16},{"not_picked":["Clash","Cleave"],"picked":"Dropkick","floor":18},{"not_picked":["Flex","Searing Blow"],"picked":"Shockwave+1","floor":22},{"not_picked":["Twin Strike","Sever Soul+1"],"picked":"Flex","floor":24},{"not_picked":["Armaments","Iron Wave","Wild Strike+1"],"picked":"SKIP","floor":25},{"not_picked":["Pummel+1","Twin Strike"],"picked":"Entrench+1","floor":28},{"not_picked":["Flex","Ghostly Armor+1"],"picked":"Limit Break","floor":31}],"player_experience":13445,"relics_obtained":[{"floor":6,"key":"Darkstone Periapt"},{"floor":9,"key":"Frozen Egg 2"},{"floor":10,"key":"Bag of Preparation"},{"floor":24,"key":"Lantern"},{"floor":26,"key":"Shovel"},{"floor":27,"key":"Sundial"},{"floor":28,"key":"Orichalcum"},{"floor":29,"key":"Red Skull"}],"event_choices":[{"damage_healed":0,"gold_gain":175,"player_choice":"AGREE","damage_taken":0,"max_hp_gain":0,"max_hp_loss":0,"event_name":"Liars Game","floor":2,"gold_loss":0,"cards_obtained":["Doubt"]},{"damage_healed":0,"gold_gain":0,"player_choice":"Paid Gold","damage_taken":0,"relics_obtained":["Pocketwatch"],"max_hp_gain":0,"max_hp_loss":0,"event_name":"WeMeetAgain","floor":13,"gold_loss":77},{"damage_healed":0,"gold_gain":0,"player_choice":"Shed Blood","damage_taken":20,"max_hp_gain":5,"max_hp_loss":0,"event_name":"Forgotten Altar","floor":20,"gold_loss":0},{"cards_removed":["Dropkick"],"damage_healed":41,"gold_gain":0,"player_choice":"Offered Uncommon","damage_taken":0,"max_hp_gain":0,"max_hp_loss":0,"event_name":"Bonfire Elementals","floor":21,"gold_loss":0}],"is_beta":false,"boss_relics":[{"not_picked":["Fusion Hammer","Coffee Dripper"],"picked":"Runic Dome"}],"items_purged_floors":[5,30],"is_endless":false,"potions_floor_spawned":[4,12,16,22,24,25],"killed_by":"Champ","ascension_level":7}