{"gold_per_floor":[367,367,31,31,31,31,69,69,69,105,144,144,175,194,194,287,287,287,212,212,231,250,250,135,169,169,182,251,251,251,285,285,356,356,369,369,27,0,10,37,55,84,84,84,84,99,118,132,132,132],"floor_reached":51,"playtime":1552,"items_purged":["Defend_B"],"score":1639,"play_id":"61874fb9-d887-44d7-bfab-8a2d69a06ce6","local_time":"20190216202622","is_ascension_mode":true,"campfire_choices":[{"data":"Zap","floor":6,"key":"SMITH"},{"data":"Streamline","floor":8,"key":"SMITH"},{"floor":12,"key":"REST"},{"data":"Buffer","floor":15,"key":"SMITH"},{"floor":23,"key":"REST"},{"floor":30,"key":"REST"},{"floor":32,"key":"REST"},{"floor":44,"key":"REST"},{"floor":49,"key":"REST"}],"neow_cost":"TEN_PERCENT_HP_LOSS","seed_source_timestamp":209694110039700,"circlet_count":0,"master_deck":["AscendersBane","Strike_B","Strike_B","Strike_B","Strike_B","Defend_B","Zap+1","Dualcast","Consume+1","Cold Snap","Streamline+1","Buffer+1","Cold Snap","Reboot","Defragment","Hologram+1","Loop","Echo Form","Reprogram","Capacitor","Electrodynamics","Coolheaded","Coolheaded+1","Chill"],"relics":["FrozenCore","Runic Capacitor","Bloody Idol","Anchor","Darkstone Periapt","Odd Mushroom","Bottled Lightning","Unceasing Top","Fusion Hammer","Mummified Hand","Torii","Question Card","Vajra","Gambling Chip","Red Mask","Turnip","Dodecahedron","Mercury Hourglass"],"potions_floor_usage":[10,11,18,25],"damage_taken":[{"damage":3,"enemies":"2 Louse","floor":1,"turns":3},{"damage":11,"enemies":"3 Sentries","floor":7,"turns":7},{"damage":25,"enemies":"The Mushroom Lair","floor":10,"turns":3},{"damage":10,"enemies":"Lagavulin","floor":11,"turns":6},{"damage":15,"enemies":"3 Sentries","floor":13,"turns":7},{"damage":0,"enemies":"Jaw Worm","floor":14,"turns":2},{"damage":0,"enemies":"The Guardian","floor":16,"turns":11},{"damage":5,"enemies":"3 Byrds","floor":18,"turns":3},{"damage":0,"enemies":"Spheric Guardian","floor":21,"turns":3},{"damage":10,"enemies":"3 Cultists","floor":22,"turns":6},{"damage":0,"enemies":"Gremlin Leader","floor":25,"turns":8},{"damage":0,"enemies":"Sentry and Sphere","floor":27,"turns":6},{"damage":30,"enemies":"Book of Stabbing","floor":31,"turns":5},{"damage":0,"enemies":"Collector","floor":33,"turns":8},{"damage":0,"enemies":"3 Shapes","floor":35,"turns":5},{"damage":0,"enemies":"3 Darklings","floor":39,"turns":3},{"damage":37,"enemies":"Nemesis","floor":40,"turns":7},{"damage":15,"enemies":"Jaw Worm Horde","floor":41,"turns":4},{"damage":0,"enemies":"Giant Head","floor":42,"turns":9},{"damage":0,"enemies":"Transient","floor":46,"turns":6},{"damage":0,"enemies":"3 Darklings","floor":47,"turns":5},{"damage":0,"enemies":"4 Shapes","floor":48,"turns":2},{"damage":8,"enemies":"Donu and Deca","floor":50,"turns":7}],"seed_played":"1746446978599033729","potions_obtained":[{"floor":10,"key":"Regen Potion"},{"floor":13,"key":"FocusPotion"},{"floor":14,"key":"SmokeBomb"},{"floor":21,"key":"FocusPotion"},{"floor":22,"key":"GamblersBrew"},{"floor":31,"key":"Explosive Potion"}],"is_trial":false,"path_per_floor":["M","?","$","?","$","R","E","R","T","?","E","R","E","M","R","B",null,"M","?","?","M","M","R","$","E","T","M","T","?","R","E","R","B",null,"M","?","$","?","M","E","M","E","T","R","$","M","M","M","R","B",null],"character_chosen":"DEFECT","items_purchased":["Runic Capacitor","Cold Snap","Explosive Potion","Loop","Gambling Chip"],"campfire_rested":6,"item_purchase_floors":[3,3,3,24,37],"current_hp_per_floor":[61,61,61,58,58,58,47,47,47,22,27,44,29,29,29,29,51,46,46,46,46,36,53,53,53,53,53,53,53,58,33,50,55,57,58,58,58,58,58,26,16,21,21,38,38,43,48,53,58,50],"gold":132,"neow_bonus":"TWO_FIFTY_GOLD","is_prod":false,"is_daily":false,"chose_seed":false,"campfire_upgraded":3,"win_rate":0,"timestamp":1550316382,"path_taken":["M","?","$","?","?","R","E","R","T","?","E","R","E","M","R","BOSS","M","?","?","?","M","R","$","E","T","M","?","?","R","E","R","BOSS","M","?","$","?","M","E","M","E","T","R","?","?","M","M","R","BOSS"],"build_version":"2019-01-23","purchased_purges":1,"victory":true,"max_hp_per_floor":[64,64,64,58,58,58,58,58,58,58,58,58,58,58,58,58,58,58,58,58,58,58,58,58,58,58,58,58,58,58,58,58,58,58,58,58,58,58,58,58,58,58,58,58,58,58,58,58,58,58],"card_choices":[{"not_picked":["Gash","Cold Snap"],"picked":"Consume","floor":1},{"not_picked":["Hologram","Barrage"],"picked":"Streamline","floor":7},{"not_picked":["Beam Cell","Compile Driver","Recycle"],"picked":"SKIP","floor":11},{"not_picked":["Sunder","Stack"],"picked":"Buffer","floor":13},{"not_picked":["Steam","Gash"],"picked":"Cold Snap","floor":14},{"not_picked":["Thunder Strike","Hyperbeam"],"picked":"Reboot","floor":16},{"not_picked":["Steam Power","Lockon"],"picked":"Defragment","floor":21},{"not_picked":["Sweeping Beam","Recycle"],"picked":"Hologram+1","floor":22},{"not_picked":["Loop","Leap"],"picked":"Echo Form","floor":25},{"not_picked":["Reprogram","Hologram","Steam"],"picked":"SKIP","floor":27},{"not_picked":["Hologram","Steam"],"picked":"Reprogram","floor":27},{"not_picked":["Reinforced Body","Barrage","Coolheaded"],"picked":"Capacitor","floor":31},{"not_picked":["Reboot","Seek","Thunder Strike"],"picked":"Electrodynamics","floor":33},{"not_picked":["Rebound+1","Recycle","Leap"],"picked":"Cold Snap","floor":35},{"not_picked":["Reprogram+1","Barrage","Melter"],"picked":"Coolheaded","floor":39},{"not_picked":["Redo","Force Field","Hello World","Steam"],"picked":"SKIP","floor":40},{"not_picked":["Consume","Compile Driver","Reboot"],"picked":"Coolheaded+1","floor":41},{"not_picked":["Rainbow","Doom and Gloom+1","Hologram"],"picked":"Chill","floor":42},{"not_picked":["Sweeping Beam","Steam Power","Fusion+1","Auto Shields"],"picked":"SKIP","floor":46},{"not_picked":["Sweeping Beam+1","Double Energy","Cold Snap","Steam Power"],"picked":"SKIP","floor":47},{"not_picked":["Sweeping Beam","Streamline+1","Barrage","Skim"],"picked":"SKIP","floor":48}],"player_experience":96278,"relics_obtained":[{"floor":7,"key":"Anchor"},{"floor":9,"key":"Darkstone Periapt"},{"floor":10,"key":"Odd Mushroom"},{"floor":11,"key":"Bottled Lightning"},{"floor":13,"key":"Unceasing Top"},{"floor":25,"key":"Mummified Hand"},{"floor":26,"key":"Torii"},{"floor":28,"key":"Question Card"},{"floor":31,"key":"Vajra"},{"floor":40,"key":"Turnip"},{"floor":42,"key":"Dodecahedron"},{"floor":43,"key":"Mercury Hourglass"}],"event_choices":[{"damage_healed":0,"gold_gain":0,"player_choice":"Grow","damage_taken":0,"max_hp_gain":0,"max_hp_loss":0,"event_name":"Living Wall","floor":2,"gold_loss":0,"cards_upgraded":["Consume"]},{"damage_healed":0,"gold_gain":0,"player_choice":"Lose Max HP","damage_taken":0,"relics_obtained":["Golden Idol"],"max_hp_gain":0,"max_hp_loss":6,"event_name":"Golden Idol","floor":4,"gold_loss":0},{"damage_healed":0,"gold_gain":0,"player_choice":"Fought Mushrooms","damage_taken":0,"max_hp_gain":0,"max_hp_loss":0,"event_name":"Mushrooms","floor":10,"gold_loss":0},{"cards_removed":["Defend_B"],"damage_healed":0,"gold_gain":0,"player_choice":"Gave Gold","damage_taken":0,"max_hp_gain":0,"max_hp_loss":0,"event_name":"Beggar","floor":19,"gold_loss":75},{"cards_removed":["Defend_B"],"damage_healed":0,"gold_gain":0,"player_choice":"Card Removal","damage_taken":0,"max_hp_gain":0,"max_hp_loss":0,"event_name":"Wheel of Change","floor":20,"gold_loss":0},{"damage_healed":0,"gold_gain":0,"player_choice":"Gave Idol","damage_taken":0,"relics_obtained":["Bloody Idol"],"max_hp_gain":0,"max_hp_loss":0,"event_name":"Forgotten Altar","floor":29,"relics_lost":["Golden Idol"],"gold_loss":0},{"cards_removed":["Cold Snap"],"damage_healed":0,"gold_gain":0,"player_choice":"Removed Attack","damage_taken":0,"max_hp_gain":0,"max_hp_loss":0,"event_name":"Falling","floor":36,"gold_loss":0},{"damage_healed":0,"gold_gain":0,"player_choice":"Paid","damage_taken":0,"relics_obtained":["Red Mask"],"max_hp_gain":0,"max_hp_loss":0,"event_name":"Tomb of Lord Red Mask","floor":38,"gold_loss":27}],"is_beta":false,"boss_relics":[{"not_picked":["Empty Cage","Coffee Dripper"],"picked":"Fusion Hammer"},{"not_picked":["Snecko Eye","Astrolabe"],"picked":"FrozenCore"}],"items_purged_floors":[24],"is_endless":false,"potions_floor_spawned":[10,13,14,21,22,31,42,46],"ascension_level":17}