{"gold_per_floor":[116,136,211,211,231,231,243,243,243,254,285,285],"floor_reached":12,"playtime":461,"items_purged":[],"score":160,"play_id":"05419da0-76eb-43eb-b221-a90127dbbce1","local_time":"20190326162500","is_ascension_mode":true,"campfire_choices":[{"data":"Sunder","floor":6,"key":"SMITH"},{"data":"Creative AI","floor":8,"key":"SMITH"}],"neow_cost":"NONE","seed_source_timestamp":2697770834588575,"circlet_count":0,"master_deck":["AscendersBane","Strike_B","Strike_B","Strike_B","Defend_B","Defend_B","Defend_B","Defend_B","Zap","Dualcast","Creative AI+1","Ball Lightning","Sunder+1","Defragment","Undo","Coolheaded","Core Surge"],"relics":["Cracked Core","The Courier","Bottled Tornado","Girya"],"potions_floor_usage":[11],"damage_taken":[{"damage":8,"enemies":"2 Louse","floor":1,"turns":2},{"damage":9,"enemies":"Jaw Worm","floor":2,"turns":4},{"damage":4,"enemies":"Small Slimes","floor":5,"turns":3},{"damage":7,"enemies":"Looter","floor":7,"turns":3},{"damage":11,"enemies":"Blue Slaver","floor":10,"turns":4},{"damage":12,"enemies":"3 Sentries","floor":11,"turns":8},{"damage":14,"enemies":"Red Slaver","floor":12,"turns":1}],"seed_played":"7723811900833236837","potions_obtained":[{"floor":7,"key":"Dexterity Potion"},{"floor":11,"key":"LiquidBronze"}],"is_trial":false,"path_per_floor":["M","M","?","T","M","R","M","R","T","M","E","M"],"character_chosen":"DEFECT","items_purchased":[],"campfire_rested":0,"item_purchase_floors":[],"current_hp_per_floor":[56,47,36,36,32,32,25,25,25,14,2,0],"gold":285,"neow_bonus":"TRANSFORM_CARD","is_prod":false,"is_daily":false,"chose_seed":false,"campfire_upgraded":2,"win_rate":0,"timestamp":1553588700,"path_taken":["M","M","?","?","M","R","M","R","T","M","E","M"],"build_version":"2019-03-15","purchased_purges":0,"victory":false,"max_hp_per_floor":[71,71,71,71,71,71,71,71,71,71,71,71],"card_choices":[{"not_picked":["Conserve Battery","Gash"],"picked":"Ball Lightning","floor":1},{"not_picked":["Go for the Eyes","Redo"],"picked":"Sunder","floor":2},{"not_picked":["Leap","Sweeping Beam"],"picked":"Defragment","floor":5},{"not_picked":["Steam","Blizzard"],"picked":"Undo","floor":7},{"not_picked":["Gash","Streamline"],"picked":"Coolheaded","floor":10},{"not_picked":["Cold Snap","Heatsinks"],"picked":"Core Surge","floor":11}],"player_experience":759148,"relics_obtained":[{"floor":4,"key":"The Courier"},{"floor":9,"key":"Bottled Tornado"},{"floor":11,"key":"Girya"}],"event_choices":[{"damage_healed":0,"gold_gain":75,"player_choice":"Gather Gold","damage_taken":11,"max_hp_gain":0,"max_hp_loss":0,"event_name":"World of Goop","floor":3,"gold_loss":0}],"is_beta":true,"boss_relics":[],"items_purged_floors":[],"is_endless":false,"potions_floor_spawned":[7,11],"killed_by":"Red Slaver","ascension_level":20}