{"gold_per_floor":[116,116,5,80,80,107,107,134,181,216,228,228,228],"floor_reached":13,"playtime":475,"items_purged":[],"score":298,"play_id":"7bf9bc48-8a25-415a-a3c9-fcfe421990c0","local_time":"20190312111655","is_ascension_mode":true,"campfire_choices":[{"data":"Zap","floor":7,"key":"SMITH"},{"data":"Sunder","floor":12,"key":"SMITH"}],"neow_cost":"NONE","seed_source_timestamp":262891940063500,"circlet_count":0,"master_deck":["AscendersBane","Strike_B","Strike_B","Strike_B","Strike_B","Defend_B","Defend_B+1","Defend_B","Defend_B+1","Zap+1","Dualcast","Coolheaded","Capacitor","Coolheaded","Sunder+1","Chaos"],"relics":["Cracked Core","NeowsBlessing","Gremlin Horn","Ornamental Fan","War Paint","Lantern"],"potions_floor_usage":[],"damage_taken":[{"damage":0,"enemies":"2 Louse","floor":1,"turns":1},{"damage":0,"enemies":"Lagavulin","floor":6,"turns":1},{"damage":0,"enemies":"Gremlin Nob","floor":8,"turns":1},{"damage":16,"enemies":"3 Sentries","floor":10,"turns":9},{"damage":4,"enemies":"Jaw Worm","floor":11,"turns":4},{"damage":32,"enemies":"Gremlin Nob","floor":13,"turns":4}],"seed_played":"3584290713521854633","potions_obtained":[{"floor":1,"key":"LiquidBronze"}],"is_trial":false,"path_per_floor":["M","?","$","?","T","E","R","E","T","E","M","R","E"],"character_chosen":"DEFECT","items_purchased":["Capacitor","Coolheaded"],"campfire_rested":0,"item_purchase_floors":[3,3],"current_hp_per_floor":[64,64,64,53,53,53,53,53,53,37,33,33,1],"gold":228,"neow_bonus":"THREE_ENEMY_KILL","is_prod":false,"is_daily":false,"chose_seed":false,"campfire_upgraded":2,"win_rate":0,"timestamp":1552357015,"path_taken":["M","?","$","?","?","E","R","E","T","E","M","R","E"],"build_version":"2019-01-23","purchased_purges":0,"victory":false,"max_hp_per_floor":[71,71,71,71,71,71,71,71,71,71,71,71,71],"card_choices":[{"not_picked":["Darkness","Redo"],"picked":"Coolheaded","floor":1},{"not_picked":["Steam","Coolheaded","Hello World"],"picked":"SKIP","floor":6},{"not_picked":["Stack","Darkness"],"picked":"Sunder","floor":8},{"not_picked":["Go for the Eyes","Fusion"],"picked":"Chaos","floor":10},{"not_picked":["Sweeping Beam","Redo","BootSequence"],"picked":"SKIP","floor":11}],"player_experience":2198171,"relics_obtained":[{"floor":5,"key":"Gremlin Horn"},{"floor":6,"key":"Ornamental Fan"},{"floor":8,"key":"War Paint"},{"floor":9,"key":"Lantern"}],"event_choices":[{"damage_healed":0,"gold_gain":0,"player_choice":"Leave","damage_taken":0,"max_hp_gain":0,"max_hp_loss":0,"event_name":"The Cleric","floor":2,"gold_loss":0},{"damage_healed":0,"gold_gain":75,"player_choice":"Gather Gold","damage_taken":11,"max_hp_gain":0,"max_hp_loss":0,"event_name":"World of Goop","floor":4,"gold_loss":0}],"is_beta":false,"boss_relics":[],"items_purged_floors":[],"is_endless":false,"potions_floor_spawned":[1],"killed_by":"Gremlin Nob","ascension_level":20}