{"gold_per_floor":[16,86,86,106,106,134,134,169,196,196,38,53,86,86,86,165,165,175,175,191,191,191,191,208,222,246,246],"floor_reached":27,"playtime":722,"items_purged":[],"score":458,"play_id":"58a3c914-a0d8-4119-897c-c95a9bfaf3df","local_time":"20190420134457","is_ascension_mode":true,"campfire_choices":[{"data":"Armaments","floor":7,"key":"SMITH"},{"floor":15,"key":"REST"},{"data":"Demon Form","floor":23,"key":"SMITH"}],"neow_cost":"NO_GOLD","seed_source_timestamp":380597750157500,"circlet_count":0,"master_deck":["AscendersBane","Strike_R","Strike_R","Strike_R","Defend_R+1","Defend_R","Defend_R+1","Defend_R","Bash","Rampage","Bash","Inflame","Second Wind","Armaments+1","Offering","Disarm","Demon Form+1","Offering"],"relics":["Burning Blood","Shuriken","Centennial Puzzle","War Paint","Bag of Preparation","Orichalcum","WarpedTongs","Black Star","Happy Flower"],"potions_floor_usage":[8,8,20,24,25],"damage_taken":[{"damage":1,"enemies":"Cultist","floor":1,"turns":3},{"damage":12,"enemies":"Jaw Worm","floor":4,"turns":3},{"damage":32,"enemies":"Gremlin Nob","floor":6,"turns":4},{"damage":8,"enemies":"3 Sentries","floor":8,"turns":8},{"damage":0,"enemies":"Small Slimes","floor":12,"turns":5},{"damage":36,"enemies":"Lagavulin","floor":13,"turns":7},{"damage":20,"enemies":"Hexaghost","floor":16,"turns":8},{"damage":16,"enemies":"Shell Parasite","floor":18,"turns":4},{"damage":37,"enemies":"Spheric Guardian","floor":20,"turns":4},{"damage":15,"enemies":"Snake Plant","floor":24,"turns":4},{"damage":17,"enemies":"3 Cultists","floor":25,"turns":4},{"damage":0,"enemies":"Shelled Parasite and Fungi","floor":27,"turns":1}],"seed_played":"5738854137911492387","potions_obtained":[{"floor":1,"key":"EssenceOfSteel"},{"floor":4,"key":"Fire Potion"},{"floor":13,"key":"GamblersBrew"},{"floor":16,"key":"Dexterity Potion"},{"floor":20,"key":"BloodPotion"},{"floor":24,"key":"AttackPotion"},{"floor":25,"key":"Weak Potion"}],"is_trial":false,"path_per_floor":["M","T","?","M","$","E","R","E","T","?","$","M","E","?","R","B",null,"M","?","M","?","?","R","M","M","T","M"],"character_chosen":"IRONCLAD","items_purchased":["Bag of Preparation"],"campfire_rested":1,"item_purchase_floors":[11],"current_hp_per_floor":[73,73,73,67,67,41,41,39,39,39,39,45,15,15,37,23,62,52,52,21,21,21,21,19,8,8,8],"gold":246,"neow_bonus":"REMOVE_TWO","is_prod":false,"is_daily":false,"chose_seed":false,"campfire_upgraded":2,"win_rate":0,"timestamp":1555735497,"path_taken":["M","?","?","?","?","E","R","E","T","?","$","?","E","?","R","BOSS","M","?","M","?","?","R","?","M","T","M"],"build_version":"2019-01-23","purchased_purges":0,"victory":false,"max_hp_per_floor":[75,75,75,75,75,75,75,75,75,75,75,75,75,75,75,75,75,75,75,75,75,75,75,75,75,75,75],"card_choices":[{"not_picked":["Wild Strike","Iron Wave"],"picked":"Rampage","floor":1},{"not_picked":["Body Slam","Perfected Strike"],"picked":"Second Wind","floor":4},{"not_picked":["Shrug It Off","Searing Blow"],"picked":"Armaments","floor":6},{"not_picked":["Heavy Blade","Clothesline"],"picked":"Offering","floor":8},{"not_picked":["Wild Strike","Clash"],"picked":"Disarm","floor":12},{"not_picked":["Ghostly Armor","Cleave"],"picked":"Demon Form","floor":13},{"not_picked":["Exhume","Limit Break"],"picked":"Offering","floor":16},{"not_picked":["Combust","Body Slam","Cleave"],"picked":"SKIP","floor":18},{"not_picked":["Headbutt","Wild Strike","Iron Wave"],"picked":"SKIP","floor":20},{"not_picked":["Sentinel","Wild Strike+1","Heavy Blade"],"picked":"SKIP","floor":24},{"not_picked":["Wild Strike","Carnage","Anger"],"picked":"SKIP","floor":25}],"player_experience":3246242,"relics_obtained":[{"floor":2,"key":"Shuriken"},{"floor":6,"key":"Centennial Puzzle"},{"floor":9,"key":"War Paint"},{"floor":13,"key":"Orichalcum"},{"floor":26,"key":"Happy Flower"}],"event_choices":[{"damage_healed":0,"gold_gain":0,"player_choice":"2 cards matched","damage_taken":0,"max_hp_gain":0,"max_hp_loss":0,"event_name":"Match and Keep!","floor":3,"gold_loss":0,"cards_obtained":["Bash","Inflame"]},{"damage_healed":0,"gold_gain":0,"player_choice":"Ignored","damage_taken":0,"max_hp_gain":0,"max_hp_loss":0,"event_name":"Shining Light","floor":10,"gold_loss":0},{"damage_healed":0,"gold_gain":0,"player_choice":"Rummage","damage_taken":0,"relics_obtained":["WarpedTongs"],"max_hp_gain":0,"max_hp_loss":0,"event_name":"Accursed Blacksmith","floor":14,"gold_loss":0,"cards_obtained":["Pain"]},{"damage_healed":0,"gold_gain":0,"player_choice":"Ignored","damage_taken":0,"max_hp_gain":0,"max_hp_loss":0,"event_name":"The Mausoleum","floor":19,"gold_loss":0},{"cards_removed":["Pain"],"damage_healed":0,"gold_gain":0,"player_choice":"Elegance","damage_taken":0,"max_hp_gain":0,"max_hp_loss":0,"event_name":"Back to Basics","floor":21,"gold_loss":0},{"damage_healed":0,"gold_gain":0,"player_choice":"0 cards matched","damage_taken":0,"max_hp_gain":0,"max_hp_loss":0,"event_name":"Match and Keep!","floor":22,"gold_loss":0,"cards_obtained":[]}],"is_beta":false,"boss_relics":[{"not_picked":["Pandora\u0027s Box","Tiny House"],"picked":"Black Star"}],"items_purged_floors":[],"is_endless":false,"potions_floor_spawned":[1,4,13,16,20,24,25],"killed_by":"Shelled Parasite and Fungi","ascension_level":20}