{"gold_per_floor":[117,130,130,130,184,184,214,214,214,240,240,77,102,121,121,195,195,208,208,223,138,150,150,164,180,259,259,259,107,127,127,127,201,201,213,226,226,236,252,252,262,262,333,343,343,373,373,388,388,388,388,388,388,78,105,105],"floor_reached":57,"playtime":1723,"items_purged":["Strike_R","Whirlwind+1"],"score":2929,"play_id":"7b3ad568-b7f5-4b95-8913-1d8ba5e3f705","local_time":"20190331203601","is_ascension_mode":true,"campfire_choices":[{"data":"Carnage","floor":6.0,"key":"SMITH"},{"data":"Bash","floor":8.0,"key":"SMITH"},{"data":"Strike_R","floor":11.0,"key":"PURGE"},{"data":"Strike_R","floor":15.0,"key":"PURGE"},{"data":"Armaments","floor":23.0,"key":"SMITH"},{"data":"Strike_R","floor":27.0,"key":"PURGE"},{"data":"Strike_R+1","floor":32.0,"key":"PURGE"},{"data":"Blood for Blood","floor":40.0,"key":"PURGE"},{"data":"Parasite","floor":42.0,"key":"PURGE"},{"data":"Doubt","floor":47,"key":"PURGE"},{"floor":49,"key":"RECALL"},{"data":"Defend_R","floor":53,"key":"PURGE"}],"neow_cost":"NONE","seed_source_timestamp":205617521926100,"circlet_count":0,"master_deck":["AscendersBane","Defend_R","Defend_R","Bash+1","Carnage+1","Entrench","Second Wind","Feel No Pain","Barricade","Armaments+1","Ghostly","Ghostly","Ghostly","Body Slam+1","Shrug It Off","Feel No Pain","Ghostly","True Grit","Master of Strategy","Battle Trance","Warcry+1"],"special_seed":0,"relics":["Burning Blood","NeowsBlessing","Self Forming Clay","Anchor","Bag of Marbles","Peace Pipe","Shuriken","Whetstone","Sozu","Paper Frog","Darkstone Periapt","Cursed Key","Gambling Chip","Lee\u0027s Waffle","Blood Vial"],"potions_floor_usage":[56],"damage_taken":[{"damage":0.0,"enemies":"Cultist","floor":1.0,"turns":1.0},{"damage":0.0,"enemies":"Jaw Worm","floor":2.0,"turns":1.0},{"damage":0.0,"enemies":"Lagavulin","floor":7.0,"turns":1.0},{"damage":29.0,"enemies":"Gremlin Nob","floor":10.0,"turns":4.0},{"damage":30.0,"enemies":"Lagavulin","floor":13.0,"turns":6.0},{"damage":1.0,"enemies":"Small Slimes","floor":14.0,"turns":3.0},{"damage":27.0,"enemies":"Slime Boss","floor":16.0,"turns":8.0},{"damage":18.0,"enemies":"Spheric Guardian","floor":18.0,"turns":5.0},{"damage":0.0,"enemies":"3 Byrds","floor":20.0,"turns":7.0},{"damage":1.0,"enemies":"Cultist and Chosen","floor":22.0,"turns":4.0},{"damage":9.0,"enemies":"Snake Plant","floor":24.0,"turns":6.0},{"damage":0.0,"enemies":"Snecko","floor":25.0,"turns":4.0},{"damage":9.0,"enemies":"Centurion and Healer","floor":30.0,"turns":4.0},{"damage":11.0,"enemies":"Automaton","floor":33.0,"turns":9.0},{"damage":0.0,"enemies":"3 Shapes","floor":35.0,"turns":9.0},{"damage":28.0,"enemies":"Orb Walker","floor":36.0,"turns":5.0},{"damage":0.0,"enemies":"Writhing Mass","floor":38.0,"turns":8.0},{"damage":0.0,"enemies":"Sphere and 2 Shapes","floor":39.0,"turns":8.0},{"damage":12.0,"enemies":"Transient","floor":41.0,"turns":6.0},{"damage":0.0,"enemies":"Spire Growth","floor":44.0,"turns":6.0},{"damage":18,"enemies":"Giant Head","floor":46,"turns":8},{"damage":0,"enemies":"Jaw Worm Horde","floor":48,"turns":4},{"damage":0,"enemies":"Time Eater","floor":50,"turns":8},{"damage":0,"enemies":"Awakened One","floor":51,"turns":6},{"damage":0,"enemies":"Shield and Spear","floor":55,"turns":6},{"damage":1,"enemies":"The Heart","floor":56,"turns":9}],"seed_played":"-1962681002547185558","potions_obtained":[{"floor":1.0,"key":"EssenceOfSteel"},{"floor":7.0,"key":"EssenceOfSteel"},{"floor":14.0,"key":"Energy Potion"}],"is_trial":false,"path_per_floor":["M","M","$","T","T","R","E","R","T","E","R","$","E","M","R","B",null,"M","?","M","?","M","R","M","M","T","R","?","$","M","?","R","B",null,"M","M","?","M","M","R","M","R","T","M","?","E","R","M","R","B","B",null,"R","$","E","B",null],"character_chosen":"IRONCLAD","items_purchased":["Whirlwind","Feel No Pain","Feel No Pain","Lee\u0027s Waffle"],"campfire_rested":0,"item_purchase_floors":[12,12,29,54],"current_hp_per_floor":[74,75,75,75,75,75,75,75,75,52,52,52,28,33,33,12,59,47,37,37,37,37,37,34,37,37,37,29,29,26,26,26,21,37,42,20,20,32,38,38,32,32,38,44,34,22,22,28,28,34,40,48,48,58,58,58],"gold":105,"neow_bonus":"THREE_ENEMY_KILL","is_prod":false,"is_daily":false,"chose_seed":false,"campfire_upgraded":3,"win_rate":0,"timestamp":1554032161,"path_taken":["M","M","$","?","?","R","E","R","T","E","R","?","E","M","R","BOSS","M","?","M","?","?","R","M","M","T","R","?","$","M","?","R","BOSS","M","M","?","M","M","R","M","R","T","?","?","E","R","M","R","BOSS","BOSS","R","$","E","BOSS"],"build_version":"2019-01-23","purchased_purges":2,"victory":true,"max_hp_per_floor":[75,75,75,75,75,75,75,75,75,75,75,75,75,75,75,75,75,75,37,37,37,37,37,37,37,37,37,42,42,42,42,42,42,42,42,42,42,48,48,48,48,45,51,51,51,51,51,51,51,51,51,51,51,58,58,58],"card_choices":[{"not_picked":["Warcry","Havoc"],"picked":"Carnage","floor":1.0},{"not_picked":["Armaments","Ghostly Armor"],"picked":"Entrench","floor":2.0},{"not_picked":["Iron Wave","Searing Blow"],"picked":"Second Wind","floor":7.0},{"not_picked":["Havoc","Metallicize","Wild Strike"],"picked":"SKIP","floor":10.0},{"not_picked":["Blood for Blood","Heavy Blade","Flex"],"picked":"SKIP","floor":13.0},{"not_picked":["Wild Strike","Combust","Bloodletting"],"picked":"SKIP","floor":14.0},{"not_picked":["Exhume","Brutality"],"picked":"Barricade","floor":16.0},{"not_picked":["Rampage","Combust"],"picked":"Armaments","floor":18.0},{"not_picked":["Corruption","Shrug It Off"],"picked":"Body Slam+1","floor":20.0},{"not_picked":["Sword Boomerang","Clash","Sentinel"],"picked":"SKIP","floor":22.0},{"not_picked":["Pummel","Anger+1"],"picked":"Shrug It Off","floor":24.0},{"not_picked":["Hemokinesis","Perfected Strike+1","Twin Strike"],"picked":"SKIP","floor":25.0},{"not_picked":["Rupture","Thunderclap","Anger"],"picked":"SKIP","floor":30.0},{"not_picked":["Clothesline","Twin Strike"],"picked":"True Grit","floor":35.0},{"not_picked":["Sentinel","Anger","Shrug It Off"],"picked":"SKIP","floor":36.0},{"not_picked":["Clothesline","Dual Wield","Brutality"],"picked":"SKIP","floor":38.0},{"not_picked":["Headbutt","Sword Boomerang","Sentinel"],"picked":"SKIP","floor":39.0},{"not_picked":["Sword Boomerang","Pommel Strike","Anger"],"picked":"SKIP","floor":41.0},{"not_picked":["Body Slam","Armaments","Anger+1"],"picked":"SKIP","floor":44.0},{"not_picked":["Sadistic Nature","Purity"],"picked":"Master of Strategy","floor":45.0},{"not_picked":["Wild Strike+1","Twin Strike"],"picked":"Battle Trance","floor":46},{"not_picked":["Pommel Strike","Anger","Armaments"],"picked":"SKIP","floor":48},{"not_picked":["Feed","Pummel"],"picked":"Warcry+1","floor":55}],"player_experience":2783943,"relics_obtained":[{"floor":4.0,"key":"Self Forming Clay"},{"floor":5.0,"key":"Anchor"},{"floor":7.0,"key":"Bag of Marbles"},{"floor":9.0,"key":"Peace Pipe"},{"floor":10.0,"key":"Shuriken"},{"floor":13.0,"key":"Whetstone"},{"floor":26.0,"key":"Darkstone Periapt"},{"floor":46,"key":"Gambling Chip"},{"floor":55,"key":"Blood Vial"}],"event_choices":[{"damage_healed":0.0,"max_hp_gain":0.0,"max_hp_loss":38.0,"gold_gain":0.0,"event_name":"Ghosts","player_choice":"Became a Ghost","floor":19.0,"gold_loss":0.0,"damage_taken":0.0,"cards_obtained":["Ghostly","Ghostly","Ghostly"]},{"damage_healed":0.0,"max_hp_gain":0.0,"max_hp_loss":0.0,"gold_gain":0.0,"event_name":"Addict","player_choice":"Obtained Relic","floor":21.0,"gold_loss":85.0,"damage_taken":0.0,"relics_obtained":["Paper Frog"]},{"damage_healed":0.0,"max_hp_gain":5.0,"max_hp_loss":0.0,"gold_gain":0.0,"event_name":"Forgotten Altar","player_choice":"Shed Blood","floor":28.0,"gold_loss":0.0,"damage_taken":13.0},{"damage_healed":0.0,"max_hp_gain":0.0,"max_hp_loss":0.0,"gold_gain":0.0,"event_name":"Duplicator","player_choice":"Copied","floor":31.0,"gold_loss":0.0,"damage_taken":0.0,"cards_obtained":["Ghostly"]},{"damage_healed":0.0,"max_hp_gain":0.0,"max_hp_loss":0.0,"gold_gain":0.0,"cards_transformed":["Defend_R"],"event_name":"Transmorgrifier","player_choice":"Transformed","floor":37.0,"gold_loss":0.0,"damage_taken":0.0,"cards_obtained":["Blood for Blood"]},{"damage_healed":0.0,"max_hp_gain":0.0,"max_hp_loss":0.0,"gold_gain":0.0,"event_name":"SensoryStone","player_choice":"Memory 3","floor":45.0,"gold_loss":0.0,"damage_taken":10.0}],"is_beta":false,"boss_relics":[{"not_picked":["Ectoplasm","Calling Bell"],"picked":"Sozu"},{"not_picked":["Runic Dome","Pandora\u0027s Box"],"picked":"Cursed Key"}],"items_purged_floors":[29,54],"is_endless":false,"potions_floor_spawned":[1,7,14,22,30,38,39,41],"ascension_level":20}