{"gold_per_floor":[367,199,374,156,256,291,307,272,272,111,111,111,111,121,121,218,218,234,234,234,85,85,85,114,114,114,114,96,17,17,36,36,137,137,154,10,1009,1009,1028,1028,1042,1042,1120,1120,1135,583,583,596,596,596],"floor_reached":50,"playtime":2941,"items_purged":["Doubt","Normality"],"score":579,"play_id":"321753db-2296-43e5-895d-a6544f16e887","local_time":"20190302121306","is_ascension_mode":false,"campfire_choices":[{"data":"Discovery","floor":11.0,"key":"SMITH"},{"data":"Discovery","floor":15.0,"key":"SMITH"},{"floor":23.0,"key":"REST"},{"floor":25.0,"key":"REST"},{"floor":27.0,"key":"REST"},{"floor":32.0,"key":"REST"},{"data":"Discovery","floor":40.0,"key":"SMITH"},{"floor":42.0,"key":"REST"},{"floor":49,"key":"REST"}],"neow_cost":"PERCENT_DAMAGE","seed_source_timestamp":941187303068017,"circlet_count":0,"master_deck":["Strike_R","Strike_R","Strike_R","Strike_R","Strike_R","Defend_R","Defend_R","Defend_R","Defend_R","Bash","Rampage","Discovery+1","Inflame","Discovery+1","Heavy Blade","Discovery+1","Metallicize","Heavy Blade","Demon Form","Twin Strike+1","Iron Wave","Pommel Strike","Sword Boomerang+1","Inflame","Ghostly Armor+1","Demon Form","Perfected Strike+1","Discovery+1","Normality","Pummel+1","Clash+1","Clash","Metamorphosis","Warcry","Fire Breathing","Pommel Strike","Writhe","Armaments"],"special_seed":0,"relics":["Burning Blood"],"potions_floor_usage":[48,48,48],"damage_taken":[{"damage":1.0,"enemies":"Jaw Worm","floor":1.0,"turns":5.0},{"damage":29.0,"enemies":"3 Sentries","floor":6.0,"turns":9.0},{"damage":1.0,"enemies":"Cultist","floor":7.0,"turns":3.0},{"damage":0.0,"enemies":"Small Slimes","floor":14.0,"turns":2.0},{"damage":42.0,"enemies":"Hexaghost","floor":16.0,"turns":9.0},{"damage":32.0,"enemies":"Spheric Guardian","floor":18.0,"turns":7.0},{"damage":36.0,"enemies":"Colosseum Slavers","floor":19.0,"turns":6.0},{"damage":60.0,"enemies":"Book of Stabbing","floor":24.0,"turns":5.0},{"damage":29.0,"enemies":"2 Thieves","floor":28.0,"turns":4.0},{"damage":0.0,"enemies":"Centurion and Healer","floor":30.0,"turns":2.0},{"damage":19.0,"enemies":"Snecko","floor":31.0,"turns":5.0},{"damage":63.0,"enemies":"Automaton","floor":33.0,"turns":9.0},{"damage":24.0,"enemies":"3 Shapes","floor":35.0,"turns":8.0},{"damage":0.0,"enemies":"Orb Walker","floor":39.0,"turns":4.0},{"damage":35.0,"enemies":"4 Shapes","floor":41.0,"turns":9.0},{"damage":56.0,"enemies":"Maw","floor":45.0,"turns":10.0},{"damage":33,"enemies":"Sphere and 2 Shapes","floor":48,"turns":5},{"damage":47,"enemies":"Time Eater","floor":50,"turns":5}],"seed_played":"-7717040137387857519","potions_obtained":[{"floor":7.0,"key":"SpeedPotion"},{"floor":14.0,"key":"Swift Potion"},{"floor":16.0,"key":"GamblersBrew"},{"floor":28.0,"key":"SmokeBomb"},{"floor":31.0,"key":"FearPotion"},{"floor":39.0,"key":"FearPotion"}],"is_trial":false,"path_per_floor":["M","$","?","$","?","E","M","?","T","$","R","?","?","M","R","B",null,"M","?","?","$","?","R","E","R","T","R","M","$","M","M","R","B",null,"M","$","?","?","M","R","M","R","T","T","M","$","?","M","R","B"],"character_chosen":"IRONCLAD","items_purchased":["Discovery","Inflame","Discovery","PowerPotion","Discovery","Metallicize","Energy Potion","Energy Potion","Iron Wave","Inflame","Energy Potion","Discovery","Block Potion","SpeedPotion","AttackPotion","Metamorphosis","Warcry","Fire Breathing","Pommel Strike"],"campfire_rested":6,"item_purchase_floors":[2,2,4,4,10,10,21,21,21,29,36,36,46,46,46,46,46,46,46],"current_hp_per_floor":[61,61,61,61,61,38,43,63,63,63,63,68,68,74,74,38,85,59,29,57,57,49,74,20,45,45,70,47,47,53,40,65,8,85,67,67,67,67,73,73,44,69,69,69,19,19,40,13,38,0],"gold":596,"neow_bonus":"TWO_FIFTY_GOLD","is_prod":false,"is_daily":false,"chose_seed":false,"campfire_upgraded":3,"win_rate":0,"timestamp":1551521586,"path_taken":["M","$","?","$","?","E","?","?","T","$","R","?","?","M","R","BOSS","M","?","?","$","?","R","E","R","T","R","?","$","M","M","R","BOSS","M","$","?","?","?","R","M","R","T","?","?","$","?","M","R","BOSS"],"build_version":"2019-01-23","purchased_purges":2,"victory":false,"max_hp_per_floor":[80,80,80,80,80,80,80,80,80,80,80,85,85,85,85,85,85,85,85,85,85,85,85,85,85,85,85,85,85,85,85,85,85,85,85,85,85,85,85,85,85,85,85,85,85,85,85,85,85,85],"card_choices":[{"not_picked":["Shrug It Off","Cleave"],"picked":"Rampage","floor":1.0},{"not_picked":["Sever Soul","True Grit","Body Slam"],"picked":"SKIP","floor":6.0},{"not_picked":["Body Slam","Headbutt"],"picked":"Heavy Blade","floor":7.0},{"not_picked":["True Grit","Sword Boomerang"],"picked":"Heavy Blade","floor":14.0},{"not_picked":["Dark Embrace","Impervious"],"picked":"Demon Form","floor":16.0},{"not_picked":["Warcry","Heavy Blade+1"],"picked":"Twin Strike+1","floor":18.0},{"not_picked":["Warcry","Dropkick"],"picked":"Pommel Strike","floor":24.0},{"not_picked":["Pommel Strike","Body Slam"],"picked":"Sword Boomerang+1","floor":28.0},{"not_picked":["Shrug It Off","Corruption+1"],"picked":"Ghostly Armor+1","floor":31.0},{"not_picked":["Berserk","Reaper"],"picked":"Demon Form","floor":33.0},{"not_picked":["Flex","Iron Wave+1"],"picked":"Perfected Strike+1","floor":35.0},{"not_picked":["Shrug It Off+1","Thunderclap"],"picked":"Pummel+1","floor":39.0},{"not_picked":["Burning Pact+1","Wild Strike"],"picked":"Clash+1","floor":41.0},{"not_picked":["Sword Boomerang+1","Flame Barrier+1"],"picked":"Clash","floor":45.0},{"not_picked":["Havoc","Seeing Red"],"picked":"Armaments","floor":48}],"player_experience":1011358,"relics_obtained":[],"event_choices":[{"damage_healed":0.0,"max_hp_gain":0.0,"max_hp_loss":0.0,"gold_gain":175.0,"event_name":"Liars Game","player_choice":"AGREE","floor":3.0,"gold_loss":0.0,"damage_taken":0.0,"cards_obtained":["Doubt"]},{"damage_healed":0.0,"max_hp_gain":0.0,"max_hp_loss":0.0,"gold_gain":100.0,"event_name":"Golden Shrine","player_choice":"Pray","floor":5.0,"gold_loss":0.0,"damage_taken":0.0},{"damage_healed":20.0,"max_hp_gain":0.0,"max_hp_loss":0.0,"gold_gain":0.0,"event_name":"The Cleric","player_choice":"Healed","floor":8.0,"gold_loss":35.0,"damage_taken":0.0},{"damage_healed":0.0,"max_hp_gain":5.0,"max_hp_loss":0.0,"gold_gain":0.0,"event_name":"Big Fish","player_choice":"Donut","floor":12.0,"gold_loss":0.0,"damage_taken":0.0},{"damage_healed":0.0,"max_hp_gain":0.0,"max_hp_loss":0.0,"gold_gain":0.0,"event_name":"Living Wall","player_choice":"Grow","floor":13.0,"gold_loss":0.0,"damage_taken":0.0,"cards_upgraded":["Discovery"]},{"damage_healed":0.0,"max_hp_gain":0.0,"max_hp_loss":0.0,"gold_gain":0.0,"event_name":"Colosseum","player_choice":"Fight","floor":19.0,"gold_loss":0.0,"damage_taken":0.0},{"damage_healed":0.0,"max_hp_gain":0.0,"max_hp_loss":0.0,"gold_gain":0.0,"event_name":"Colosseum","player_choice":"Fled From Nobs","floor":19.0,"gold_loss":0.0,"damage_taken":0.0},{"damage_healed":28.0,"max_hp_gain":0.0,"max_hp_loss":0.0,"gold_gain":0.0,"event_name":"The Library","player_choice":"Heal","floor":20.0,"gold_loss":0.0,"damage_taken":0.0},{"damage_healed":0.0,"max_hp_gain":0.0,"max_hp_loss":0.0,"gold_gain":0.0,"event_name":"Knowing Skull","player_choice":"","floor":22.0,"potions_obtained":[],"gold_loss":0.0,"damage_taken":8.0,"cards_obtained":[]},{"damage_healed":0.0,"max_hp_gain":0.0,"max_hp_loss":0.0,"gold_gain":999.0,"event_name":"MindBloom","player_choice":"Gold","floor":37.0,"gold_loss":0.0,"damage_taken":0.0,"cards_obtained":["Normality","Normality"]},{"damage_healed":0.0,"max_hp_gain":0.0,"max_hp_loss":0.0,"gold_gain":0.0,"event_name":"Transmorgrifier","player_choice":"Ignored","floor":38.0,"gold_loss":0.0,"damage_taken":0.0},{"damage_healed":21.0,"max_hp_gain":0.0,"max_hp_loss":0.0,"gold_gain":0.0,"event_name":"Winding Halls","player_choice":"Writhe","floor":47.0,"gold_loss":0.0,"damage_taken":0.0,"cards_obtained":["Writhe"]}],"is_beta":false,"boss_relics":[{"not_picked":[]},{"not_picked":[]}],"items_purged_floors":[4,46],"is_endless":false,"potions_floor_spawned":[7,14,16,28,31,39],"killed_by":"Time Eater","ascension_level":0}