{"gold_per_floor":[117,117,127,79,91,125,125,158,158,158,193,212,228,238,238,335,335,350,369,369,91,103,103,123,123,123,134,134,104,117,42,42,143,143,162,162,162,172,184,184,203,203,203,1,17,0,32,47,47,47],"floor_reached":50,"playtime":3062,"items_purged":[],"score":645,"play_id":"5a590646-4004-46cf-8237-1fae876e8e2d","local_time":"20180714185731","is_ascension_mode":true,"campfire_choices":[{"floor":7.0,"key":"REST"},{"floor":10.0,"key":"REST"},{"floor":15.0,"key":"REST"},{"floor":23.0,"key":"REST"},{"floor":25.0,"key":"REST"},{"floor":28.0,"key":"REST"},{"data":"Echo Form","floor":32.0,"key":"SMITH"},{"floor":40.0,"key":"REST"},{"floor":49,"key":"REST"}],"neow_cost":"NONE","seed_source_timestamp":769226987293045,"circlet_count":0,"master_deck":["Strike_B","Strike_B","Strike_B","Defend_B","Defend_B","Defend_B","Defend_B","Zap","Dualcast","Electrodynamics","Redo","Chill","Heatsinks","Loop","Echo Form+1","Amplify","Chill+1","Apotheosis+1","Defragment","Defragment+1","Defragment","Creative AI","Magnetism","Storm","White Noise+1","Storm+1"],"special_seed":0,"relics":["Cracked Core","Cables","Calipers","Peace Pipe","Incense Burner","Strawberry","Velvet Choker","Blood Vial","Orichalcum","Fusion Hammer","Bag of Preparation","Red Mask","Ornamental Fan"],"potions_floor_usage":[47,48],"damage_taken":[{"damage":0.0,"enemies":"2 Louse","floor":1.0,"turns":2.0},{"damage":11.0,"enemies":"Small Slimes","floor":3.0,"turns":3.0},{"damage":1.0,"enemies":"Cultist","floor":5.0,"turns":3.0},{"damage":8.0,"enemies":"Gremlin Nob","floor":6.0,"turns":3.0},{"damage":35.0,"enemies":"Lagavulin","floor":8.0,"turns":6.0},{"damage":16.0,"enemies":"Gremlin Nob","floor":11.0,"turns":3.0},{"damage":6.0,"enemies":"Looter","floor":12.0,"turns":3.0},{"damage":7.0,"enemies":"2 Fungi Beasts","floor":13.0,"turns":3.0},{"damage":1.0,"enemies":"Blue Slaver","floor":14.0,"turns":3.0},{"damage":32.0,"enemies":"Hexaghost","floor":16.0,"turns":9.0},{"damage":28.0,"enemies":"Spheric Guardian","floor":18.0,"turns":4.0},{"damage":36.0,"enemies":"2 Thieves","floor":19.0,"turns":4.0},{"damage":4.0,"enemies":"Centurion and Healer","floor":22.0,"turns":4.0},{"damage":0.0,"enemies":"3 Cultists","floor":24.0,"turns":3.0},{"damage":6.0,"enemies":"Cultist and Chosen","floor":27.0,"turns":7.0},{"damage":0.0,"enemies":"Centurion and Healer","floor":30.0,"turns":4.0},{"damage":49.0,"enemies":"Collector","floor":33.0,"turns":7.0},{"damage":26.0,"enemies":"Flame Bruiser 1 Orb","floor":35.0,"turns":4.0},{"damage":0.0,"enemies":"3 Shapes","floor":38.0,"turns":3.0},{"damage":23.0,"enemies":"Transient","floor":39.0,"turns":5.0},{"damage":29.0,"enemies":"4 Shapes","floor":41.0,"turns":4.0},{"damage":15.0,"enemies":"Maw","floor":45.0,"turns":8.0},{"damage":2,"enemies":"2 Orb Walkers","floor":47,"turns":4},{"damage":0,"enemies":"Flame Bruiser 2 Orb","floor":48,"turns":3},{"damage":43,"enemies":"Time Eater","floor":50,"turns":3}],"seed_played":"-6755193310018332636","potions_obtained":[{"floor":5.0,"key":"Poison Potion"},{"floor":6.0,"key":"GamblersBrew"},{"floor":12.0,"key":"Poison Potion"},{"floor":13.0,"key":"FearPotion"},{"floor":16.0,"key":"Regen Potion"},{"floor":18.0,"key":"Dexterity Potion"},{"floor":19.0,"key":"Ancient Potion"},{"floor":27.0,"key":"Weak Potion"},{"floor":29.0,"key":"Energy Potion"},{"floor":30.0,"key":"EssenceOfSteel"},{"floor":36.0,"key":"EssenceOfSteel"},{"floor":36.0,"key":"Swift Potion"},{"floor":38.0,"key":"Fire Potion"},{"floor":45.0,"key":"Weak Potion"},{"floor":47,"key":"Ancient Potion"}],"is_trial":false,"path_per_floor":["M","?","M","$","M","E","R","E","T","R","E","M","M","M","R","B",null,"M","M","?","$","M","R","M","R","T","M","R","?","M","$","R","B",null,"M","?","?","M","M","R","M","?","T","$","M","?","E","M","R"],"character_chosen":"DEFECT","items_purchased":["PowerPotion","Apotheosis","Defragment","Defragment","Magnetism"],"campfire_rested":8,"item_purchase_floors":[4,21,21,31,44],"current_hp_per_floor":[68,65,54,54,53,45,67,32,32,54,45,39,32,31,55,23,67,48,12,12,12,10,34,36,60,60,56,80,80,82,82,82,33,70,46,46,46,48,27,51,24,24,24,24,11,11,11,13,37,0],"gold":47,"neow_bonus":"ONE_RANDOM_RARE_CARD","is_prod":false,"is_daily":false,"chose_seed":false,"campfire_upgraded":1,"win_rate":0,"timestamp":1531583851,"path_taken":["M","?","M","$","M","E","R","E","T","R","E","M","M","M","R","BOSS","M","M","?","$","M","R","M","R","T","?","R","?","M","?","R","BOSS","M","?","?","M","M","R","M","?","T","$","?","?","E","M","R","BOSS"],"build_version":"2018-07-12","purchased_purges":0,"victory":false,"max_hp_per_floor":[75,75,75,75,75,75,75,75,75,75,82,82,82,82,82,82,82,82,82,82,82,82,82,82,82,82,82,82,82,82,82,82,82,82,82,82,82,82,82,82,82,82,82,82,82,82,82,82,82,82],"card_choices":[{"not_picked":["Barrage","Rip and Tear"],"picked":"Redo","floor":1.0},{"not_picked":["Sweeping Beam","FTL","Cold Snap"],"picked":"SKIP","floor":3.0},{"not_picked":["Melter","Barrage"],"picked":"Chill","floor":5.0},{"not_picked":["Stack","Steam Power"],"picked":"Heatsinks","floor":6.0},{"not_picked":["Leap","Ball Lightning"],"picked":"Loop","floor":8.0},{"not_picked":["Sweeping Beam","Electrodynamics"],"picked":"Echo Form","floor":11.0},{"not_picked":["Turbo","Scrape","Skim"],"picked":"SKIP","floor":12.0},{"not_picked":["Conserve Battery","Streamline","Rip and Tear"],"picked":"SKIP","floor":13.0},{"not_picked":["Streamline","Rebound","Rainbow"],"picked":"SKIP","floor":14.0},{"not_picked":["Meteor Strike","Reboot"],"picked":"Amplify","floor":16.0},{"not_picked":["Coolheaded","Gash+1","Steam Power"],"picked":"SKIP","floor":18.0},{"not_picked":["Go for the Eyes+1","Rebound"],"picked":"Chill+1","floor":19.0},{"not_picked":["Sweeping Beam+1","Conserve Battery","Turbo"],"picked":"SKIP","floor":22.0},{"not_picked":["Gash","Barrage","Melter"],"picked":"SKIP","floor":24.0},{"not_picked":["Beam Cell","Barrage+1"],"picked":"Defragment+1","floor":27.0},{"not_picked":["Go for the Eyes","Steam","Barrage+1"],"picked":"SKIP","floor":30.0},{"not_picked":["Fission","Echo Form"],"picked":"Creative AI","floor":33.0},{"not_picked":["Sunder","Blizzard+1","Skim+1"],"picked":"SKIP","floor":35.0},{"not_picked":["Cold Snap+1","Reinforced Body","Rebound+1"],"picked":"SKIP","floor":38.0},{"not_picked":["Hologram","Conserve Battery+1","Turbo+1"],"picked":"SKIP","floor":39.0},{"not_picked":["Beam Cell","Conserve Battery+1","Coolheaded"],"picked":"SKIP","floor":41.0},{"not_picked":["Hello World+1","Fusion+1"],"picked":"Storm","floor":45.0},{"not_picked":["BootSequence+1","Compile Driver"],"picked":"White Noise+1","floor":47},{"not_picked":["Streamline","Capacitor+1"],"picked":"Storm+1","floor":48}],"player_experience":568724,"relics_obtained":[{"floor":6.0,"key":"Calipers"},{"floor":8.0,"key":"Peace Pipe"},{"floor":9.0,"key":"Incense Burner"},{"floor":11.0,"key":"Strawberry"},{"floor":26.0,"key":"Orichalcum"},{"floor":43.0,"key":"Bag of Preparation"},{"floor":47,"key":"Ornamental Fan"}],"event_choices":[{"event_name":"Scrap Ooze","player_choice":"success","floor":2.0,"damage_taken":3.0},{"event_name":"The Mausoleum","player_choice":"Yes","floor":20.0,"damage_taken":0.0},{"event_name":"The Woman in Blue","player_choice":"Bought 2 Potions","floor":29.0,"damage_taken":0.0},{"event_name":"The Lab","player_choice":"Got Potions","floor":36.0,"damage_taken":0.0},{"event_name":"Wheel of Change","player_choice":"Card Removal","floor":37.0,"damage_taken":0.0},{"event_name":"Upgrade Shrine","player_choice":"Upgraded","floor":42.0,"damage_taken":0.0},{"event_name":"Tomb of Lord Red Mask","player_choice":"Paid","floor":46.0,"damage_taken":0.0}],"boss_relics":[{"not_picked":["Pandora\u0027s Box","Coffee Dripper"],"picked":"Velvet Choker"},{"not_picked":["Calling Bell","Eternal Feather"],"picked":"Fusion Hammer"}],"items_purged_floors":[],"is_endless":false,"potions_floor_spawned":[5,6,12,13,16,18,19,27,30,38,45,47],"killed_by":"Time Eater","ascension_level":6}