{"gold_per_floor":[368,368,379,12,31,31,60,60,60,60,60,25,53,73,73,147,147,162,212,226,226,245,245,280,280,306,306,325,345,64,95,95,169,169,187,206,206,219,219,239,26,26,53,66,91,91,118,131,131,131],"floor_reached":50,"playtime":2628,"items_purged":["Strike_R"],"score":1575,"play_id":"5d2bca3d-f1d1-45c9-8b42-e67c3968c7c1","local_time":"20190424191605","is_ascension_mode":true,"campfire_choices":[{"data":"Whirlwind","floor":6,"key":"SMITH"},{"floor":10,"key":"REST"},{"data":"Armaments","floor":15,"key":"SMITH"},{"data":"Entrench","floor":23,"key":"SMITH"},{"data":"Feel No Pain","floor":25,"key":"SMITH"},{"data":"Offering","floor":27,"key":"SMITH"},{"floor":32,"key":"REST"},{"floor":46,"key":"RECALL"},{"data":"Juggernaut","floor":49,"key":"SMITH"}],"neow_cost":"PERCENT_DAMAGE","seed_source_timestamp":197450725574000,"circlet_count":0,"master_deck":["AscendersBane","Defend_R","Defend_R","Defend_R","Defend_R","Whirlwind+1","Feed","Entrench+1","Armaments+1","Second Wind","Offering+1","Thunderclap+1","Offering+1","Infernal Blade+1","Feel No Pain+1","Body Slam","Intimidate+1","Exhume","Finesse","Feel No Pain","Power Through+1","Juggernaut+1","Corruption","Bandage Up","Discovery","Feel No Pain+1","Impervious","Evolve","Warcry"],"relics":["Burning Blood","Question Card","Tiny Chest","Oddly Smooth Stone","Whetstone","Anchor","Astrolabe","Potion Belt","Pen Nib","Ancient Tea Set","Ornamental Fan","Lizard Tail","Vajra","Molten Egg 2","Strawberry"],"potions_floor_usage":[7,14,16,33,33,33,40,50,50],"damage_taken":[{"damage":12,"enemies":"Cultist","floor":1,"turns":4},{"damage":2,"enemies":"2 Louse","floor":3,"turns":2},{"damage":9,"enemies":"Jaw Worm","floor":5,"turns":4},{"damage":36,"enemies":"Lagavulin","floor":7,"turns":8},{"damage":64,"enemies":"Gremlin Nob","floor":13,"turns":5},{"damage":2,"enemies":"Exordium Thugs","floor":14,"turns":6},{"damage":0,"enemies":"Slime Boss","floor":16,"turns":12},{"damage":16,"enemies":"2 Thieves","floor":18,"turns":4},{"damage":14,"enemies":"Shell Parasite","floor":20,"turns":4},{"damage":12,"enemies":"Shelled Parasite and Fungi","floor":22,"turns":6},{"damage":12,"enemies":"Slavers","floor":24,"turns":2},{"damage":12,"enemies":"Sentry and Sphere","floor":28,"turns":4},{"damage":7,"enemies":"Centurion and Healer","floor":29,"turns":5},{"damage":45,"enemies":"Gremlin Leader","floor":31,"turns":4},{"damage":18,"enemies":"Automaton","floor":33,"turns":29},{"damage":6,"enemies":"3 Darklings","floor":35,"turns":2},{"damage":12,"enemies":"Orb Walker","floor":36,"turns":1},{"damage":12,"enemies":"Writhing Mass","floor":38,"turns":4},{"damage":19,"enemies":"4 Shapes","floor":40,"turns":4},{"damage":27,"enemies":"Jaw Worm Horde","floor":44,"turns":6},{"damage":18,"enemies":"Reptomancer","floor":45,"turns":2},{"damage":12,"enemies":"Giant Head","floor":47,"turns":4},{"damage":19,"enemies":"Transient","floor":48,"turns":6},{"damage":137,"enemies":"Awakened One","floor":50,"turns":15}],"seed_played":"-6161075330846172569","potions_obtained":[{"floor":1,"key":"EssenceOfSteel"},{"floor":3,"key":"Fire Potion"},{"floor":7,"key":"PowerPotion"},{"floor":13,"key":"Fire Potion"},{"floor":18,"key":"PowerPotion"},{"floor":22,"key":"SteroidPotion"},{"floor":31,"key":"Dexterity Potion"},{"floor":38,"key":"PowerPotion"},{"floor":44,"key":"Ancient Potion"}],"is_trial":false,"path_per_floor":["M","?","M","$","M","R","E","?","T","R","?","?","E","M","R","B",null,"M","T","M","?","M","R","E","R","T","R","M","M","$","E","R","B",null,"M","M","?","M","?","M","$","?","T","M","E","R","E","M","R","B"],"character_chosen":"IRONCLAD","items_purchased":["Tiny Chest","Feed","Finesse","SkillPotion","Feel No Pain","Swift Potion","Impervious","Swift Potion"],"campfire_rested":2,"item_purchase_floors":[4,4,30,30,30,30,41,41],"current_hp_per_floor":[44,39,43,43,43,43,13,39,39,62,62,78,20,27,27,37,73,67,67,63,63,61,61,55,55,55,55,53,56,56,21,53,44,95,95,92,82,84,84,77,77,77,77,60,52,52,61,52,52,0],"gold":131,"neow_bonus":"TWO_FIFTY_GOLD","is_prod":false,"is_daily":false,"chose_seed":false,"campfire_upgraded":6,"win_rate":0,"timestamp":1556100965,"path_taken":["M","?","M","$","M","R","E","?","T","R","?","?","E","?","R","BOSS","M","?","M","?","M","R","E","R","T","R","?","M","$","E","R","BOSS","M","M","?","M","?","?","$","?","T","M","E","R","E","M","R","BOSS"],"build_version":"2019-01-23","purchased_purges":1,"victory":false,"max_hp_per_floor":[75,75,75,75,78,78,78,78,78,78,78,78,78,81,81,85,85,89,89,93,93,97,97,97,97,97,97,101,105,105,109,109,112,112,112,115,115,115,115,115,115,115,115,115,115,115,122,122,122,122],"card_choices":[{"not_picked":["Blood for Blood","Infernal Blade"],"picked":"Whirlwind","floor":1},{"not_picked":["Cleave","Havoc","Searing Blow"],"picked":"Spot Weakness","floor":3},{"not_picked":["Infernal Blade","Sentinel","Headbutt"],"picked":"Entrench","floor":5},{"not_picked":["Clash","Metallicize","Spot Weakness"],"picked":"Armaments","floor":7},{"not_picked":["Armaments","Twin Strike","Searing Blow"],"picked":"Second Wind","floor":13},{"not_picked":["Flex","Hemokinesis","Wild Strike","Corruption"],"picked":"SKIP","floor":14},{"not_picked":["Dark Embrace","Brutality","Double Tap"],"picked":"Offering","floor":16},{"not_picked":["Anger","Sword Boomerang+1","Bloodletting","Reckless Charge+1"],"picked":"SKIP","floor":18},{"not_picked":["Thunderclap","Battle Trance","Heavy Blade"],"picked":"Feel No Pain","floor":20},{"not_picked":["Headbutt+1","Pummel","Rage"],"picked":"Sentinel","floor":22},{"not_picked":["Clothesline","Pummel","Flex"],"picked":"Body Slam","floor":24},{"not_picked":["Fire Breathing","Cleave","Pummel+1"],"picked":"Intimidate+1","floor":28},{"not_picked":["Body Slam","Spot Weakness","True Grit"],"picked":"Exhume","floor":29},{"not_picked":["Feel No Pain","Shockwave","Perfected Strike+1"],"picked":"Power Through+1","floor":31},{"not_picked":["Brutality","Exhume","Bludgeon"],"picked":"Juggernaut","floor":33},{"not_picked":["Clothesline","Corruption","Flex+1","Ghostly Armor"],"picked":"SKIP","floor":35},{"not_picked":["Clothesline","Corruption","Flex+1","Ghostly Armor"],"picked":"SKIP","floor":35},{"not_picked":["Clothesline","Flex+1","Ghostly Armor"],"picked":"Corruption","floor":35},{"not_picked":["Body Slam+1","Flex","Anger","Iron Wave"],"picked":"SKIP","floor":36},{"not_picked":["Dramatic Entrance","Jack Of All Trades","PanicButton"],"picked":"Bandage Up","floor":37},{"not_picked":["Impatience","Swift Strike","Dramatic Entrance"],"picked":"Discovery","floor":37},{"not_picked":["Heavy Blade","Body Slam","Clothesline+1","Cleave+1"],"picked":"SKIP","floor":38},{"not_picked":["Cleave","Armaments","Headbutt"],"picked":"Feel No Pain+1","floor":40},{"not_picked":["Twin Strike+1","Sword Boomerang","Ghostly Armor"],"picked":"Evolve","floor":44},{"not_picked":["Double Tap","Sword Boomerang","Anger","Corruption"],"picked":"SKIP","floor":45},{"not_picked":["Clothesline+1","Sword Boomerang+1","Intimidate","Heavy Blade+1"],"picked":"SKIP","floor":47},{"not_picked":["Searing Blow+1","Flex","Iron Wave+1"],"picked":"Warcry","floor":48}],"player_experience":3345386,"relics_obtained":[{"floor":7,"key":"Oddly Smooth Stone"},{"floor":9,"key":"Whetstone"},{"floor":13,"key":"Anchor"},{"floor":19,"key":"Potion Belt"},{"floor":24,"key":"Pen Nib"},{"floor":26,"key":"Ancient Tea Set"},{"floor":31,"key":"Ornamental Fan"},{"floor":45,"key":"Molten Egg 2"},{"floor":47,"key":"Strawberry"}],"event_choices":[{"damage_healed":0,"gold_gain":0,"player_choice":"Success","damage_taken":5,"relics_obtained":["Question Card"],"max_hp_gain":0,"max_hp_loss":0,"event_name":"Scrap Ooze","floor":2,"gold_loss":0},{"damage_healed":26,"gold_gain":0,"player_choice":"Banana","damage_taken":0,"max_hp_gain":0,"max_hp_loss":0,"event_name":"Big Fish","floor":8,"gold_loss":0},{"cards_removed":["Strike_R"],"damage_healed":0,"gold_gain":0,"player_choice":"Forget","damage_taken":0,"max_hp_gain":0,"max_hp_loss":0,"event_name":"Living Wall","floor":11,"gold_loss":0},{"damage_healed":19,"gold_gain":0,"player_choice":"Healed","damage_taken":0,"max_hp_gain":0,"max_hp_loss":0,"event_name":"The Cleric","floor":12,"gold_loss":35},{"cards_removed":["Strike_R"],"damage_healed":0,"gold_gain":0,"player_choice":"Purged","damage_taken":0,"max_hp_gain":0,"max_hp_loss":0,"event_name":"Purifier","floor":21,"gold_loss":0},{"damage_healed":0,"gold_gain":0,"player_choice":"Memory 3","damage_taken":10,"max_hp_gain":0,"max_hp_loss":0,"event_name":"SensoryStone","floor":37,"gold_loss":0},{"cards_removed":["Spot Weakness"],"damage_healed":0,"gold_gain":0,"player_choice":"Gave Card","damage_taken":0,"relics_obtained":["Vajra"],"max_hp_gain":0,"max_hp_loss":0,"event_name":"WeMeetAgain","floor":39,"gold_loss":0},{"cards_removed":["Sentinel"],"damage_healed":0,"gold_gain":0,"player_choice":"Removed Skill","damage_taken":0,"max_hp_gain":0,"max_hp_loss":0,"event_name":"Falling","floor":42,"gold_loss":0}],"is_beta":false,"boss_relics":[{"not_picked":["Ectoplasm","Coffee Dripper"],"picked":"Astrolabe"},{"not_picked":["Calling Bell","Cursed Key"],"picked":"Lizard Tail"}],"items_purged_floors":[4],"is_endless":false,"potions_floor_spawned":[1,3,7,13,18,22,31,38,44],"killed_by":"Awakened One","ascension_level":20}