{"gold_per_floor":[114,114,33,33,49,49,65,109,109,145,160,181,214,238,238,337,337,337,337,262,262,177,177,177,177],"floor_reached":25,"playtime":1048,"items_purged":[],"score":642,"play_id":"e4db55ca-7069-45ac-9c69-6b6cbbc537bf","local_time":"20190208175439","is_ascension_mode":true,"campfire_choices":[{"data":"Buffer","floor":6,"key":"SMITH"},{"data":"Zap","floor":15,"key":"SMITH"},{"data":"Loop","floor":23,"key":"SMITH"}],"neow_cost":"NONE","seed_source_timestamp":257603126827200,"circlet_count":0,"master_deck":["AscendersBane","Strike_B","Defend_B","Defend_B","Defend_B","Zap+1","Dualcast","Buffer+1","Ball Lightning","Cold Snap","Leap","Cold Snap","Coolheaded","Conserve Battery","Thunder Strike","Reboot","Loop+1","Lockon"],"relics":["Cracked Core","Golden Idol","Nunchaku","Gremlin Horn","Ancient Tea Set","Sundial","Ectoplasm","Ginger"],"potions_floor_usage":[8,13,25,25],"damage_taken":[{"damage":2,"enemies":"Jaw Worm","floor":1,"turns":4},{"damage":0,"enemies":"2 Louse","floor":5,"turns":3},{"damage":3,"enemies":"Small Slimes","floor":7,"turns":3},{"damage":0,"enemies":"Gremlin Nob","floor":8,"turns":4},{"damage":0,"enemies":"Lagavulin","floor":10,"turns":7},{"damage":0,"enemies":"Exordium Wildlife","floor":11,"turns":2},{"damage":0,"enemies":"Large Slime","floor":12,"turns":4},{"damage":4,"enemies":"3 Sentries","floor":13,"turns":9},{"damage":24,"enemies":"Gremlin Gang","floor":14,"turns":5},{"damage":0,"enemies":"The Guardian","floor":16,"turns":13},{"damage":10,"enemies":"Shell Parasite","floor":18,"turns":6},{"damage":0,"enemies":"3 Byrds","floor":24,"turns":4},{"damage":35,"enemies":"Gremlin Leader","floor":25,"turns":5}],"seed_played":"8493984032725018889","potions_obtained":[{"floor":1,"key":"SteroidPotion"},{"floor":11,"key":"Strength Potion"},{"floor":16,"key":"Dexterity Potion"}],"is_trial":false,"path_per_floor":["M","?","$","?","M","R","M","E","T","E","M","M","E","M","R","B",null,"M","?","?","?","?","R","M","E"],"character_chosen":"DEFECT","items_purchased":["Ball Lightning","FearPotion"],"campfire_rested":0,"item_purchase_floors":[3,3],"current_hp_per_floor":[62,62,62,67,67,67,64,64,64,64,64,64,60,36,36,36,61,51,51,51,32,32,32,32,0],"gold":177,"neow_bonus":"TRANSFORM_CARD","is_prod":false,"is_daily":false,"chose_seed":false,"campfire_upgraded":3,"win_rate":0,"timestamp":1549616079,"path_taken":["M","?","$","?","M","R","M","E","T","E","M","M","E","M","R","BOSS","M","?","?","?","?","R","M","E"],"build_version":"2019-01-23","purchased_purges":0,"victory":false,"max_hp_per_floor":[71,64,64,69,69,69,69,69,69,69,69,69,69,69,69,69,69,69,69,69,74,74,74,74,74],"card_choices":[{"not_picked":["Hello World","Static Discharge","Auto Shields"],"picked":"SKIP","floor":1},{"not_picked":["Aggregate","Conserve Battery","Stack"],"picked":"SKIP","floor":5},{"not_picked":["Streamline","Beam Cell"],"picked":"Cold Snap","floor":7},{"not_picked":["Streamline","Ball Lightning"],"picked":"Leap","floor":8},{"not_picked":["Go for the Eyes","Gash"],"picked":"Cold Snap","floor":10},{"not_picked":["Redo","Barrage"],"picked":"Coolheaded","floor":11},{"not_picked":["Turbo","Barrage"],"picked":"Conserve Battery","floor":12},{"not_picked":["Conserve Battery","Ball Lightning"],"picked":"Thunder Strike","floor":13},{"not_picked":["Beam Cell","Compile Driver","Cold Snap"],"picked":"SKIP","floor":14},{"not_picked":["Amplify","All For One"],"picked":"Reboot","floor":16},{"not_picked":["Go for the Eyes","Redo","Genetic Algorithm"],"picked":"SKIP","floor":18},{"not_picked":["Go for the Eyes","Force Field+1","Sweeping Beam"],"picked":"SKIP","floor":24}],"player_experience":1468017,"relics_obtained":[{"floor":8,"key":"Nunchaku"},{"floor":9,"key":"Gremlin Horn"},{"floor":10,"key":"Ancient Tea Set"},{"floor":13,"key":"Sundial"}],"event_choices":[{"damage_healed":0,"gold_gain":0,"player_choice":"Lose Max HP","damage_taken":0,"relics_obtained":["Golden Idol"],"max_hp_gain":0,"max_hp_loss":7,"event_name":"Golden Idol","floor":2,"gold_loss":0},{"damage_healed":0,"gold_gain":0,"player_choice":"Donut","damage_taken":0,"max_hp_gain":5,"max_hp_loss":0,"event_name":"Big Fish","floor":4,"gold_loss":0},{"damage_healed":0,"gold_gain":0,"cards_transformed":["Strike_B","Strike_B"],"player_choice":"Became Test Subject","damage_taken":0,"max_hp_gain":0,"max_hp_loss":0,"event_name":"Drug Dealer","floor":19,"gold_loss":0,"cards_obtained":["Loop","Lockon"]},{"cards_removed":["Strike_B"],"damage_healed":0,"gold_gain":0,"player_choice":"Gave Gold","damage_taken":0,"max_hp_gain":0,"max_hp_loss":0,"event_name":"Beggar","floor":20,"gold_loss":75},{"damage_healed":0,"gold_gain":0,"player_choice":"Shed Blood","damage_taken":24,"max_hp_gain":5,"max_hp_loss":0,"event_name":"Forgotten Altar","floor":21,"gold_loss":0},{"damage_healed":0,"gold_gain":0,"player_choice":"Obtained Relic","damage_taken":0,"relics_obtained":["Ginger"],"max_hp_gain":0,"max_hp_loss":0,"event_name":"Addict","floor":22,"gold_loss":85}],"is_beta":false,"boss_relics":[{"not_picked":["Snecko Eye","Busted Crown"],"picked":"Ectoplasm"}],"items_purged_floors":[],"is_endless":false,"potions_floor_spawned":[1,5,11,16],"killed_by":"Gremlin Leader","ascension_level":20}