{"gold_per_floor":[111,111,111,111,111,144,165,165,216,249,262,337,413,447,447,447],"floor_reached":16,"playtime":371,"items_purged":[],"score":157,"play_id":"5539f343-7279-47f9-90b5-da39a4aca626","local_time":"20190203101144","is_ascension_mode":true,"campfire_choices":[{"data":"Thunderclap","floor":8,"key":"SMITH"},{"data":"True Grit","floor":15,"key":"SMITH"}],"neow_cost":"NONE","seed_source_timestamp":91571761801200,"circlet_count":0,"master_deck":["Strike_R","Strike_R+1","Strike_R","Strike_R","Strike_R","Defend_R","Defend_R","Defend_R","Defend_R","Bash","Thunderclap+1","Power Through","Cleave+1","Feel No Pain","Shockwave","Armaments","True Grit+1"],"relics":["Burning Blood","NeowsBlessing","Golden Idol","SsserpentHead","Regal Pillow","Whetstone","Potion Belt","Odd Mushroom","Lantern"],"potions_floor_usage":[14,14],"damage_taken":[{"damage":0,"enemies":"Cultist","floor":1,"turns":1},{"damage":0,"enemies":"Gremlin Nob","floor":6,"turns":1},{"damage":0,"enemies":"2 Louse","floor":7,"turns":1},{"damage":21,"enemies":"Lagavulin","floor":10,"turns":7},{"damage":0,"enemies":"Small Slimes","floor":11,"turns":2},{"damage":11,"enemies":"Looter","floor":12,"turns":3},{"damage":25,"enemies":"The Mushroom Lair","floor":13,"turns":5},{"damage":23,"enemies":"Gremlin Nob","floor":14,"turns":4},{"damage":32,"enemies":"The Guardian","floor":16,"turns":21}],"seed_played":"-784207898849797637","potions_obtained":[{"floor":6,"key":"LiquidBronze"},{"floor":7,"key":"Swift Potion"},{"floor":12,"key":"Swift Potion"}],"is_trial":false,"path_per_floor":["M","$","$","?","?","E","M","R","T","E","M","M","?","E","R","B"],"character_chosen":"IRONCLAD","items_purchased":[],"campfire_rested":0,"item_purchase_floors":[],"current_hp_per_floor":[80,80,80,60,60,66,72,72,72,57,63,58,39,22,22,0],"gold":447,"neow_bonus":"THREE_ENEMY_KILL","is_prod":false,"is_daily":false,"chose_seed":false,"campfire_upgraded":2,"win_rate":0,"timestamp":1549156304,"path_taken":["M","?","$","?","?","E","M","R","T","E","M","?","?","E","R","BOSS"],"build_version":"2019-01-23","purchased_purges":0,"victory":false,"max_hp_per_floor":[80,80,80,80,80,80,80,80,80,80,80,80,80,80,80,80],"card_choices":[{"not_picked":["Body Slam","Infernal Blade"],"picked":"Thunderclap","floor":1},{"not_picked":["Seeing Red","Infernal Blade"],"picked":"Power Through","floor":6},{"not_picked":["Metallicize","Pommel Strike"],"picked":"Cleave","floor":7},{"not_picked":["Iron Wave","Seeing Red"],"picked":"Feel No Pain","floor":10},{"not_picked":["Wild Strike","Seeing Red"],"picked":"Shockwave","floor":11},{"not_picked":["Cleave","Headbutt"],"picked":"Armaments","floor":12},{"not_picked":["Clothesline","Heavy Blade"],"picked":"True Grit","floor":14}],"player_experience":3925,"relics_obtained":[{"floor":6,"key":"Regal Pillow"},{"floor":9,"key":"Whetstone"},{"floor":10,"key":"Potion Belt"},{"floor":13,"key":"Odd Mushroom"},{"floor":14,"key":"Lantern"}],"event_choices":[{"damage_healed":0,"gold_gain":0,"player_choice":"Take Damage","damage_taken":20,"relics_obtained":["Golden Idol"],"max_hp_gain":0,"max_hp_loss":0,"event_name":"Golden Idol","floor":4,"gold_loss":0},{"damage_healed":0,"gold_gain":0,"player_choice":"Trade","damage_taken":0,"relics_obtained":["SsserpentHead"],"max_hp_gain":0,"max_hp_loss":0,"event_name":"FaceTrader","floor":5,"gold_loss":0},{"damage_healed":0,"gold_gain":0,"player_choice":"Fought Mushrooms","damage_taken":0,"max_hp_gain":0,"max_hp_loss":0,"event_name":"Mushrooms","floor":13,"gold_loss":0}],"is_beta":false,"boss_relics":[],"items_purged_floors":[],"is_endless":false,"potions_floor_spawned":[6,7,12],"killed_by":"The Guardian","ascension_level":2}