{"gold_per_floor":[112,187,198,123,133,133,98,98,125,158,176,193,203,213,213,310,310,326,28,28,42,61,94,94,123,149,180,192,218,230,242,254,370,382,413,435,467,479,591,643,666,678,690,729,741,788,23,40,40,40],"floor_reached":51,"playtime":4684,"items_purged":["Strike_B","Pain"],"score":971,"play_id":"39402af6-9f8b-4058-99f6-b711c4c9fb1b","local_time":"20190219211033","is_ascension_mode":true,"campfire_choices":[{"data":"Zap","floor":6.0,"key":"SMITH"},{"floor":15.0,"key":"REST"},{"floor":24.0,"key":"REST"},{"data":"Self Repair","floor":28.0,"key":"SMITH"},{"data":"Skim","floor":30.0,"key":"SMITH"},{"data":"Ghostly","floor":32.0,"key":"SMITH"},{"data":"Buffer","floor":42,"key":"SMITH"},{"data":"Ghostly","floor":49,"key":"SMITH"}],"neow_cost":"TEN_PERCENT_HP_LOSS","seed_source_timestamp":0,"circlet_count":0,"master_deck":["Strike_B","Strike_B","Strike_B","Defend_B","Defend_B+1","Defend_B","Defend_B","Zap+1","Dualcast","Genetic Algorithm","Skim+1","Rip and Tear","Tempest","Steam","White Noise","Fusion","Core Surge","Sunder","Steam","Self Repair+1","Glacier","Double Energy","Reinforced Body","Recycle+1","Steam","Ghostly+1","Ghostly","Ghostly","Ghostly","Ghostly+1","Buffer+1","White Noise","Parasite","Madness","Madness+1","Creative AI","Conserve Battery"],"special_seed":0,"relics":["Cracked Core","Ice Cream","Dodecahedron","Lantern","Vajra","Nuclear Battery","Bottled Lightning","WarpedTongs","Symbiotic Virus","The Courier","MawBank","Busted Crown","FossilizedHelix","Kunai","Bag of Preparation","PreservedInsect","War Paint","Toy Ornithopter","Boot","Blood Vial","Ancient Tea Set","Bag of Marbles"],"potions_floor_usage":[50],"damage_taken":[{"damage":3.0,"enemies":"2 Louse","floor":1.0,"turns":2.0},{"damage":9.0,"enemies":"Small Slimes","floor":3.0,"turns":4.0},{"damage":0.0,"enemies":"Cultist","floor":5.0,"turns":3.0},{"damage":35.0,"enemies":"3 Sentries","floor":10.0,"turns":6.0},{"damage":0.0,"enemies":"2 Fungi Beasts","floor":11.0,"turns":2.0},{"damage":0.0,"enemies":"3 Louse","floor":12.0,"turns":2.0},{"damage":21.0,"enemies":"Large Slime","floor":13.0,"turns":4.0},{"damage":2.0,"enemies":"Looter","floor":14.0,"turns":2.0},{"damage":13.0,"enemies":"Slime Boss","floor":16.0,"turns":5.0},{"damage":0.0,"enemies":"Spheric Guardian","floor":18.0,"turns":2.0},{"damage":4.0,"enemies":"Shell Parasite","floor":21.0,"turns":3.0},{"damage":15.0,"enemies":"Centurion and Healer","floor":22.0,"turns":5.0},{"damage":38.0,"enemies":"Book of Stabbing","floor":23.0,"turns":5.0},{"damage":7.0,"enemies":"Gremlin Leader","floor":25.0,"turns":6.0},{"damage":7.0,"enemies":"Shelled Parasite and Fungi","floor":27.0,"turns":5.0},{"damage":16.0,"enemies":"Snake Plant","floor":29.0,"turns":2.0},{"damage":4.0,"enemies":"Champ","floor":33.0,"turns":9.0},{"damage":0.0,"enemies":"3 Shapes","floor":35.0,"turns":3.0},{"damage":1.0,"enemies":"Orb Walker","floor":36.0,"turns":5.0},{"damage":4.0,"enemies":"Writhing Mass","floor":37.0,"turns":7.0},{"damage":3.0,"enemies":"Mind Bloom Boss Battle","floor":39.0,"turns":9.0},{"damage":12.0,"enemies":"Reptomancer","floor":40.0,"turns":5.0},{"damage":10,"enemies":"3 Darklings","floor":41,"turns":6},{"damage":5,"enemies":"Giant Head","floor":44,"turns":9},{"damage":5,"enemies":"Nemesis","floor":46,"turns":7},{"damage":0,"enemies":"Sphere and 2 Shapes","floor":48,"turns":6},{"damage":0,"enemies":"Time Eater","floor":50,"turns":9}],"seed_played":"-4479539259666715088","potions_obtained":[{"floor":3.0,"key":"Weak Potion"},{"floor":10.0,"key":"SkillPotion"},{"floor":11.0,"key":"Dexterity Potion"},{"floor":13.0,"key":"FairyPotion"},{"floor":21.0,"key":"Fire Potion"},{"floor":22.0,"key":"SkillPotion"},{"floor":25.0,"key":"Fire Potion"},{"floor":29.0,"key":"Swift Potion"},{"floor":35.0,"key":"Weak Potion"},{"floor":39.0,"key":"PowerPotion"},{"floor":46,"key":"Block Potion"}],"is_trial":false,"path_per_floor":["M","?","M","$","M","R","?","?","T","E","M","M","M","M","R","B",null,"M","$","?","M","M","E","R","E","T","M","R","M","R","?","R","B",null,"M","M","M","?","?","E","M","R","T","E","?","E","$","M","R","B",null],"character_chosen":"DEFECT","items_purchased":["Steam","Bottled Lightning","SpeedPotion","Toy Ornithopter","Boot","Blood Vial","Ancient Tea Set","Bag of Marbles","Conserve Battery"],"campfire_rested":2,"item_purchase_floors":[19,19,47,47,47,47,47,47,47],"current_hp_per_floor":[65,54,45,45,45,45,62,59,59,24,24,24,3,1,21,8,68,68,68,68,64,56,28,48,48,48,48,48,32,32,32,32,34,34,34,34,34,30,34,22,32,32,32,34,34,34,34,34,34,34],"gold":40,"neow_bonus":"ONE_RARE_RELIC","is_prod":false,"is_daily":false,"chose_seed":false,"campfire_upgraded":6,"win_rate":0,"timestamp":1550628633,"path_taken":["M","?","M","$","M","R","?","?","T","E","M","M","M","M","R","BOSS","M","$","?","M","M","E","R","E","T","M","R","?","R","?","R","BOSS","M","M","M","?","?","E","M","R","T","E","?","E","$","M","R","BOSS"],"build_version":"2019-01-23","purchased_purges":2,"victory":true,"max_hp_per_floor":[68,68,68,68,68,68,68,68,68,68,68,68,68,68,68,68,68,68,68,68,68,68,68,68,68,68,68,68,68,68,34,34,34,34,34,34,34,34,34,34,34,34,34,34,34,34,34,34,34,34],"card_choices":[{"not_picked":["Steam","Defragment"],"picked":"Genetic Algorithm","floor":1.0},{"not_picked":["Rebound","Static Discharge"],"picked":"Skim","floor":3.0},{"not_picked":["Rebound","Lockon"],"picked":"Rip and Tear","floor":5.0},{"not_picked":["Turbo","Chaos"],"picked":"Tempest","floor":10.0},{"not_picked":["Rip and Tear","Redo"],"picked":"Steam","floor":11.0},{"not_picked":["Core Surge","Consume"],"picked":"White Noise","floor":12.0},{"not_picked":["Consume","White Noise","Heatsinks"],"picked":"SKIP","floor":13.0},{"not_picked":["Glacier","Go for the Eyes"],"picked":"Fusion","floor":14.0},{"not_picked":["Rainbow","Reboot"],"picked":"Core Surge","floor":16.0},{"not_picked":["Static Discharge","Streamline"],"picked":"Sunder","floor":18.0},{"not_picked":["FTL+1","Conserve Battery"],"picked":"Self Repair","floor":21.0},{"not_picked":["Recycle","Storm"],"picked":"Glacier","floor":22.0},{"not_picked":["Heatsinks","Auto Shields"],"picked":"Double Energy","floor":23.0},{"not_picked":["Leap","Tempest"],"picked":"Reinforced Body","floor":25.0},{"not_picked":["Leap","Undo"],"picked":"Recycle+1","floor":27.0},{"not_picked":["Beam Cell","Gash"],"picked":"Steam","floor":29.0},{"not_picked":["Creative AI","All For One"],"picked":"Buffer","floor":33.0},{"not_picked":[],"picked":"White Noise","floor":35.0},{"not_picked":["Scrape"],"picked":"SKIP","floor":36.0},{"not_picked":["Static Discharge+1"],"picked":"SKIP","floor":37.0},{"not_picked":[],"picked":"Creative AI","floor":40},{"not_picked":["Defragment"],"picked":"SKIP","floor":41},{"not_picked":["Darkness"],"picked":"SKIP","floor":44},{"not_picked":["Melter"],"picked":"SKIP","floor":46},{"not_picked":["Compile Driver"],"picked":"SKIP","floor":48}],"player_experience":187221,"relics_obtained":[{"floor":9.0,"key":"Lantern"},{"floor":10.0,"key":"Vajra"},{"floor":23.0,"key":"Symbiotic Virus"},{"floor":25.0,"key":"The Courier"},{"floor":26.0,"key":"MawBank"},{"floor":39.0,"key":"FossilizedHelix"},{"floor":40,"key":"Kunai"},{"floor":43,"key":"Bag of Preparation"},{"floor":44,"key":"PreservedInsect"},{"floor":46,"key":"War Paint"}],"event_choices":[{"damage_healed":0.0,"max_hp_gain":0.0,"max_hp_loss":0.0,"gold_gain":75.0,"event_name":"World of Goop","player_choice":"Gather Gold","floor":2.0,"gold_loss":0.0,"damage_taken":11.0},{"damage_healed":17.0,"max_hp_gain":0.0,"max_hp_loss":0.0,"gold_gain":0.0,"event_name":"The Cleric","player_choice":"Healed","floor":7.0,"gold_loss":35.0,"damage_taken":0.0},{"damage_healed":0.0,"max_hp_gain":0.0,"max_hp_loss":0.0,"gold_gain":0.0,"event_name":"Scrap Ooze","player_choice":"Success","floor":8.0,"gold_loss":0.0,"damage_taken":3.0,"relics_obtained":["Dodecahedron"]},{"damage_healed":0.0,"max_hp_gain":0.0,"max_hp_loss":0.0,"gold_gain":0.0,"event_name":"Accursed Blacksmith","player_choice":"Rummage","floor":20.0,"gold_loss":0.0,"damage_taken":0.0,"relics_obtained":["WarpedTongs"],"cards_obtained":["Pain"]},{"damage_healed":0.0,"max_hp_gain":0.0,"max_hp_loss":34.0,"gold_gain":0.0,"event_name":"Ghosts","player_choice":"Became a Ghost","floor":31.0,"gold_loss":0.0,"damage_taken":0.0,"cards_obtained":["Ghostly","Ghostly","Ghostly","Ghostly","Ghostly"]},{"damage_healed":0.0,"max_hp_gain":0.0,"max_hp_loss":0.0,"gold_gain":0.0,"event_name":"Winding Halls","player_choice":"Embrace Madness","floor":38.0,"gold_loss":0.0,"damage_taken":4.0,"cards_obtained":["Madness","Madness"]},{"damage_healed":0.0,"max_hp_gain":0.0,"max_hp_loss":0.0,"gold_gain":0.0,"event_name":"MindBloom","player_choice":"Fight","floor":39.0,"gold_loss":0.0,"damage_taken":0.0},{"damage_healed":0,"gold_gain":0,"player_choice":"Ignored","damage_taken":0,"max_hp_gain":0,"max_hp_loss":0,"event_name":"Tomb of Lord Red Mask","floor":45,"gold_loss":0}],"is_beta":false,"boss_relics":[{"not_picked":["Philosopher\u0027s Stone","Cursed Key"],"picked":"Nuclear Battery"},{"not_picked":["Calling Bell","FrozenCore"],"picked":"Busted Crown"}],"items_purged_floors":[4,47],"is_endless":false,"potions_floor_spawned":[3,10,11,13,21,22,23,25,29,35,39,46],"ascension_level":3}