{"gold_per_floor":[110,110,110,110,121,155,155,155,155,155,27,27,37,55,55,132,132,152,152],"floor_reached":19,"playtime":701,"items_purged":["Regret"],"score":380,"play_id":"5289f9d5-6c82-44fb-b528-2d29e5657d16","local_time":"20190310235523","is_ascension_mode":true,"campfire_choices":[{"data":"Bash","floor":7,"key":"SMITH"},{"data":"Feel No Pain","floor":10,"key":"SMITH"},{"data":"Dual Wield","floor":15,"key":"SMITH"}],"neow_cost":"NONE","seed_source_timestamp":135371764663300,"circlet_count":0,"master_deck":["AscendersBane","Strike_R","Strike_R","Strike_R","Strike_R","Defend_R","Defend_R","Defend_R","Defend_R","Bash+1","Feel No Pain+1","Dual Wield+1","True Grit+1","True Grit+1","Disarm+1","Fiend Fire","Body Slam"],"relics":["Burning Blood","NeowsBlessing","Potion Belt","Pocketwatch","Mercury Hourglass","Toxic Egg 2","White Beast Statue"],"potions_floor_usage":[16,18,18],"damage_taken":[{"damage":0,"enemies":"Small Slimes","floor":1,"turns":1},{"damage":0,"enemies":"2 Louse","floor":5,"turns":1},{"damage":0,"enemies":"Lagavulin","floor":6,"turns":1},{"damage":7,"enemies":"Jaw Worm","floor":13,"turns":4},{"damage":4,"enemies":"3 Louse","floor":14,"turns":3},{"damage":17,"enemies":"The Guardian","floor":16,"turns":29},{"damage":10,"enemies":"2 Thieves","floor":18,"turns":4}],"seed_played":"6356462948652029952","potions_obtained":[{"floor":1,"key":"Energy Potion"},{"floor":6,"key":"SpeedPotion"},{"floor":13,"key":"Block Potion"},{"floor":14,"key":"Fire Potion"},{"floor":18,"key":"Explosive Potion"}],"is_trial":false,"path_per_floor":["M","?","$","?","M","E","R","T","T","R","$","?","M","M","R","B",null,"M","$"],"character_chosen":"IRONCLAD","items_purchased":["True Grit+1"],"campfire_rested":0,"item_purchase_floors":[11],"current_hp_per_floor":[74,74,74,74,75,75,75,75,75,75,75,75,74,75,75,64,72,68,68],"gold":152,"neow_bonus":"THREE_ENEMY_KILL","is_prod":false,"is_daily":false,"chose_seed":false,"campfire_upgraded":3,"win_rate":0,"timestamp":1552229723,"path_taken":["M","?","$","?","M","E","R","?","T","R","$","?","?","?","R","BOSS","M","$"],"build_version":"2019-01-23","purchased_purges":1,"victory":false,"max_hp_per_floor":[75,75,75,75,75,75,75,75,75,75,75,75,75,75,75,75,75,75,75],"card_choices":[{"not_picked":["Clothesline","Iron Wave"],"picked":"Feel No Pain","floor":1},{"not_picked":["Body Slam","Pummel","Dropkick"],"picked":"SKIP","floor":5},{"not_picked":["Double Tap","Armaments"],"picked":"Dual Wield","floor":6},{"not_picked":["Ghostly Armor+1","Perfected Strike"],"picked":"Disarm+1","floor":13},{"not_picked":["Wild Strike","Sword Boomerang","Rupture"],"picked":"SKIP","floor":14},{"not_picked":["Brutality","Impervious+1"],"picked":"Fiend Fire","floor":16},{"not_picked":["Metallicize","Shrug It Off+1"],"picked":"Body Slam","floor":18}],"player_experience":2162847,"relics_obtained":[{"floor":6,"key":"Pocketwatch"},{"floor":8,"key":"Mercury Hourglass"},{"floor":9,"key":"Toxic Egg 2"}],"event_choices":[{"damage_healed":0,"gold_gain":0,"player_choice":"Leave","damage_taken":0,"max_hp_gain":0,"max_hp_loss":0,"event_name":"The Cleric","floor":2,"gold_loss":0},{"damage_healed":0,"gold_gain":0,"player_choice":"Box","damage_taken":0,"relics_obtained":["Potion Belt"],"max_hp_gain":0,"max_hp_loss":0,"event_name":"Big Fish","floor":4,"gold_loss":0,"cards_obtained":["Regret"]},{"damage_healed":0,"gold_gain":0,"cards_transformed":["Strike_R"],"player_choice":"Transformed","damage_taken":0,"max_hp_gain":0,"max_hp_loss":0,"event_name":"Transmorgrifier","floor":12,"gold_loss":0,"cards_obtained":["True Grit"]}],"is_beta":false,"boss_relics":[{"not_picked":["Tiny House","Runic Cube"],"picked":"White Beast Statue"}],"items_purged_floors":[11],"is_endless":false,"potions_floor_spawned":[1,6,13,14,18],"ascension_level":20}