{"gold_per_floor":[112,132,132,207,121,162,162,202,225,225,249,10,41,55,55,55],"floor_reached":16,"playtime":463,"items_purged":["Strike_B"],"score":236,"play_id":"ac1313ef-1047-40f4-929e-c977155a1c64","local_time":"20190206200738","is_ascension_mode":true,"campfire_choices":[{"floor":7,"key":"REST"},{"floor":15,"key":"REST"}],"neow_cost":"PERCENT_DAMAGE","seed_source_timestamp":93369283620400,"circlet_count":0,"master_deck":["AscendersBane","Strike_B","Strike_B","Strike_B","Defend_B","Defend_B","Defend_B","Defend_B","Zap","Dualcast","Electrodynamics","Self Repair","BootSequence","Streamline","Leap"],"relics":["Cracked Core","Golden Idol","Juzu Bracelet","Girya","Bronze Scales","PreservedInsect","Molten Egg 2"],"potions_floor_usage":[6,11,13,14,16],"damage_taken":[{"damage":1,"enemies":"2 Louse","floor":1,"turns":3},{"damage":2,"enemies":"Jaw Worm","floor":2,"turns":3},{"damage":32,"enemies":"Gremlin Nob","floor":6,"turns":4},{"damage":15,"enemies":"3 Sentries","floor":8,"turns":3},{"damage":0,"enemies":"Small Slimes","floor":11,"turns":2},{"damage":11,"enemies":"Gremlin Nob","floor":13,"turns":3},{"damage":0,"enemies":"Gremlin Gang","floor":14,"turns":2},{"damage":23,"enemies":"The Guardian","floor":16,"turns":7}],"seed_played":"2406676386405278023","potions_obtained":[{"floor":6,"key":"Strength Potion"},{"floor":8,"key":"AttackPotion"},{"floor":13,"key":"PowerPotion"},{"floor":14,"key":"Block Potion"}],"is_trial":false,"path_per_floor":["M","M","?","?","$","E","R","E","T","$","M","$","E","M","R","B"],"character_chosen":"DEFECT","items_purchased":["FocusPotion","PreservedInsect"],"campfire_rested":2,"item_purchase_floors":[5,12],"current_hp_per_floor":[45,50,50,39,39,7,26,18,18,18,18,18,14,14,33,10],"gold":55,"neow_bonus":"THREE_RARE_CARDS","is_prod":false,"is_daily":false,"chose_seed":false,"campfire_upgraded":0,"win_rate":0,"timestamp":1549451258,"path_taken":["M","M","?","?","$","E","R","E","T","?","M","$","E","M","R","BOSS"],"build_version":"2019-01-23","purchased_purges":1,"victory":false,"max_hp_per_floor":[71,71,64,64,64,64,64,64,64,64,64,64,64,64,64,64],"card_choices":[{"not_picked":["Amplify","Creative AI"],"picked":"Electrodynamics","floor":0},{"not_picked":["Gash","Hologram"],"picked":"Self Repair","floor":1},{"not_picked":["Turbo","Beam Cell"],"picked":"BootSequence","floor":2},{"not_picked":["Skim","Steam","Doom and Gloom"],"picked":"SKIP","floor":6},{"not_picked":["Electrodynamics","Lockon"],"picked":"Streamline","floor":8},{"not_picked":["Recycle","Darkness","Barrage"],"picked":"SKIP","floor":11},{"not_picked":["Recycle","Darkness","Barrage"],"picked":"SKIP","floor":11},{"not_picked":["Steam","Hologram","Stack"],"picked":"SKIP","floor":13},{"not_picked":["Streamline+1","Go for the Eyes+1"],"picked":"Leap","floor":14}],"player_experience":1416303,"relics_obtained":[{"floor":6,"key":"Juzu Bracelet"},{"floor":8,"key":"Girya"},{"floor":9,"key":"Bronze Scales"},{"floor":13,"key":"Molten Egg 2"}],"event_choices":[{"damage_healed":0,"gold_gain":0,"player_choice":"Lose Max HP","damage_taken":0,"relics_obtained":["Golden Idol"],"max_hp_gain":0,"max_hp_loss":7,"event_name":"Golden Idol","floor":3,"gold_loss":0},{"damage_healed":0,"gold_gain":75,"player_choice":"Gather Gold","damage_taken":11,"max_hp_gain":0,"max_hp_loss":0,"event_name":"World of Goop","floor":4,"gold_loss":0}],"is_beta":false,"boss_relics":[],"items_purged_floors":[12],"is_endless":false,"potions_floor_spawned":[6,8,13,14],"killed_by":"The Guardian","ascension_level":20}