{"gold_per_floor":[116,216,233,408,428,459,459,475,475,275,307,323,333,346,346,346],"floor_reached":16,"playtime":1023,"items_purged":["Doubt"],"score":114,"play_id":"9eb119af-6c53-4038-9459-c74497469bef","local_time":"20181219210734","is_ascension_mode":false,"campfire_choices":[{"floor":7,"key":"REST"},{"floor":15,"key":"RECALL"}],"neow_cost":"NONE","seed_source_timestamp":288338760174252,"circlet_count":0,"master_deck":["Strike_R","Strike_R","Strike_R","Strike_R","Strike_R","Defend_R","Defend_R","Defend_R","Defend_R","Bash","Dual Wield","Shockwave","Intimidate","Disarm","Havoc","Intimidate","Dark Embrace","Warcry","Fire Breathing","Shrug It Off"],"relics":["Burning Blood","NeowsBlessing","PreservedInsect","Anchor","Singing Bowl"],"potions_floor_usage":[6,11,11,14,14],"damage_taken":[{"damage":0,"enemies":"2 Louse","floor":1,"turns":1},{"damage":0,"enemies":"Cultist","floor":3,"turns":1},{"damage":0,"enemies":"Jaw Worm","floor":5,"turns":1},{"damage":27,"enemies":"3 Sentries","floor":6,"turns":11},{"damage":2,"enemies":"2 Fungi Beasts","floor":8,"turns":4},{"damage":15,"enemies":"Lagavulin","floor":11,"turns":6},{"damage":5,"enemies":"3 Louse","floor":12,"turns":4},{"damage":2,"enemies":"Blue Slaver","floor":13,"turns":6},{"damage":11,"enemies":"Lots of Slimes","floor":14,"turns":5},{"damage":82,"enemies":"Slime Boss","floor":16,"turns":10}],"seed_played":"1145192264441166756","potions_obtained":[{"floor":1,"key":"Fire Potion"},{"floor":6,"key":"BloodPotion"},{"floor":8,"key":"Block Potion"},{"floor":12,"key":"SkillPotion"}],"is_trial":false,"path_per_floor":["M","?","M","?","M","E","R","M","T","$","E","M","M","M","R","B"],"character_chosen":"IRONCLAD","items_purchased":["AttackPotion","Intimidate"],"campfire_rested":1,"item_purchase_floors":[10,10],"current_hp_per_floor":[80,80,80,80,80,59,80,80,80,80,71,72,76,78,78,0],"gold":346,"neow_bonus":"THREE_ENEMY_KILL","is_prod":false,"is_daily":false,"chose_seed":false,"campfire_upgraded":0,"win_rate":0,"timestamp":1545246454,"path_taken":["M","?","?","?","M","E","R","M","T","$","E","M","M","M","R","BOSS"],"build_version":"2018-12-13","purchased_purges":1,"victory":false,"max_hp_per_floor":[80,80,80,80,80,80,80,80,80,80,80,80,80,80,80,80],"card_choices":[{"not_picked":["Flex","Wild Strike"],"picked":"Dual Wield","floor":1},{"not_picked":["Headbutt","Anger"],"picked":"Shockwave","floor":3},{"not_picked":["Inflame","Combust"],"picked":"Intimidate","floor":5},{"not_picked":["Uppercut","Pommel Strike"],"picked":"Disarm","floor":6},{"not_picked":["Flame Barrier","Sword Boomerang"],"picked":"Havoc","floor":8},{"not_picked":["Battle Trance","Armaments"],"picked":"Dark Embrace","floor":11},{"not_picked":["Clash","True Grit"],"picked":"Warcry","floor":12},{"not_picked":["Iron Wave","Anger"],"picked":"Fire Breathing","floor":13},{"not_picked":["Rampage","Pommel Strike"],"picked":"Shrug It Off","floor":14}],"player_experience":845324,"relics_obtained":[{"floor":6,"key":"PreservedInsect"},{"floor":9,"key":"Anchor"},{"floor":11,"key":"Singing Bowl"}],"event_choices":[{"damage_healed":0,"gold_gain":100,"player_choice":"Gold","damage_taken":0,"max_hp_gain":0,"max_hp_loss":0,"event_name":"Wheel of Change","floor":2,"gold_loss":0},{"damage_healed":0,"gold_gain":175,"player_choice":"AGREE","damage_taken":0,"max_hp_gain":0,"max_hp_loss":0,"event_name":"Liars Game","floor":4,"gold_loss":0,"cards_obtained":["Doubt"]}],"is_beta":false,"boss_relics":[],"items_purged_floors":[10],"is_endless":false,"potions_floor_spawned":[1,6,8,12],"killed_by":"Slime Boss","ascension_level":0}