{"gold_per_floor":[112,112,187,84,95,127,127,127,127,127,147,182,82,99,99,178,178,138,7,7,7,7,7],"floor_reached":23,"playtime":721,"items_purged":["Strike_B","Strike_B"],"score":444,"play_id":"8f8f1ddd-bf22-40a5-9ded-8f9875a2e366","local_time":"20190312114623","is_ascension_mode":true,"campfire_choices":[{"data":"Barrage","floor":8,"key":"SMITH"},{"data":"Streamline","floor":15,"key":"SMITH"}],"neow_cost":"NONE","seed_source_timestamp":264414930343400,"circlet_count":0,"master_deck":["AscendersBane","Strike_B","Defend_B","Defend_B","Defend_B","Zap","Dualcast","Cold Snap","Barrage+1","Reinforced Body","Seek","Rip and Tear","Streamline+1","Reboot","Cold Snap","Capacitor","Blizzard","Cold Snap"],"relics":["Cracked Core","NeowsBlessing","Vajra","Art of War","Bronze Scales","Ectoplasm"],"potions_floor_usage":[16,18,18],"damage_taken":[{"damage":0,"enemies":"Small Slimes","floor":1,"turns":1},{"damage":0,"enemies":"2 Louse","floor":5,"turns":1},{"damage":0,"enemies":"Gremlin Nob","floor":6,"turns":1},{"damage":0,"enemies":"Cultist","floor":11,"turns":3},{"damage":25,"enemies":"3 Sentries","floor":12,"turns":6},{"damage":7,"enemies":"Blue Slaver","floor":14,"turns":3},{"damage":9,"enemies":"Hexaghost","floor":16,"turns":9},{"damage":1,"enemies":"2 Thieves","floor":18,"turns":3},{"damage":5,"enemies":"3 Byrds","floor":21,"turns":3},{"damage":15,"enemies":"Colosseum Slavers","floor":22,"turns":4},{"damage":9,"enemies":"Book of Stabbing","floor":23,"turns":2}],"seed_played":"3577658739818442120","potions_obtained":[{"floor":5,"key":"Block Potion"},{"floor":11,"key":"Energy Potion"},{"floor":16,"key":"Fire Potion"},{"floor":21,"key":"Dexterity Potion"}],"is_trial":false,"path_per_floor":["M","?","?","$","M","E","?","R","T","?","M","E","$","M","R","B",null,"M","$","?","M","?","E"],"character_chosen":"DEFECT","items_purchased":["Barrage","Capacitor","Blizzard"],"campfire_rested":0,"item_purchase_floors":[4,19,19],"current_hp_per_floor":[64,57,46,46,46,46,46,46,46,46,46,21,21,14,14,5,55,54,54,54,49,34,25],"gold":7,"neow_bonus":"THREE_ENEMY_KILL","is_prod":false,"is_daily":false,"chose_seed":false,"campfire_upgraded":2,"win_rate":0,"timestamp":1552358783,"path_taken":["M","?","?","$","M","E","?","R","T","?","M","E","$","M","R","BOSS","M","$","?","M","?","E"],"build_version":"2019-01-23","purchased_purges":2,"victory":false,"max_hp_per_floor":[71,71,71,71,71,71,71,71,71,71,71,71,71,71,71,71,71,71,71,71,71,71,71],"card_choices":[{"not_picked":["Barrage","Coolheaded"],"picked":"Cold Snap","floor":1},{"not_picked":["Auto Shields","Rebound"],"picked":"Reinforced Body","floor":5},{"not_picked":["Static Discharge","Capacitor"],"picked":"Seek","floor":6},{"not_picked":["Rebound","Reinforced Body"],"picked":"Rip and Tear","floor":11},{"not_picked":["Compile Driver","Go for the Eyes","Auto Shields"],"picked":"SKIP","floor":12},{"not_picked":["Go for the Eyes","Redo"],"picked":"Streamline","floor":14},{"not_picked":["Buffer","Seek"],"picked":"Reboot","floor":16},{"not_picked":["Compile Driver","Steam Power+1"],"picked":"Cold Snap","floor":18},{"not_picked":["Scrape","Hologram"],"picked":"Cold Snap","floor":21}],"player_experience":2199524,"relics_obtained":[{"floor":6,"key":"Vajra"},{"floor":9,"key":"Art of War"},{"floor":12,"key":"Bronze Scales"}],"event_choices":[{"cards_removed":["Defend_B"],"damage_healed":0,"gold_gain":0,"player_choice":"Card Removal","damage_taken":7,"max_hp_gain":0,"max_hp_loss":0,"event_name":"Golden Wing","floor":2,"gold_loss":0},{"damage_healed":0,"gold_gain":75,"player_choice":"Gather Gold","damage_taken":11,"max_hp_gain":0,"max_hp_loss":0,"event_name":"World of Goop","floor":3,"gold_loss":0},{"damage_healed":0,"gold_gain":0,"player_choice":"Ignored","damage_taken":0,"max_hp_gain":0,"max_hp_loss":0,"event_name":"Liars Game","floor":7,"gold_loss":0},{"cards_removed":["Strike_B"],"damage_healed":0,"gold_gain":0,"player_choice":"Purged","damage_taken":0,"max_hp_gain":0,"max_hp_loss":0,"event_name":"Purifier","floor":10,"gold_loss":0},{"damage_healed":0,"gold_gain":0,"player_choice":"Fight","damage_taken":0,"max_hp_gain":0,"max_hp_loss":0,"event_name":"Colosseum","floor":22,"gold_loss":0},{"damage_healed":0,"gold_gain":0,"player_choice":"Fled From Nobs","damage_taken":0,"max_hp_gain":0,"max_hp_loss":0,"event_name":"Colosseum","floor":22,"gold_loss":0}],"is_beta":false,"boss_relics":[{"not_picked":["Tiny House","Eternal Feather"],"picked":"Ectoplasm"}],"items_purged_floors":[4,13],"is_endless":false,"potions_floor_spawned":[5,11,12,16,21],"killed_by":"Book of Stabbing","ascension_level":20}