{"gold_per_floor":[111,36,36,49,49,49,49,49,49,67,67,81,95,118,118,237,237,230,250,250,263,263,95,119,119,198,198,219,238,279,310,310,429,429,452,452,785,803,817,817,817,835,835,850,152,172,172,188,188,188],"floor_reached":51,"playtime":2036,"items_purged":["Strike_B","Defend_B+1","Defend_B+1"],"score":738,"play_id":"c9c91397-1933-4a8d-afd0-743a4c01e827","local_time":"20190909142650","is_ascension_mode":false,"campfire_choices":[{"data":"Zap","floor":6,"key":"SMITH"},{"data":"Dualcast","floor":8,"key":"SMITH"},{"data":"Conserve Battery","floor":11,"key":"SMITH"},{"data":"Go for the Eyes","floor":15,"key":"SMITH"},{"data":"Defragment","floor":25,"key":"SMITH"},{"data":"Coolheaded","floor":32,"key":"SMITH"},{"data":"Ball Lightning","floor":41,"key":"SMITH"},{"data":"Biased Cognition","floor":47,"key":"SMITH"},{"data":"Melter","floor":49,"key":"SMITH"}],"neow_cost":"NONE","seed_source_timestamp":183402549500700,"circlet_count":0,"master_deck":["Strike_B+1","Strike_B+1","Defend_B+1","Defend_B+1","Zap+1","Dualcast+1","Conserve Battery+1","Go for the Eyes+1","Ball Lightning+1","Biased Cognition+1","Coolheaded+1","Recycle+1","Defragment+1","Conserve Battery+1","Lockon+1","Cold Snap","Electrodynamics","Chaos+1","Ball Lightning","Core Surge","Chill","Melter+1"],"relics":["FrozenCore","Singing Bowl","Enchiridion","Tiny Chest","DataDisk","Red Mask","Lizard Tail","Juzu Bracelet","Question Card","Membership Card","Incense Burner","Lantern"],"potions_floor_usage":[16,18,31,33,44,45,50,50,50],"damage_taken":[{"damage":7,"enemies":"2 Louse","floor":1,"turns":3},{"damage":0,"enemies":"Small Slimes","floor":4,"turns":3},{"damage":2,"enemies":"Jaw Worm","floor":10,"turns":4},{"damage":0,"enemies":"Looter","floor":12,"turns":3},{"damage":2,"enemies":"3 Louse","floor":13,"turns":4},{"damage":21,"enemies":"Exordium Thugs","floor":14,"turns":5},{"damage":23,"enemies":"Slime Boss","floor":16,"turns":8},{"damage":5,"enemies":"2 Thieves","floor":18,"turns":4},{"damage":10,"enemies":"Spheric Guardian","floor":19,"turns":6},{"damage":8,"enemies":"3 Cultists","floor":21,"turns":6},{"damage":12,"enemies":"Snake Plant","floor":24,"turns":4},{"damage":0,"enemies":"Shelled Parasite and Fungi","floor":28,"turns":7},{"damage":8,"enemies":"Cultist and Chosen","floor":29,"turns":6},{"damage":0,"enemies":"Book of Stabbing","floor":30,"turns":7},{"damage":0,"enemies":"Masked Bandits","floor":31,"turns":4},{"damage":35,"enemies":"Collector","floor":33,"turns":9},{"damage":4,"enemies":"3 Darklings","floor":35,"turns":3},{"damage":0,"enemies":"Orb Walker","floor":38,"turns":5},{"damage":0,"enemies":"3 Darklings","floor":39,"turns":3},{"damage":0,"enemies":"Sphere and 2 Shapes","floor":42,"turns":2},{"damage":0,"enemies":"4 Shapes","floor":44,"turns":6},{"damage":1,"enemies":"Transient","floor":46,"turns":5},{"damage":4,"enemies":"Spire Growth","floor":48,"turns":4},{"damage":45,"enemies":"Donu and Deca","floor":50,"turns":9}],"seed_played":"4809377624552326672","potions_obtained":[{"floor":0,"key":"EssenceOfSteel"},{"floor":0,"key":"PowerPotion"},{"floor":0,"key":"EssenceOfSteel"},{"floor":4,"key":"Fire Potion"},{"floor":10,"key":"FairyPotion"},{"floor":16,"key":"SteroidPotion"},{"floor":21,"key":"AttackPotion"},{"floor":24,"key":"Energy Potion"},{"floor":29,"key":"Ancient Potion"},{"floor":31,"key":"GamblersBrew"},{"floor":39,"key":"Strength Potion"}],"is_trial":false,"path_per_floor":["M","$","?","M","?","R","?","R","T","M","R","M","M","M","R","B",null,"M","M","?","M","?","$","M","R","T","?","M","M","E","?","R","B",null,"M","?","?","M","M","?","R","M","T","M","$","M","R","M","R","B",null],"character_chosen":"DEFECT","items_purchased":["Defragment","Membership Card","Incense Burner","Lantern","Core Surge","Chill","Fruit Juice","Melter","Fire Potion"],"campfire_rested":0,"item_purchase_floors":[23,45,45,45,45,45,45,45,45],"current_hp_per_floor":[68,68,73,73,53,53,53,53,53,58,58,65,72,58,58,42,82,84,81,65,64,64,64,59,59,59,59,68,67,76,76,76,48,88,90,90,90,92,94,94,94,94,94,94,99,100,100,98,98,53],"gold":188,"neow_bonus":"THREE_SMALL_POTIONS","is_prod":false,"is_daily":false,"chose_seed":false,"campfire_upgraded":9,"win_rate":0,"timestamp":1568006810,"path_taken":["M","$","?","M","?","R","?","R","T","M","R","M","M","M","R","BOSS","M","M","?","M","?","$","M","R","T","?","M","?","E","?","R","BOSS","M","?","?","M","M","?","R","M","T","M","$","M","R","M","R","BOSS"],"build_version":"2019-07-17","purchased_purges":3,"victory":true,"max_hp_per_floor":[75,75,80,80,80,80,80,80,80,80,80,80,82,82,82,82,82,84,84,84,84,84,84,84,84,84,84,86,86,88,88,88,88,88,90,90,90,92,94,94,94,94,94,94,99,101,101,103,103,103],"card_choices":[{"not_picked":["Compile Driver","Stack","Static Discharge"],"picked":"SKIP","floor":1},{"not_picked":["Gash","Hologram"],"picked":"Self Repair","floor":4},{"not_picked":["Go for the Eyes","Gash"],"picked":"Conserve Battery","floor":10},{"not_picked":["Chill","Conserve Battery"],"picked":"Go for the Eyes","floor":12},{"not_picked":["Rainbow","Redo","Compile Driver"],"picked":"Singing Bowl","floor":13},{"not_picked":["Undo","Go for the Eyes"],"picked":"Ball Lightning","floor":14},{"not_picked":["Creative AI","Multi-Cast"],"picked":"Biased Cognition","floor":16},{"not_picked":["Leap","Rebound","White Noise"],"picked":"Singing Bowl","floor":18},{"not_picked":["Beam Cell","Steam Power"],"picked":"Coolheaded","floor":19},{"not_picked":["Cold Snap","Streamline+1"],"picked":"Recycle+1","floor":21},{"not_picked":["Static Discharge","Lockon+1"],"picked":"Conserve Battery+1","floor":24},{"not_picked":["Double Energy","Beam Cell","Heatsinks"],"picked":"Singing Bowl","floor":28},{"not_picked":["Consume","Gash"],"picked":"Lockon+1","floor":29},{"not_picked":["Beam Cell","Sweeping Beam+1","Rebound"],"picked":"Singing Bowl","floor":30},{"not_picked":["Rebound+1","Recycle+1"],"picked":"Cold Snap","floor":31},{"not_picked":["Echo Form","Hyperbeam"],"picked":"Electrodynamics","floor":33},{"not_picked":["Gash+1","Doom and Gloom+1","Compile Driver+1"],"picked":"Singing Bowl","floor":35},{"not_picked":["Go for the Eyes+1","Beam Cell+1","Recycle"],"picked":"Singing Bowl","floor":38},{"not_picked":["Double Energy","Sweeping Beam","Stack"],"picked":"Singing Bowl","floor":39},{"not_picked":["Beam Cell+1","Tempest"],"picked":"Chaos+1","floor":42},{"not_picked":["Rip and Tear","Turbo+1","Stack+1"],"picked":"Ball Lightning","floor":44},{"not_picked":["Chill","Darkness","Fusion+1","Barrage"],"picked":"Singing Bowl","floor":46},{"not_picked":["Streamline+1","Fission","Gash+1","Aggregate"],"picked":"Singing Bowl","floor":48}],"player_experience":385811,"relics_obtained":[{"floor":9,"key":"Singing Bowl"},{"floor":20,"key":"Enchiridion"},{"floor":26,"key":"Tiny Chest"},{"floor":30,"key":"DataDisk"},{"floor":31,"key":"Red Mask"},{"floor":36,"key":"Juzu Bracelet"},{"floor":43,"key":"Question Card"}],"event_choices":[{"damage_healed":0,"gold_gain":0,"player_choice":"Donut","damage_taken":0,"max_hp_gain":5,"max_hp_loss":0,"event_name":"Big Fish","floor":3,"gold_loss":0},{"damage_healed":0,"gold_gain":0,"player_choice":"Take Damage","damage_taken":20,"relics_obtained":["Golden Idol"],"max_hp_gain":0,"max_hp_loss":0,"event_name":"Golden Idol","floor":5,"gold_loss":0},{"damage_healed":0,"gold_gain":0,"player_choice":"Ignored","damage_taken":0,"max_hp_gain":0,"max_hp_loss":0,"event_name":"Liars Game","floor":7,"gold_loss":0},{"damage_healed":0,"gold_gain":0,"player_choice":"Obtained Book","damage_taken":16,"max_hp_gain":0,"max_hp_loss":0,"event_name":"Cursed Tome","floor":20,"gold_loss":0},{"damage_healed":0,"gold_gain":0,"player_choice":"Simplicity","damage_taken":0,"max_hp_gain":0,"max_hp_loss":0,"event_name":"Back to Basics","floor":22,"gold_loss":0,"cards_upgraded":["Strike_B","Strike_B","Strike_B","Defend_B","Defend_B","Defend_B","Defend_B"]},{"cards_removed":["Strike_B"],"damage_healed":0,"gold_gain":0,"player_choice":"Offered Basic","damage_taken":0,"max_hp_gain":0,"max_hp_loss":0,"event_name":"Bonfire Elementals","floor":27,"gold_loss":0},{"damage_healed":0,"gold_gain":0,"player_choice":"Fought Bandits","damage_taken":0,"max_hp_gain":0,"max_hp_loss":0,"event_name":"Masked Bandits","floor":31,"gold_loss":0},{"damage_healed":0,"gold_gain":0,"player_choice":"Relic","damage_taken":0,"max_hp_gain":0,"max_hp_loss":0,"event_name":"Wheel of Change","floor":36,"gold_loss":0},{"damage_healed":0,"gold_gain":333,"player_choice":"Gave Idol","damage_taken":0,"max_hp_gain":0,"max_hp_loss":0,"event_name":"The Moai Head","floor":37,"relics_lost":["Golden Idol"],"gold_loss":0},{"cards_removed":["Self Repair"],"damage_healed":0,"gold_gain":0,"player_choice":"Removed Power","damage_taken":0,"max_hp_gain":0,"max_hp_loss":0,"event_name":"Falling","floor":40,"gold_loss":0}],"is_beta":false,"boss_relics":[{"not_picked":["Calling Bell","Ectoplasm"],"picked":"FrozenCore"},{"not_picked":["Astrolabe","Orrery"],"picked":"Lizard Tail"}],"items_purged_floors":[2,23,45],"is_endless":false,"potions_floor_spawned":[4,10,12,16,21,24,28,29,31,39],"ascension_level":0}