{"path_per_floor":["M","?","?","M","?","E","M","$","T","M","$","R","?","?","R","B",null,"M","M","M"],"character_chosen":"DEFECT","items_purchased":["Barrage"],"gold_per_floor":[110,110,80,94,94,119,135,6,6,19,19,19,119,119,119,221,221,234,245,258,258],"floor_reached":21,"campfire_rested":1,"playtime":1989,"current_hp_per_floor":[75,75,75,75,80,53,47,47,47,28,28,52,52,52,52,33,80,53,41,23,0],"items_purged":["Strike_B"],"gold":258,"score":179,"play_id":"36061cc9-1995-4310-884c-168db5b0dd8a","local_time":"20180430003309","is_prod":false,"is_daily":false,"chose_seed":false,"is_ascension_mode":false,"campfire_upgraded":1,"timestamp":1525041189,"path_taken":["M","?","?","M","?","E","M","$","T","?","?","R","?","?","R","BOSS","M","M","?","M"],"build_version":"2018-04-27v3","seed_source_timestamp":48530351486884,"purchased_purges":1,"victory":false,"master_deck":["Strike_B","Strike_B","Strike_B","Defend_B","Defend_B","Defend_B","Defend_B","Zap","Dualcast","Cold Snap","Capacitor","Defragment+1","Blizzard","Barrage","Multi-Cast","Prime","Axe Kick","Glacier","Barrage","Hello World","Impulse","Genetic Algorithm","Chill"],"max_hp_per_floor":[75,75,75,75,80,80,80,80,80,80,80,80,80,80,80,80,80,80,80,80,80],"relics":["Cracked Core","Bottled Lightning","Darkstone Periapt","Orrery"],"card_choices":[{"not_picked":["Capacitor","Beam Cell"],"picked":"Cold Snap","floor":1},{"not_picked":["Go for the Eyes","Skim"],"picked":"Capacitor","floor":4},{"not_picked":["Go for the Eyes","Capacitor"],"picked":"Defragment","floor":6},{"not_picked":["Sweeping Beam","Leap"],"picked":"Blizzard","floor":7},{"not_picked":["Sweeping Beam","Defragment"],"picked":"Multi-Cast","floor":10},{"not_picked":["Machine Learning","Redo"],"picked":"Prime","floor":16},{"not_picked":["Sweeping Beam","Steam Power"],"picked":"Axe Kick","floor":17},{"not_picked":["Cold Snap","Capacitor"],"picked":"Glacier","floor":17},{"not_picked":["Buffer","Go for the Eyes"],"picked":"Barrage","floor":17},{"not_picked":["Stack","Streamline"],"picked":"Hello World","floor":17},{"not_picked":["Stack","Beam Cell"],"picked":"Impulse","floor":17},{"not_picked":["All For One","Beam Cell"],"picked":"Genetic Algorithm","floor":18},{"not_picked":["Leap","Skim"],"picked":"Chill","floor":20}],"player_experience":5642,"potions_floor_usage":[6,10,16,16,19],"damage_taken":[{"damage":0,"enemies":"Small Slimes","floor":1,"turns":4},{"damage":0,"enemies":"Cultist","floor":4,"turns":4},{"damage":27,"enemies":"Lagavulin","floor":6,"turns":8},{"damage":6,"enemies":"Jaw Worm","floor":7,"turns":4},{"damage":19,"enemies":"Exordium Thugs","floor":10,"turns":4},{"damage":19,"enemies":"Slime Boss","floor":16,"turns":11},{"damage":27,"enemies":"Spheric Guardian","floor":18,"turns":6},{"damage":12,"enemies":"Shell Parasite","floor":19,"turns":10},{"damage":18,"enemies":"Sentry and Sphere","floor":20,"turns":10},{"damage":23,"enemies":"3 Cultists","floor":21,"turns":5}],"event_choices":[{"event_name":"Liars Game","player_choice":"disagreed","floor":2,"damage_taken":0},{"event_name":"The Woman in Blue","player_choice":"Bought 2 Potions","floor":3,"damage_taken":0},{"event_name":"Big Fish","player_choice":"Donut","floor":5,"damage_taken":0},{"event_name":"Golden Shrine","player_choice":"Pray","floor":13,"damage_taken":0},{"event_name":"The Lab","player_choice":"Got Potions","floor":14,"damage_taken":0}],"boss_relics":[{"not_picked":["Tiny House","Cursed Key"],"picked":"Orrery"}],"potions_floor_spawned":[1,10,18],"seed_played":"-5639397941025970773","killed_by":"3 Cultists","ascension_level":0,"is_trial":false}