{"gold_per_floor":[119,119,134,148,148,148,175,192,238,257,289,306,306,325,325,428,428,439,95,105,119,136,161,161,161,187,218,218,232,260,260],"floor_reached":31,"playtime":2207,"items_purged":["Strike_P"],"score":405,"play_id":"150fcd66-5003-439a-af96-6fbbcd7474a5","local_time":"20190911000612","is_ascension_mode":true,"campfire_choices":[{"data":"MasterReality","floor":6.0,"key":"SMITH"},{"data":"ThirdEye","floor":13.0,"key":"SMITH"},{"data":"Evaluate","floor":15.0,"key":"SMITH"},{"floor":25,"key":"REST"}],"neow_cost":"NONE","seed_source_timestamp":557203699392300,"circlet_count":0,"master_deck":["Strike_P","Strike_P+1","Defend_P","Defend_P","Defend_P","Defend_P","Eruption+1","Vigilance","Consecrate","MasterReality+1","Protect","Wireheading","InnerPeace","Omniscience","ThirdEye+1","Evaluate+1","Unraveling","CutThroughFate+1","Establishment","JustLucky","ThirdEye","TalkToTheHand","Prostrate+1","FearNoEvil","Nirvana","Meditate+1","Protect"],"special_seed":0,"relics":["PureWater","FaceOfCleric","Shuriken","Bag of Preparation","Whetstone","Fusion Hammer","Centennial Puzzle","Yang","Melange","Pear","White Beast Statue"],"potions_floor_usage":[23,23,27,29,30,30,31],"damage_taken":[{"damage":2.0,"enemies":"Jaw Worm","floor":1.0,"turns":5.0},{"damage":5.0,"enemies":"Cultist","floor":3.0,"turns":5.0},{"damage":7.0,"enemies":"Small Slimes","floor":4.0,"turns":3.0},{"damage":21.0,"enemies":"Gremlin Nob","floor":7.0,"turns":4.0},{"damage":1.0,"enemies":"Looter","floor":8.0,"turns":4.0},{"damage":2.0,"enemies":"3 Louse","floor":10.0,"turns":5.0},{"damage":12.0,"enemies":"Lagavulin","floor":11.0,"turns":9.0},{"damage":3.0,"enemies":"Large Slime","floor":12.0,"turns":5.0},{"damage":0.0,"enemies":"Exordium Wildlife","floor":14.0,"turns":3.0},{"damage":12.0,"enemies":"Slime Boss","floor":16.0,"turns":9.0},{"damage":13,"enemies":"Spheric Guardian","floor":18,"turns":5},{"damage":0,"enemies":"Shell Parasite","floor":20,"turns":7},{"damage":0,"enemies":"Centurion and Healer","floor":21,"turns":6},{"damage":7,"enemies":"Snake Plant","floor":22,"turns":8},{"damage":43,"enemies":"Book of Stabbing","floor":23,"turns":9},{"damage":55,"enemies":"Slavers","floor":27,"turns":7},{"damage":12,"enemies":"Shelled Parasite and Fungi","floor":29,"turns":7},{"damage":14,"enemies":"Gremlin Leader","floor":30,"turns":5},{"damage":8,"enemies":"Chosen and Byrds","floor":31,"turns":4}],"seed_played":"-5875074061125785927","potions_obtained":[{"floor":1.0,"key":"Regen Potion"},{"floor":7.0,"key":"SkillPotion"},{"floor":11.0,"key":"Swift Potion"},{"floor":12.0,"key":"Dexterity Potion"},{"floor":16.0,"key":"PowerPotion"},{"floor":23,"key":"Dexterity Potion"},{"floor":27,"key":"FearPotion"},{"floor":28,"key":"SpeedPotion"},{"floor":28,"key":"Dexterity Potion"},{"floor":28,"key":"Weak Potion"},{"floor":30,"key":"SpeedPotion"}],"is_trial":false,"path_per_floor":["M","?","M","M","?","R","E","M","T","M","E","M","R","M","R","B",null,"M","$","M","M","M","E","?","R","T","E","?","M","E","M"],"character_chosen":"WATCHER","items_purchased":["Establishment","JustLucky","Centennial Puzzle"],"campfire_rested":1,"item_purchase_floors":[19,19,19],"current_hp_per_floor":[69,69,64,57,57,57,49,49,49,48,37,35,35,36,36,25,78,66,66,67,68,62,20,47,71,71,27,27,16,3,0],"gold":260,"neow_bonus":"TEN_PERCENT_HP_BONUS","is_prod":false,"is_daily":false,"chose_seed":false,"campfire_upgraded":3,"win_rate":0,"timestamp":1568174772,"path_taken":["M","?","M","?","?","R","E","M","T","?","E","M","R","M","R","BOSS","M","$","?","M","M","E","?","R","T","E","?","M","E","M"],"build_version":"2019-09-10","purchased_purges":1,"victory":false,"max_hp_per_floor":[71,71,71,71,71,71,72,73,73,74,75,76,76,77,77,78,78,79,79,80,81,82,83,83,83,83,94,94,95,96,96],"card_choices":[{"not_picked":["ForeignInfluence","Crescendo"],"picked":"Consecrate","floor":1.0},{"not_picked":["ClearTheMind","WindmillStrike"],"picked":"Protect","floor":3.0},{"not_picked":["Crescendo","Halt"],"picked":"Wireheading","floor":4.0},{"not_picked":["StepAndStrike","FlyingSleeves","CarveReality"],"picked":"SKIP","floor":7.0},{"not_picked":["BowlingBash","Sanctity"],"picked":"InnerPeace","floor":8.0},{"not_picked":["Protect","Weave","Adaptation"],"picked":"SKIP","floor":10.0},{"not_picked":["FollowUp","CutThroughFate"],"picked":"Omniscience","floor":11.0},{"not_picked":["FlyingSleeves","Halt"],"picked":"ThirdEye","floor":12.0},{"not_picked":["Halt","JustLucky"],"picked":"Evaluate","floor":14.0},{"not_picked":["Blasphemy","FlowState"],"picked":"Unraveling","floor":16.0},{"not_picked":["FollowUp","EmptyBody"],"picked":"CutThroughFate+1","floor":18},{"not_picked":["BowlingBash","Consecrate"],"picked":"ThirdEye","floor":20},{"not_picked":["Prostrate","Conclude+1"],"picked":"TalkToTheHand","floor":21},{"not_picked":["EmptyFist+1","StepAndStrike+1"],"picked":"Prostrate+1","floor":22},{"not_picked":["Collect","Conclude+1"],"picked":"FearNoEvil","floor":23},{"not_picked":["CrushJoints","ThirdEye"],"picked":"Nirvana","floor":27},{"not_picked":["EmptyMind+1","Swivel"],"picked":"Meditate+1","floor":29},{"not_picked":["JustLucky","ClearTheMind"],"picked":"Protect","floor":30}],"player_experience":1941069,"relics_obtained":[{"floor":7.0,"key":"Shuriken"},{"floor":9.0,"key":"Bag of Preparation"},{"floor":11.0,"key":"Whetstone"},{"floor":23,"key":"Yang"},{"floor":26,"key":"Melange"},{"floor":27,"key":"Pear"},{"floor":30,"key":"White Beast Statue"}],"event_choices":[{"damage_healed":0.0,"max_hp_gain":0.0,"max_hp_loss":0.0,"gold_gain":0.0,"cards_transformed":["Strike_P"],"event_name":"Transmorgrifier","player_choice":"Transformed","floor":2.0,"gold_loss":0.0,"damage_taken":0.0,"cards_obtained":["MasterReality"]},{"damage_healed":0.0,"max_hp_gain":0.0,"max_hp_loss":0.0,"gold_gain":0.0,"event_name":"FaceTrader","player_choice":"Trade","floor":5.0,"gold_loss":0.0,"damage_taken":0.0,"relics_obtained":["FaceOfCleric"]},{"damage_healed":27,"gold_gain":0,"player_choice":"Heal","damage_taken":0,"max_hp_gain":0,"max_hp_loss":0,"event_name":"The Library","floor":24,"gold_loss":0},{"damage_healed":0,"gold_gain":0,"player_choice":"Got Potions","damage_taken":0,"max_hp_gain":0,"max_hp_loss":0,"event_name":"Lab","floor":28,"gold_loss":0}],"is_beta":true,"boss_relics":[{"not_picked":["Ectoplasm","Tiny House"],"picked":"Fusion Hammer"}],"items_purged_floors":[19],"is_endless":false,"potions_floor_spawned":[1,7,11,12,16,23,27,30],"killed_by":"Chosen and Byrds","ascension_level":3}