{"gold_per_floor":[114,134,309,153,153,153,163,177,177,177,188,188,220,220,220,322,322,337,337,353,21,21,21,47,47,47,65,80,17,17,33,33,128,128,144,144,169,19,37,72,126,126,152,40,40,40,66,82,82,82],"floor_reached":51,"playtime":1796,"items_purged":["Doubt","Strike_B+1","Writhe","Strike_B+1"],"score":726,"play_id":"8aea2802-ac6f-491c-9911-c9a09b1b9f14","local_time":"20190910121135","is_ascension_mode":false,"campfire_choices":[{"data":"Dualcast","floor":6.0,"key":"SMITH"},{"data":"Defragment","floor":10.0,"key":"SMITH"},{"data":"Darkness","floor":15.0,"key":"SMITH"},{"data":"Buffer","floor":23.0,"key":"SMITH"},{"data":"Ball Lightning","floor":30.0,"key":"SMITH"},{"data":"Melter","floor":32,"key":"SMITH"},{"data":"Leap","floor":42,"key":"SMITH"},{"data":"Rainbow","floor":45,"key":"SMITH"},{"data":"Madness","floor":49,"key":"SMITH"}],"neow_cost":"NONE","seed_source_timestamp":261911445049700,"circlet_count":0,"master_deck":["Strike_B+1","Strike_B+1","Defend_B+1","Defend_B+1","Defend_B+1","Defend_B+1","Zap+1","Dualcast+1","Genetic Algorithm","Defragment+1","Go for the Eyes+1","Core Surge","Darkness+1","Buffer+1","Melter+1","Beam Cell+1","Ball Lightning+1","Capacitor+1","Electrodynamics","Rainbow+1","Undo+1","Dramatic Entrance","Leap+1","Hologram+1","Ball Lightning+1","Madness+1","Madness","Defragment","Leap+1"],"special_seed":0,"relics":["Cracked Core","Juzu Bracelet","DataDisk","Letter Opener","Eternal Feather","Membership Card","Bronze Scales","Red Mask","Blue Candle","Kunai","Nuclear Battery","Potion Belt","Bottled Tornado","Pear","Girya","Blood Vial","Regal Pillow"],"potions_floor_usage":[40,47,50,50,50],"damage_taken":[{"damage":2.0,"enemies":"Small Slimes","floor":1.0,"turns":4.0},{"damage":15.0,"enemies":"Jaw Worm","floor":2.0,"turns":5.0},{"damage":0.0,"enemies":"Cultist","floor":7.0,"turns":3.0},{"damage":0.0,"enemies":"Gremlin Gang","floor":8.0,"turns":1.0},{"damage":0.0,"enemies":"2 Fungi Beasts","floor":11.0,"turns":3.0},{"damage":14.0,"enemies":"3 Sentries","floor":13.0,"turns":8.0},{"damage":22.0,"enemies":"Slime Boss","floor":16.0,"turns":10.0},{"damage":22.0,"enemies":"3 Byrds","floor":18.0,"turns":4.0},{"damage":2.0,"enemies":"Spheric Guardian","floor":20.0,"turns":3.0},{"damage":3.0,"enemies":"Masked Bandits","floor":24.0,"turns":4.0},{"damage":1.0,"enemies":"3 Cultists","floor":27.0,"turns":4.0},{"damage":3.0,"enemies":"Shelled Parasite and Fungi","floor":28.0,"turns":4.0},{"damage":8,"enemies":"Centurion and Healer","floor":31,"turns":7},{"damage":14,"enemies":"Automaton","floor":33,"turns":6},{"damage":8,"enemies":"3 Darklings","floor":35,"turns":3},{"damage":0,"enemies":"3 Shapes","floor":39,"turns":2},{"damage":0,"enemies":"Nemesis","floor":40,"turns":5},{"damage":0,"enemies":"2 Orb Walkers","floor":41,"turns":3},{"damage":21,"enemies":"Reptomancer","floor":47,"turns":5},{"damage":12,"enemies":"Writhing Mass","floor":48,"turns":6},{"damage":38,"enemies":"Awakened One","floor":50,"turns":11}],"seed_played":"-5266330532671625814","potions_obtained":[{"floor":2.0,"key":"Explosive Potion"},{"floor":7.0,"key":"SkillPotion"},{"floor":13.0,"key":"Weak Potion"},{"floor":20.0,"key":"SpeedPotion"},{"floor":28.0,"key":"Dexterity Potion"},{"floor":40,"key":"SpeedPotion"}],"is_trial":false,"path_per_floor":["M","M","?","$","?","R","M","M","T","R","M","?","E","?","R","B",null,"M","?","M","$","?","R","?","?","T","M","M","$","R","M","R","B",null,"M","?","T","$","M","E","?","R","T","$","R","?","E","M","R","B",null],"character_chosen":"DEFECT","items_purchased":["Defragment","Membership Card","Bronze Scales","Bottled Tornado","Leap","Ancient Potion"],"campfire_rested":0,"item_purchase_floors":[4,21,21,38,38,44],"current_hp_per_floor":[73,58,58,58,58,58,58,58,58,58,58,58,44,44,44,22,75,53,53,51,51,51,60,57,57,57,56,53,53,62,54,66,52,75,67,67,67,67,67,77,77,85,85,85,85,74,55,45,60,24],"gold":82,"neow_bonus":"RANDOM_COMMON_RELIC","is_prod":false,"is_daily":false,"chose_seed":false,"campfire_upgraded":9,"win_rate":0,"timestamp":1568085095,"path_taken":["M","M","?","$","?","R","M","M","T","R","M","?","E","?","R","BOSS","M","?","M","$","?","R","?","?","T","M","M","$","R","M","R","BOSS","M","?","?","$","M","E","?","R","T","$","R","?","E","M","R","BOSS"],"build_version":"2019-07-17","purchased_purges":4,"victory":true,"max_hp_per_floor":[75,75,75,75,75,75,75,75,75,75,75,75,75,75,75,75,75,75,75,75,75,75,75,75,75,75,75,75,75,75,75,75,75,75,75,75,75,75,75,85,85,85,85,85,85,85,85,85,85,85],"card_choices":[{"not_picked":["Coolheaded","Sunder"],"picked":"Genetic Algorithm","floor":1.0},{"not_picked":["Leap","Rebound","Heatsinks"],"picked":"SKIP","floor":2.0},{"not_picked":["Barrage","Streamline"],"picked":"Go for the Eyes","floor":7.0},{"not_picked":["Darkness","Leap"],"picked":"Core Surge","floor":8.0},{"not_picked":["Go for the Eyes","Force Field","Consume"],"picked":"SKIP","floor":11.0},{"not_picked":["Stack","Seek"],"picked":"Darkness","floor":13.0},{"not_picked":["Core Surge","Thunder Strike"],"picked":"Buffer","floor":16.0},{"not_picked":["Sweeping Beam+1","Gash"],"picked":"Melter","floor":18.0},{"not_picked":["Stack","Static Discharge+1"],"picked":"Beam Cell+1","floor":20.0},{"not_picked":["Redo","Sweeping Beam"],"picked":"Ball Lightning","floor":24.0},{"not_picked":["Barrage","Double Energy","Sunder"],"picked":"SKIP","floor":27.0},{"not_picked":["Steam","Streamline"],"picked":"Capacitor+1","floor":28.0},{"not_picked":["Skim","Beam Cell+1"],"picked":"Electrodynamics","floor":31},{"not_picked":["Seek","Core Surge"],"picked":"Rainbow","floor":33},{"not_picked":["Aggregate+1","Rebound"],"picked":"Undo+1","floor":35},{"not_picked":["Finesse","PanicButton"],"picked":"Dramatic Entrance","floor":36},{"not_picked":["FTL","Double Energy+1"],"picked":"Hologram+1","floor":39},{"not_picked":["Gash","Steam","Barrage"],"picked":"SKIP","floor":40},{"not_picked":["Go for the Eyes+1","Turbo+1"],"picked":"Ball Lightning+1","floor":41},{"not_picked":["Rebound+1","FTL"],"picked":"Defragment","floor":47},{"not_picked":["Hologram+1","Steam+1"],"picked":"Leap+1","floor":48}],"player_experience":405708,"relics_obtained":[{"floor":9.0,"key":"DataDisk"},{"floor":13.0,"key":"Letter Opener"},{"floor":24.0,"key":"Red Mask"},{"floor":26.0,"key":"Kunai"},{"floor":37,"key":"Potion Belt"},{"floor":40,"key":"Pear"},{"floor":41,"key":"Girya"},{"floor":43,"key":"Blood Vial"},{"floor":47,"key":"Regal Pillow"}],"event_choices":[{"damage_healed":0.0,"max_hp_gain":0.0,"max_hp_loss":0.0,"gold_gain":175.0,"event_name":"Liars Game","player_choice":"AGREE","floor":3.0,"gold_loss":0.0,"damage_taken":0.0,"cards_obtained":["Doubt"]},{"damage_healed":0.0,"max_hp_gain":0.0,"max_hp_loss":0.0,"gold_gain":0.0,"event_name":"Upgrade Shrine","player_choice":"Upgraded","floor":5.0,"gold_loss":0.0,"damage_taken":0.0,"cards_upgraded":["Zap"]},{"damage_healed":0.0,"max_hp_gain":0.0,"max_hp_loss":0.0,"gold_gain":0.0,"event_name":"Accursed Blacksmith","player_choice":"Forge","floor":12.0,"gold_loss":0.0,"damage_taken":0.0,"cards_upgraded":["Go for the Eyes"]},{"damage_healed":0.0,"max_hp_gain":0.0,"max_hp_loss":0.0,"gold_gain":0.0,"event_name":"Golden Idol","player_choice":"Ignored","floor":14.0,"gold_loss":0.0,"damage_taken":0.0},{"damage_healed":0.0,"max_hp_gain":0.0,"max_hp_loss":0.0,"gold_gain":0.0,"event_name":"Back to Basics","player_choice":"Simplicity","floor":19.0,"gold_loss":0.0,"damage_taken":0.0,"cards_upgraded":["Strike_B","Strike_B","Strike_B","Strike_B","Defend_B","Defend_B","Defend_B","Defend_B"]},{"damage_healed":0.0,"max_hp_gain":0.0,"max_hp_loss":0.0,"gold_gain":0.0,"event_name":"NoteForYourself","player_choice":"Ignored","floor":22.0,"gold_loss":0.0,"damage_taken":0.0},{"damage_healed":0.0,"max_hp_gain":0.0,"max_hp_loss":0.0,"gold_gain":0.0,"event_name":"Masked Bandits","player_choice":"Fought Bandits","floor":24.0,"gold_loss":0.0,"damage_taken":0.0},{"damage_healed":0.0,"max_hp_gain":0.0,"max_hp_loss":0.0,"gold_gain":0.0,"event_name":"The Mausoleum","player_choice":"Opened","floor":25.0,"gold_loss":0.0,"damage_taken":0.0,"relics_obtained":["Blue Candle"],"cards_obtained":["Writhe"]},{"damage_healed":0,"gold_gain":0,"player_choice":"Memory 1","damage_taken":0,"max_hp_gain":0,"max_hp_loss":0,"event_name":"SensoryStone","floor":36,"gold_loss":0},{"damage_healed":0,"gold_gain":0,"player_choice":"Fight","damage_taken":0,"max_hp_gain":0,"max_hp_loss":0,"event_name":"Mysterious Sphere","floor":41,"gold_loss":0},{"damage_healed":0,"gold_gain":0,"player_choice":"Embrace Madness","damage_taken":11,"max_hp_gain":0,"max_hp_loss":0,"event_name":"Winding Halls","floor":46,"gold_loss":0,"cards_obtained":["Madness","Madness"]}],"is_beta":false,"boss_relics":[{"not_picked":["Snecko Eye","Pandora\u0027s Box"],"picked":"Eternal Feather"},{"not_picked":["Runic Pyramid","Empty Cage"],"picked":"Nuclear Battery"}],"items_purged_floors":[4,21,29,44],"is_endless":false,"potions_floor_spawned":[2,7,13,20,28,33,35,40],"ascension_level":0}