{"gold_per_floor":[113,124,43,59,59,90,104,5,59,234,244,259,259,1,1,104,104,116,129,139,156,166,166],"floor_reached":23,"playtime":780,"items_purged":["Regret"],"score":197,"play_id":"564cb9f4-9eab-4b5d-b76b-c7828f64ef80","local_time":"20181130023435","is_ascension_mode":false,"campfire_choices":[{"data":"Storm","floor":13,"key":"SMITH"},{"data":"Zap","floor":15,"key":"SMITH"}],"neow_cost":"NONE","seed_source_timestamp":1221028723127938,"circlet_count":0,"master_deck":["Strike_B","Strike_B","Strike_B","Strike_B","Defend_B","Defend_B","Defend_B","Defend_B","Zap+1","Dualcast","Forethought","Ball Lightning","Self Repair","Defragment","Chill","Biased Cognition","Capacitor","Conserve Battery","Hologram","Doubt","Storm+1","Conserve Battery","Capacitor","FTL","Glacier","Creative AI","Ball Lightning","Barrage+1","Capacitor+1","Steam Power","Loop"],"relics":["Cracked Core","Gremlin Horn","Regal Pillow","Nuclear Battery"],"potions_floor_usage":[18,22,23,23,23],"damage_taken":[{"damage":1,"enemies":"Cultist","floor":1,"turns":4},{"damage":1,"enemies":"Jaw Worm","floor":2,"turns":3},{"damage":10,"enemies":"Small Slimes","floor":4,"turns":3},{"damage":19,"enemies":"Lagavulin","floor":6,"turns":6},{"damage":7,"enemies":"3 Louse","floor":7,"turns":2},{"damage":0,"enemies":"Looter","floor":11,"turns":4},{"damage":10,"enemies":"2 Fungi Beasts","floor":12,"turns":3},{"damage":20,"enemies":"The Guardian","floor":16,"turns":8},{"damage":15,"enemies":"3 Byrds","floor":18,"turns":4},{"damage":14,"enemies":"Shell Parasite","floor":19,"turns":6},{"damage":15,"enemies":"Snake Plant","floor":20,"turns":4},{"damage":4,"enemies":"Snecko","floor":21,"turns":4},{"damage":1,"enemies":"Cultist and Chosen","floor":22,"turns":4},{"damage":64,"enemies":"Slavers","floor":23,"turns":3}],"seed_played":"8788551337952612727","potions_obtained":[{"floor":1,"key":"Swift Potion"},{"floor":6,"key":"Swift Potion"},{"floor":7,"key":"Fire Potion"},{"floor":16,"key":"Ancient Potion"},{"floor":19,"key":"EssenceOfSteel"},{"floor":22,"key":"LiquidBronze"}],"is_trial":false,"path_per_floor":["M","M","$","M","?","E","M","$","T","?","M","M","R","$","R","B",null,"M","M","M","M","M","E"],"character_chosen":"DEFECT","items_purchased":["Defragment","Conserve Battery","Hologram","Capacitor","FTL","Glacier"],"campfire_rested":0,"item_purchase_floors":[3,8,8,14,14,14],"current_hp_per_floor":[74,73,73,70,70,58,58,58,58,58,65,62,62,62,62,49,75,67,60,52,48,54,0],"gold":166,"neow_bonus":"RANDOM_COLORLESS","is_prod":false,"is_daily":false,"chose_seed":false,"campfire_upgraded":2,"win_rate":0,"timestamp":1543566875,"path_taken":["M","M","$","?","?","E","M","$","T","?","M","M","R","$","R","BOSS","M","M","M","M","M","E"],"build_version":"2018-11-15","purchased_purges":1,"victory":false,"max_hp_per_floor":[75,75,75,75,75,75,75,75,75,75,75,75,75,75,75,75,75,75,75,75,75,75,75],"card_choices":[{"not_picked":["Loop","Coolheaded"],"picked":"Ball Lightning","floor":1},{"not_picked":["Loop","Streamline"],"picked":"Self Repair","floor":2},{"not_picked":["Sweeping Beam","Steam"],"picked":"Chill","floor":4},{"not_picked":["Double Energy","Reinforced Body"],"picked":"Biased Cognition","floor":6},{"not_picked":["Go for the Eyes","Conserve Battery"],"picked":"Capacitor","floor":7},{"not_picked":["Heatsinks","FTL"],"picked":"Storm","floor":11},{"not_picked":["Redo","Go for the Eyes"],"picked":"Conserve Battery","floor":12},{"not_picked":["Multi-Cast","Amplify"],"picked":"Creative AI","floor":16},{"not_picked":["Streamline","Coolheaded"],"picked":"Ball Lightning","floor":18},{"not_picked":["Compile Driver","Stack"],"picked":"Barrage+1","floor":19},{"not_picked":["FTL","Turbo"],"picked":"Capacitor+1","floor":20},{"not_picked":["Leap+1","Sweeping Beam"],"picked":"Steam Power","floor":21},{"not_picked":["Steam+1","Force Field"],"picked":"Loop","floor":22}],"player_experience":298778,"relics_obtained":[{"floor":6,"key":"Regal Pillow"}],"event_choices":[{"damage_healed":0,"gold_gain":0,"player_choice":"Box","damage_taken":0,"relics_obtained":["Gremlin Horn"],"max_hp_gain":0,"max_hp_loss":0,"event_name":"Big Fish","floor":5,"gold_loss":0,"cards_obtained":["Regret"]},{"damage_healed":0,"gold_gain":175,"player_choice":"AGREE","damage_taken":0,"max_hp_gain":0,"max_hp_loss":0,"event_name":"Liars Game","floor":10,"gold_loss":0,"cards_obtained":["Doubt"]}],"is_beta":true,"boss_relics":[{"not_picked":["Fusion Hammer","Astrolabe"],"picked":"Nuclear Battery"}],"items_purged_floors":[14],"is_endless":false,"potions_floor_spawned":[1,6,7,16,19,20,22],"killed_by":"Slavers","ascension_level":0}