{"gold_per_floor":[119,119,30,30,49,83,83,103,127,153,3,18,18,18,18,115,115,132,146,146,159,171,203,222,237,264,279,44,59,72,101,101,203,203,213,225,225,17,17,17,52,68,68,85,102,102,11,28,28,28],"floor_reached":50,"playtime":3932,"items_purged":[],"score":578,"play_id":"d79f25b0-62cc-46d0-80db-f01c6282c71a","local_time":"20190620210802","is_ascension_mode":false,"campfire_choices":[{"data":"animator:Alexander","floor":7,"key":"SMITH"},{"data":"animator:Ain","floor":13,"key":"SMITH"},{"data":"animator:Alexander","floor":15,"key":"SMITH"},{"data":"animator:Hitei","floor":32,"key":"SMITH"},{"data":"animator:AcuraShin","floor":40,"key":"SMITH"},{"floor":49,"key":"RECALL"}],"neow_cost":"NONE","seed_source_timestamp":971054780550972,"circlet_count":0,"master_deck":["animator:Strike_Fate","animator:RinTohsaka","animator:Alexander+1","animator:Lancer","animator:Defend_Konosuba+1","animator:Defend_Overlord","animator:Strike_HitsugiNoChaika","animator:Strike_Elsword+1","animator:Ain+1","animator:RinTohsaka","animator:Hitei+1","animator:Alexander+1","animator:AcuraShin+1","animator:Archer","animator:Alexander","animator:Entoma+2","animator:Chung","animator:Emonzaemon","animator:YunYun","animator:Souei+1","animator:Albedo","animator:Kaijin","animator:Sloth","animator:Alexander","animator:MetalKnight","animator:Eve","animator:Biyorigo","animator:Konayuki+1","animator:ChaikaBohdan","animator:Hibiki","animator:Kaijin","animator:Arpeggio","Bandage Up","animator:Alexander","animator:Darkness+1","animator:Archer","animator:Ainz","Enlightenment","animator:Archer+1"],"relics":["animator:PurgingStone_Cards","animator:TheMissingPiece","White Beast Statue","Meat on the Bone","Blood Vial","Orichalcum","Sozu","animator:Hoodie","Bird Faced Urn","Shuriken","animator:WornHelmet","Nunchaku","Philosopher\u0027s Stone","Pantograph","Gambling Chip"],"potions_floor_usage":[6,6,16,44,44,44],"damage_taken":[{"damage":6,"enemies":"Jaw Worm","floor":1,"turns":3},{"damage":1,"enemies":"Small Slimes","floor":5,"turns":3},{"damage":25,"enemies":"Gremlin Nob","floor":6,"turns":5},{"damage":0,"enemies":"2 Louse","floor":8,"turns":2},{"damage":13,"enemies":"Lagavulin","floor":10,"turns":6},{"damage":2,"enemies":"Large Slime","floor":12,"turns":5},{"damage":2,"enemies":"Slime Boss","floor":16,"turns":6},{"damage":7,"enemies":"Spheric Guardian","floor":18,"turns":4},{"damage":15,"enemies":"2 Thieves","floor":19,"turns":3},{"damage":15,"enemies":"Snake Plant","floor":21,"turns":4},{"damage":11,"enemies":"3 Cultists","floor":22,"turns":4},{"damage":30,"enemies":"Book of Stabbing","floor":23,"turns":5},{"damage":0,"enemies":"Snecko","floor":24,"turns":4},{"damage":15,"enemies":"Snake Plant","floor":25,"turns":4},{"damage":20,"enemies":"Centurion and Healer","floor":27,"turns":5},{"damage":3,"enemies":"Snecko","floor":29,"turns":4},{"damage":10,"enemies":"Cultist and Chosen","floor":30,"turns":4},{"damage":17,"enemies":"Slavers","floor":31,"turns":3},{"damage":34,"enemies":"Automaton","floor":33,"turns":10},{"damage":29,"enemies":"3 Darklings","floor":35,"turns":4},{"damage":24,"enemies":"Orb Walker","floor":36,"turns":4},{"damage":35,"enemies":"Giant Head","floor":41,"turns":7},{"damage":34,"enemies":"Jaw Worm Horde","floor":42,"turns":4},{"damage":27,"enemies":"4 Shapes","floor":44,"turns":3},{"damage":27,"enemies":"Sphere and 2 Shapes","floor":45,"turns":6},{"damage":23,"enemies":"Spire Growth","floor":48,"turns":4},{"damage":78,"enemies":"Time Eater","floor":50,"turns":6}],"seed_played":"-74158438451114495","potions_obtained":[{"floor":1,"key":"AttackPotion"},{"floor":5,"key":"PowerPotion"},{"floor":6,"key":"Fire Potion"},{"floor":8,"key":"SkillPotion"},{"floor":10,"key":"SpeedPotion"},{"floor":16,"key":"EssenceOfSteel"}],"is_trial":false,"path_per_floor":["M","?","?","?","M","E","R","M","T","E","$","M","R","?","R","B",null,"M","M","?","M","M","E","M","M","T","M","$","M","M","E","R","B",null,"M","M","?","$","?","R","E","M","T","M","M","?","$","M","R","B"],"character_chosen":"THE_ANIMATOR","items_purchased":["Orichalcum","animator:Albedo","animator:Kaijin","animator:Sloth","animator:Kaijin","animator:Arpeggio","Bandage Up","Enlightenment"],"campfire_rested":0,"item_purchase_floors":[11,28,28,28,38,38,38,47],"current_hp_per_floor":[66,59,59,45,46,23,23,35,35,36,36,38,38,38,38,40,72,66,55,55,42,49,35,46,49,49,51,51,52,50,49,49,37,79,54,42,42,42,42,42,39,27,27,24,25,25,25,32,32,0],"gold":28,"neow_bonus":"BOSS_RELIC","is_prod":false,"is_daily":false,"chose_seed":false,"campfire_upgraded":5,"win_rate":0.0,"timestamp":1561079282,"path_taken":["M","?","?","?","M","E","R","M","T","E","$","M","R","?","R","BOSS","M","M","?","M","M","E","M","M","T","M","$","M","M","E","R","BOSS","M","M","?","$","?","R","E","?","T","M","M","?","?","M","R","BOSS"],"build_version":"2019-01-23","purchased_purges":0,"victory":false,"max_hp_per_floor":[72,72,72,72,72,72,72,72,72,72,72,72,72,72,72,72,72,72,72,72,72,74,74,77,77,77,79,79,79,79,79,79,79,79,79,79,79,79,79,79,79,79,79,79,79,79,79,79,79,79],"card_choices":[{"not_picked":["animator:Kuribayashi","animator:AcuraTooru"],"picked":"animator:Lancer","floor":1},{"not_picked":["animator:HighElfArcher","animator:DolaRiku","animator:Shalltear"],"picked":"SKIP","floor":5},{"not_picked":["animator:Aqua","animator:Souei"],"picked":"animator:Ain","floor":6},{"not_picked":["animator:Caster","animator:EmiyaShirou"],"picked":"animator:RinTohsaka","floor":8},{"not_picked":["animator:EmiyaShirou","animator:Hakurou"],"picked":"animator:Hitei","floor":10},{"not_picked":["animator:LizardPriest","animator:Sloth"],"picked":"animator:Alexander","floor":12},{"not_picked":["animator:Sora","animator:ItamiYouji"],"picked":"animator:AcuraShin","floor":16},{"not_picked":["animator:Illya","animator:Alexander+1"],"picked":"animator:Archer","floor":18},{"not_picked":["animator:Genos","animator:Chung"],"picked":"animator:Alexander","floor":19},{"not_picked":["animator:Bozes+1","animator:Kaijin"],"picked":"animator:Entoma","floor":21},{"not_picked":["animator:Vanir+1","animator:Priestess"],"picked":"animator:Chung","floor":22},{"not_picked":["animator:ZankiKiguchi+1","animator:Konayuki"],"picked":"animator:Emonzaemon","floor":23},{"not_picked":["animator:Sebas","animator:EmiyaShirou"],"picked":"animator:YunYun","floor":24},{"not_picked":["animator:Yuuichirou","animator:ChlammyZell","animator:Millim+1"],"picked":"SKIP","floor":25},{"not_picked":["animator:YunYun","animator:Guy"],"picked":"animator:Souei+1","floor":27},{"not_picked":["animator:Berserker","animator:RinTohsaka"],"picked":"animator:Alexander","floor":29},{"not_picked":["animator:MumenRider+1","animator:HiiragiShinya"],"picked":"animator:MetalKnight","floor":30},{"not_picked":["animator:Witch","animator:Spearman"],"picked":"animator:Eve","floor":31},{"not_picked":["animator:SwordMaiden","animator:Albedo"],"picked":"animator:Biyorigo","floor":33},{"not_picked":["animator:Azekura","animator:Emonzaemon"],"picked":"animator:Konayuki+1","floor":35},{"not_picked":["animator:Azekura","animator:Layla"],"picked":"animator:ChaikaBohdan","floor":36},{"not_picked":["Violence","animator:Kuroyukihime"],"picked":"animator:Hibiki","floor":37},{"not_picked":["animator:Ara","animator:Azekura"],"picked":"animator:Alexander","floor":41},{"not_picked":["animator:Azekura","animator:Mitsurugi+1"],"picked":"animator:Darkness+1","floor":42},{"not_picked":["animator:RinTohsaka+1","animator:EmiyaShirou"],"picked":"animator:Archer","floor":44},{"not_picked":["animator:Berserker","animator:Azekura"],"picked":"animator:Ainz","floor":45},{"not_picked":["animator:Darkness","animator:SilverFang"],"picked":"animator:Archer+1","floor":48}],"player_experience":490249,"relics_obtained":[{"floor":6,"key":"Meat on the Bone"},{"floor":10,"key":"Blood Vial"},{"floor":23,"key":"Bird Faced Urn"},{"floor":23,"key":"Shuriken"},{"floor":26,"key":"animator:WornHelmet"},{"floor":31,"key":"Nunchaku"},{"floor":41,"key":"Pantograph"},{"floor":43,"key":"Gambling Chip"}],"event_choices":[{"cards_removed":["animator:Strike"],"damage_healed":0,"gold_gain":0,"player_choice":"Card Removal","damage_taken":7,"max_hp_gain":0,"max_hp_loss":0,"event_name":"Golden Wing","floor":2,"gold_loss":0},{"damage_healed":0,"gold_gain":0,"player_choice":"Entered Light","damage_taken":14,"max_hp_gain":0,"max_hp_loss":0,"event_name":"Shining Light","floor":4,"gold_loss":0,"cards_upgraded":["animator:Strike_Elsword","animator:Defend_Konosuba"]},{"damage_healed":0,"gold_gain":0,"player_choice":"Leave","damage_taken":0,"max_hp_gain":0,"max_hp_loss":0,"event_name":"The Cleric","floor":14,"gold_loss":0},{"damage_healed":0,"gold_gain":0,"player_choice":"Opened","damage_taken":0,"relics_obtained":["animator:Hoodie"],"max_hp_gain":0,"max_hp_loss":0,"event_name":"The Mausoleum","floor":20,"gold_loss":0},{"damage_healed":0,"gold_gain":0,"player_choice":"Memory 1","damage_taken":0,"max_hp_gain":0,"max_hp_loss":0,"event_name":"SensoryStone","floor":37,"gold_loss":0},{"cards_removed":["animator:Defend_Fate"],"damage_healed":0,"gold_gain":0,"player_choice":"Purged","damage_taken":0,"max_hp_gain":0,"max_hp_loss":0,"event_name":"Purifier","floor":39,"gold_loss":0},{"cards_removed":["animator:Defend_GATE"],"damage_healed":0,"gold_gain":0,"player_choice":"Removed Skill","damage_taken":0,"max_hp_gain":0,"max_hp_loss":0,"event_name":"Falling","floor":46,"gold_loss":0}],"is_beta":false,"boss_relics":[{"not_picked":["animator:CursedBlade","Tiny House"],"picked":"Sozu"},{"not_picked":["Velvet Choker","Empty Cage"],"picked":"Philosopher\u0027s Stone"}],"items_purged_floors":[],"is_endless":false,"potions_floor_spawned":[1,5,6,8,10,12,16,18,19,21,22,23,24,25,27,29,30,31,33,35,36,41,42,44,45,48],"killed_by":"Time Eater","ascension_level":0}