{"gold_per_floor":[113,130,205,205,215,215,8,23,49,49,64,79,4,37,37,141,141,157,157,157,4,103,103,123,123],"floor_reached":25,"playtime":649,"items_purged":["Pain"],"score":201,"play_id":"05a071af-7140-4cad-948c-f89b5ea17dd6","local_time":"20181130025656","is_ascension_mode":false,"campfire_choices":[{"data":"Seek","floor":6,"key":"SMITH"},{"floor":15,"key":"REST"},{"data":"Defragment","floor":23,"key":"SMITH"}],"neow_cost":"NONE","seed_source_timestamp":1222502389221008,"circlet_count":0,"master_deck":["Strike_B","Strike_B","Strike_B","Defend_B","Defend_B","Defend_B","Defend_B","Zap","Dualcast","Seek+1","Loop","Ball Lightning","Ball Lightning","Beam Cell","Defragment+1","Hologram","Electrodynamics","Sweeping Beam+1","Go for the Eyes"],"relics":["Cracked Core","Membership Card","Anchor","WarpedTongs","Potion Belt","Inserter","Darkstone Periapt","Mummified Hand"],"potions_floor_usage":[8,14,24,25],"damage_taken":[{"damage":0,"enemies":"Cultist","floor":1,"turns":4},{"damage":11,"enemies":"Small Slimes","floor":2,"turns":3},{"damage":6,"enemies":"Jaw Worm","floor":5,"turns":3},{"damage":0,"enemies":"Gremlin Gang","floor":8,"turns":3},{"damage":0,"enemies":"Blue Slaver","floor":11,"turns":2},{"damage":3,"enemies":"Exordium Thugs","floor":12,"turns":3},{"damage":14,"enemies":"Lagavulin","floor":14,"turns":4},{"damage":36,"enemies":"Hexaghost","floor":16,"turns":6},{"damage":24,"enemies":"Spheric Guardian","floor":18,"turns":4},{"damage":18,"enemies":"Colosseum Slavers","floor":19,"turns":3},{"damage":14,"enemies":"Shell Parasite","floor":24,"turns":4},{"damage":22,"enemies":"Snecko","floor":25,"turns":3}],"seed_played":"-270997930166127676","potions_obtained":[{"floor":2,"key":"Fire Potion"},{"floor":5,"key":"Block Potion"},{"floor":12,"key":"SteroidPotion"},{"floor":16,"key":"SkillPotion"}],"is_trial":false,"path_per_floor":["M","M","?","?","M","R","$","M","T","?","M","M","$","E","R","B",null,"M","?","?","$","?","R","M","M"],"character_chosen":"DEFECT","items_purchased":["Membership Card","Defragment","Mummified Hand","Fire Potion"],"campfire_rested":1,"item_purchase_floors":[7,13,21,21],"current_hp_per_floor":[75,64,53,53,47,47,47,47,47,47,47,44,44,30,52,16,75,51,33,33,33,33,33,19,0],"gold":123,"neow_bonus":"ONE_RANDOM_RARE_CARD","is_prod":false,"is_daily":false,"chose_seed":false,"campfire_upgraded":2,"win_rate":0,"timestamp":1543568216,"path_taken":["M","?","?","?","M","R","$","?","T","?","M","M","$","E","R","BOSS","M","?","?","$","?","R","M","M"],"build_version":"2018-11-15","purchased_purges":1,"victory":false,"max_hp_per_floor":[75,75,75,75,75,75,75,75,75,75,75,75,75,75,75,75,75,75,75,75,75,75,75,75,75],"card_choices":[{"not_picked":["Go for the Eyes","Recycle"],"picked":"Loop","floor":1},{"not_picked":["Reprogram","Turbo","Barrage"],"picked":"SKIP","floor":2},{"not_picked":["Stack","Barrage"],"picked":"Ball Lightning","floor":5},{"not_picked":["Scrape","FTL"],"picked":"Ball Lightning","floor":8},{"not_picked":["Glacier","Barrage","Skim"],"picked":"SKIP","floor":11},{"not_picked":["Turbo","Stack"],"picked":"Beam Cell","floor":12},{"not_picked":["Skim","Reprogram"],"picked":"Hologram","floor":14},{"not_picked":["Seek","Multi-Cast"],"picked":"Electrodynamics","floor":16},{"not_picked":["Redo","Lockon"],"picked":"Sweeping Beam+1","floor":18},{"not_picked":["Stack","Ball Lightning"],"picked":"Go for the Eyes","floor":24}],"player_experience":300229,"relics_obtained":[{"floor":9,"key":"Anchor"},{"floor":14,"key":"Potion Belt"}],"event_choices":[{"damage_healed":0,"gold_gain":75,"player_choice":"Gather Gold","damage_taken":11,"max_hp_gain":0,"max_hp_loss":0,"event_name":"World of Goop","floor":3,"gold_loss":0},{"cards_removed":["Strike_B"],"damage_healed":0,"gold_gain":0,"player_choice":"Offered Basic","damage_taken":0,"max_hp_gain":0,"max_hp_loss":0,"event_name":"Bonfire Elementals","floor":4,"gold_loss":0},{"damage_healed":0,"gold_gain":0,"player_choice":"Rummage","damage_taken":0,"relics_obtained":["WarpedTongs"],"max_hp_gain":0,"max_hp_loss":0,"event_name":"Accursed Blacksmith","floor":10,"gold_loss":0,"cards_obtained":["Pain"]},{"damage_healed":0,"gold_gain":0,"player_choice":"Fight","damage_taken":0,"max_hp_gain":0,"max_hp_loss":0,"event_name":"Colosseum","floor":19,"gold_loss":0},{"damage_healed":0,"gold_gain":0,"player_choice":"Fled From Nobs","damage_taken":0,"max_hp_gain":0,"max_hp_loss":0,"event_name":"Colosseum","floor":19,"gold_loss":0},{"damage_healed":0,"gold_gain":0,"player_choice":"Opened","damage_taken":0,"relics_obtained":["Darkstone Periapt"],"max_hp_gain":0,"max_hp_loss":0,"event_name":"The Mausoleum","floor":20,"gold_loss":0},{"damage_healed":0,"gold_gain":99,"player_choice":"Stole From Cult","damage_taken":0,"max_hp_gain":0,"max_hp_loss":0,"event_name":"Nest","floor":22,"gold_loss":0}],"is_beta":true,"boss_relics":[{"not_picked":["Coffee Dripper","Busted Crown"],"picked":"Inserter"}],"items_purged_floors":[13],"is_endless":false,"potions_floor_spawned":[2,5,12,16,19],"killed_by":"Snecko","ascension_level":0}