{"gold_per_floor":[119,119,44,44,44,71,88,121,157,169,191,203,215,242,254,266],"floor_reached":16,"playtime":674,"items_purged":["Strike_R"],"score":108,"play_id":"c37c1705-77a4-40fa-aa02-1e852b4cd541","local_time":"20190204195046","is_ascension_mode":false,"campfire_choices":[{"data":"Body Slam","floor":10,"key":"SMITH"},{"data":"Bash","floor":13,"key":"SMITH"},{"data":"Metallicize","floor":15,"key":"SMITH"}],"neow_cost":"NONE","seed_source_timestamp":641539448601177,"circlet_count":0,"master_deck":["Strike_R","Strike_R","Strike_R","Defend_R","Defend_R","Defend_R","Bash+1","Metallicize+1","Feed","Body Slam+1","Ghostly Armor","Burning Pact","Inflame"],"relics":["Burning Blood","Art of War","Happy Flower","MawBank","Potion Belt"],"potions_floor_usage":[6,6,8,16,16],"damage_taken":[{"damage":4,"enemies":"2 Louse","floor":1,"turns":4},{"damage":37,"enemies":"Lagavulin","floor":6,"turns":9},{"damage":5,"enemies":"Small Slimes","floor":7,"turns":4},{"damage":18,"enemies":"Gremlin Nob","floor":8,"turns":5},{"damage":4,"enemies":"Cultist","floor":11,"turns":5},{"damage":0,"enemies":"Looter","floor":14,"turns":4},{"damage":54,"enemies":"Hexaghost","floor":16,"turns":14}],"seed_played":"-8543131251285712230","potions_obtained":[{"floor":0,"key":"Swift Potion"},{"floor":0,"key":"Weak Potion"},{"floor":0,"key":"SteroidPotion"},{"floor":6,"key":"Dexterity Potion"},{"floor":7,"key":"SpeedPotion"},{"floor":11,"key":"SkillPotion"}],"is_trial":false,"path_per_floor":["M","?","$","?","$","E","M","E","T","R","M","?","R","M","R","B"],"character_chosen":"IRONCLAD","items_purchased":[],"campfire_rested":0,"item_purchase_floors":[],"current_hp_per_floor":[80,77,77,77,77,46,50,38,38,38,43,43,43,52,52,0],"gold":266,"neow_bonus":"THREE_SMALL_POTIONS","is_prod":false,"is_daily":false,"chose_seed":false,"campfire_upgraded":3,"win_rate":0,"timestamp":1549277446,"path_taken":["M","?","$","?","$","E","M","E","T","R","?","?","R","M","R","BOSS"],"build_version":"2019-01-23","purchased_purges":1,"victory":false,"max_hp_per_floor":[80,80,80,80,80,80,83,83,83,83,86,86,86,89,89,89],"card_choices":[{"not_picked":["Anger","Clash"],"picked":"Metallicize","floor":1},{"not_picked":["Shrug It Off","Warcry"],"picked":"Feed","floor":6},{"not_picked":["Anger","Iron Wave"],"picked":"Body Slam","floor":7},{"not_picked":["Armaments","Rampage"],"picked":"Ghostly Armor","floor":8},{"not_picked":["Heavy Blade","Anger"],"picked":"Burning Pact","floor":11},{"not_picked":["Perfected Strike","Iron Wave"],"picked":"Inflame","floor":14}],"player_experience":136819,"relics_obtained":[{"floor":6,"key":"Happy Flower"},{"floor":8,"key":"MawBank"},{"floor":9,"key":"Potion Belt"}],"event_choices":[{"damage_healed":0,"gold_gain":0,"player_choice":"Success","damage_taken":3,"relics_obtained":["Art of War"],"max_hp_gain":0,"max_hp_loss":0,"event_name":"Scrap Ooze","floor":2,"gold_loss":0},{"cards_removed":["Defend_R"],"damage_healed":0,"gold_gain":0,"player_choice":"Purged","damage_taken":0,"max_hp_gain":0,"max_hp_loss":0,"event_name":"Purifier","floor":4,"gold_loss":0},{"cards_removed":["Strike_R"],"damage_healed":0,"gold_gain":0,"player_choice":"Offered Basic","damage_taken":0,"max_hp_gain":0,"max_hp_loss":0,"event_name":"Bonfire Elementals","floor":12,"gold_loss":0}],"is_beta":false,"boss_relics":[],"items_purged_floors":[3],"is_endless":false,"potions_floor_spawned":[6,7,11],"killed_by":"Hexaghost","ascension_level":0}