{"gold_per_floor":[117,117,117,129,147,178,178,207,254,254,254,204,204,48,48,48],"floor_reached":16,"playtime":536,"items_purged":[],"score":136,"play_id":"d0eb8eb2-ed89-4e22-97b0-15fff15ec400","local_time":"20190909195747","is_ascension_mode":true,"campfire_choices":[{"floor":7,"key":"REST"},{"floor":11,"key":"REST"},{"data":"ThirdEye","floor":13,"key":"SMITH"},{"data":"Eruption","floor":15,"key":"SMITH"}],"neow_cost":"PERCENT_DAMAGE","seed_source_timestamp":457591086735800,"circlet_count":0,"master_deck":["Strike_P","Strike_P","Strike_P","Defend_P","Defend_P","Defend_P","Defend_P","Eruption+1","Vigilance","FearNoEvil","ThirdEye+1","EmptyFist"],"relics":["PureWater","Singing Bowl","Bag of Preparation","Lantern","OrangePellets"],"potions_floor_usage":[6,6,16],"damage_taken":[{"damage":5,"enemies":"2 Louse","floor":1,"turns":4},{"damage":5,"enemies":"Small Slimes","floor":4,"turns":4},{"damage":6,"enemies":"Jaw Worm","floor":5,"turns":3},{"damage":42,"enemies":"Lagavulin","floor":6,"turns":7},{"damage":23,"enemies":"Gremlin Nob","floor":8,"turns":4},{"damage":27,"enemies":"Hexaghost","floor":16,"turns":9}],"seed_played":"-5195193611248290271","potions_obtained":[{"floor":1,"key":"Swift Potion"},{"floor":5,"key":"SteroidPotion"},{"floor":8,"key":"Swift Potion"}],"is_trial":false,"path_per_floor":["M","?","?","M","M","E","R","E","T","?","R","?","R","$","R","B"],"character_chosen":"WATCHER","items_purchased":["OrangePellets"],"campfire_rested":2,"item_purchase_floors":[14],"current_hp_per_floor":[54,59,59,54,48,6,30,9,9,2,27,27,27,27,27,0],"gold":48,"neow_bonus":"TWENTY_PERCENT_HP_BONUS","is_prod":false,"is_daily":false,"chose_seed":false,"campfire_upgraded":2,"win_rate":0,"timestamp":1568073467,"path_taken":["M","?","?","M","M","E","R","E","T","?","R","?","R","$","R","BOSS"],"build_version":"2019-09-09","purchased_purges":0,"victory":false,"max_hp_per_floor":[77,82,82,82,82,82,82,84,84,84,84,84,84,84,84,84],"card_choices":[{"not_picked":["Fasting","CrushJoints","Scrawl"],"picked":"SKIP","floor":1},{"not_picked":["CutThroughFate","CleanseEvil"],"picked":"FearNoEvil","floor":4},{"not_picked":["CleanseEvil","Weave"],"picked":"ThirdEye","floor":5},{"not_picked":["Sanctity","BowlingBash"],"picked":"EmptyFist","floor":6},{"not_picked":["FollowUp","Halt","Sanctity"],"picked":"Singing Bowl","floor":8}],"player_experience":1911739,"relics_obtained":[{"floor":6,"key":"Singing Bowl"},{"floor":8,"key":"Bag of Preparation"}],"event_choices":[{"damage_healed":0,"gold_gain":0,"player_choice":"Donut","damage_taken":0,"max_hp_gain":5,"max_hp_loss":0,"event_name":"Big Fish","floor":2,"gold_loss":0},{"damage_healed":0,"gold_gain":0,"player_choice":"Ignored","damage_taken":0,"max_hp_gain":0,"max_hp_loss":0,"event_name":"Liars Game","floor":3,"gold_loss":0},{"damage_healed":0,"gold_gain":0,"player_choice":"Success","damage_taken":7,"relics_obtained":["Lantern"],"max_hp_gain":0,"max_hp_loss":0,"event_name":"Scrap Ooze","floor":10,"gold_loss":0},{"cards_removed":["Strike_P"],"damage_healed":0,"gold_gain":0,"player_choice":"Card Removal","damage_taken":0,"max_hp_gain":0,"max_hp_loss":0,"event_name":"The Cleric","floor":12,"gold_loss":50}],"is_beta":true,"boss_relics":[],"items_purged_floors":[],"is_endless":false,"potions_floor_spawned":[1,5,8],"killed_by":"Hexaghost","ascension_level":1}