{"gold_per_floor":[118,118,118,143,143,143,163,53,103,144,44,44,59,77,77,205,205,230,230,35,59,59,59,59,59,85,85,110,110,130,255,255,386,386,402,402,402,420,440,478,498,162,162,162,195,246,37,61,61,61,61,61,27,60,60],"floor_reached":55,"playtime":6405,"items_purged":["Defend_B","Strike_B","Defend_B","Pain","Clumsy"],"score":823,"play_id":"f6c485ae-0502-4709-b9c7-e6741bdd6a0b","local_time":"20190203210714","is_ascension_mode":false,"campfire_choices":[{"data":"Zap","floor":6.0,"key":"SMITH"},{"data":"Dualcast","floor":12.0,"key":"SMITH"},{"data":"Buffer","floor":15.0,"key":"SMITH"},{"data":"Defragment","floor":23.0,"key":"SMITH"},{"data":"Coolheaded","floor":25.0,"key":"SMITH"},{"data":"Capacitor","floor":27.0,"key":"SMITH"},{"data":"Force Field","floor":29.0,"key":"SMITH"},{"data":"Glacier","floor":32.0,"key":"SMITH"},{"data":"Amplify","floor":44.0,"key":"SMITH"},{"floor":49.0,"key":"RECALL"},{"data":"Fission","floor":52.0,"key":"SMITH"}],"neow_cost":"NONE","seed_source_timestamp":0,"circlet_count":0,"master_deck":["Strike_B","Defend_B","Zap+1","Dualcast+1","Buffer+1","Go for the Eyes","Leap","Genetic Algorithm+1","Defragment+1","Amplify+1","BootSequence","Biased Cognition","Self Repair+1","Coolheaded+1","Fission+1","Capacitor+1","Rebound","Force Field+1","Glacier+1","Coolheaded","Creative AI+1","Conserve Battery+1","Double Energy","Electrodynamics","Defragment","Capacitor","Double Energy","Aggregate+1","Double Energy","Buffer","Defragment","Reprogram+1"],"special_seed":0,"relics":["Cracked Core","Golden Idol","Omamori","Ice Cream","Sozu","Pocketwatch","Enchiridion","Strawberry","Girya","Pear","Calling Bell","Happy Flower","Darkstone Periapt","Thread and Needle","Potion Belt","Oddly Smooth Stone","War Paint","Mercury Hourglass"],"potions_floor_usage":[],"damage_taken":[{"damage":0.0,"enemies":"2 Louse","floor":1.0,"turns":2.0},{"damage":1.0,"enemies":"Jaw Worm","floor":4.0,"turns":4.0},{"damage":2.0,"enemies":"Small Slimes","floor":7.0,"turns":3.0},{"damage":11.0,"enemies":"Lagavulin","floor":10.0,"turns":9.0},{"damage":0.0,"enemies":"Looter","floor":13.0,"turns":3.0},{"damage":0.0,"enemies":"2 Fungi Beasts","floor":14.0,"turns":4.0},{"damage":27.0,"enemies":"The Guardian","floor":16.0,"turns":15.0},{"damage":25.0,"enemies":"3 Byrds","floor":18.0,"turns":5.0},{"damage":0.0,"enemies":"Chosen","floor":21.0,"turns":7.0},{"damage":14.0,"enemies":"Snecko","floor":28.0,"turns":6.0},{"damage":25.0,"enemies":"Snake Plant","floor":30.0,"turns":6.0},{"damage":1.0,"enemies":"Colosseum Slavers","floor":31.0,"turns":4.0},{"damage":21.0,"enemies":"Colosseum Nobs","floor":31.0,"turns":8.0},{"damage":0.0,"enemies":"Automaton","floor":33.0,"turns":16.0},{"damage":46.0,"enemies":"3 Darklings","floor":35.0,"turns":4.0},{"damage":0.0,"enemies":"3 Shapes","floor":38.0,"turns":8.0},{"damage":15.0,"enemies":"3 Darklings","floor":39.0,"turns":5.0},{"damage":10.0,"enemies":"Reptomancer","floor":40.0,"turns":8.0},{"damage":0.0,"enemies":"Maw","floor":41.0,"turns":13.0},{"damage":0.0,"enemies":"Nemesis","floor":45.0,"turns":7.0},{"damage":0.0,"enemies":"Sphere and 2 Shapes","floor":48.0,"turns":3.0},{"damage":0.0,"enemies":"Donu and Deca","floor":50.0,"turns":8.0},{"damage":37.0,"enemies":"Shield and Spear","floor":54.0,"turns":7.0},{"damage":71,"enemies":"The Heart","floor":55,"turns":9}],"seed_played":"-1620631882274517908","potions_obtained":[{"floor":1.0,"key":"Block Potion"},{"floor":7.0,"key":"Fruit Juice"},{"floor":16.0,"key":"AttackPotion"}],"is_trial":false,"path_per_floor":["M","?","?","M","?","R","M","$","T","E","$","R","M","M","R","B",null,"M","?","$","M","?","R","?","R","T","R","M","R","M","?","R","B",null,"M","?","?","M","M","E","M","$","T","R","E","T","$","M","R","B",null,"R","$","E","B"],"character_chosen":"DEFECT","items_purchased":["Genetic Algorithm","Capacitor","Capacitor","Double Energy","Aggregate","Double Energy","Defragment"],"campfire_rested":0,"item_purchase_floors":[8,20,42,42,42,47,53],"current_hp_per_floor":[75,75,57,56,49,49,47,47,47,41,41,41,41,41,41,14,80,55,55,55,65,65,65,49,49,56,56,52,52,37,65,65,75,97,71,71,71,81,76,76,86,86,86,86,96,96,96,96,96,97,97,97,97,70,0],"gold":60,"neow_bonus":"ONE_RANDOM_RARE_CARD","is_prod":false,"is_daily":false,"chose_seed":false,"campfire_upgraded":10,"win_rate":0,"timestamp":1549195634,"path_taken":["M","?","?","M","?","R","?","$","T","E","$","R","M","M","R","BOSS","M","?","$","M","?","R","?","R","T","R","M","R","M","?","R","BOSS","M","?","?","?","M","E","M","$","T","R","E","?","$","M","R","BOSS","R","$","E","BOSS"],"build_version":"2019-01-23","purchased_purges":5,"victory":false,"max_hp_per_floor":[75,75,75,75,75,75,75,75,75,80,80,80,80,80,80,80,80,80,80,80,80,80,80,80,80,87,87,87,87,87,97,97,97,97,97,97,97,97,97,97,97,97,97,97,97,97,97,97,97,97,97,97,97,97,97],"card_choices":[{"not_picked":["Melter","Reprogram"],"picked":"Go for the Eyes","floor":1.0},{"not_picked":["Barrage","Force Field","Redo"],"picked":"SKIP","floor":4.0},{"not_picked":["Darkness","Redo"],"picked":"Leap","floor":7.0},{"not_picked":["Stack","Auto Shields"],"picked":"Defragment","floor":10.0},{"not_picked":["Redo","Streamline"],"picked":"Amplify","floor":13.0},{"not_picked":["Chaos","Hello World"],"picked":"BootSequence","floor":14.0},{"not_picked":["Amplify","Hyperbeam"],"picked":"Biased Cognition","floor":16.0},{"not_picked":["Doom and Gloom+1","Beam Cell+1"],"picked":"Self Repair+1","floor":18.0},{"not_picked":["Turbo","Beam Cell"],"picked":"Rebound","floor":21.0},{"not_picked":["Blizzard+1","Chill+1"],"picked":"Force Field","floor":28.0},{"not_picked":["Gash","Cold Snap"],"picked":"Glacier","floor":30.0},{"not_picked":["Rebound","Turbo"],"picked":"Coolheaded","floor":31.0},{"not_picked":["Buffer","Core Surge"],"picked":"Creative AI","floor":33.0},{"not_picked":["Leap","Steam"],"picked":"Conserve Battery+1","floor":35.0},{"not_picked":["Gash+1","Compile Driver"],"picked":"Double Energy","floor":38.0},{"not_picked":["Stack+1","Sweeping Beam+1"],"picked":"Electrodynamics","floor":39.0},{"not_picked":["Self Repair","Steam"],"picked":"Defragment","floor":40.0},{"not_picked":["Compile Driver","Gash+1","Melter"],"picked":"SKIP","floor":41.0},{"not_picked":["Reinforced Body+1","Static Discharge+1","Gash+1"],"picked":"SKIP","floor":45.0},{"not_picked":["Ball Lightning","Steam+1"],"picked":"Buffer","floor":48.0},{"not_picked":["Turbo","Gash+1"],"picked":"Reprogram+1","floor":54.0}],"player_experience":111644,"relics_obtained":[{"floor":9.0,"key":"Omamori"},{"floor":10.0,"key":"Ice Cream"},{"floor":24.0,"key":"Enchiridion"},{"floor":26.0,"key":"Strawberry"},{"floor":31.0,"key":"Girya"},{"floor":31.0,"key":"Pear"},{"floor":34.0,"key":"Happy Flower"},{"floor":34.0,"key":"Darkstone Periapt"},{"floor":34.0,"key":"Thread and Needle"},{"floor":40.0,"key":"Potion Belt"},{"floor":45.0,"key":"Oddly Smooth Stone"},{"floor":46.0,"key":"War Paint"},{"floor":54.0,"key":"Mercury Hourglass"}],"event_choices":[{"damage_healed":0.0,"max_hp_gain":0.0,"max_hp_loss":0.0,"gold_gain":0.0,"event_name":"Liars Game","player_choice":"Ignored","floor":2.0,"gold_loss":0.0,"damage_taken":0.0},{"damage_healed":0.0,"max_hp_gain":0.0,"max_hp_loss":0.0,"gold_gain":0.0,"event_name":"Golden Idol","player_choice":"Take Damage","floor":3.0,"gold_loss":0.0,"damage_taken":18.0,"relics_obtained":["Golden Idol"]},{"cards_removed":["Strike_B"],"damage_healed":0.0,"max_hp_gain":0.0,"max_hp_loss":0.0,"gold_gain":0.0,"event_name":"Golden Wing","player_choice":"Card Removal","floor":5.0,"gold_loss":0.0,"damage_taken":7.0},{"damage_healed":0.0,"max_hp_gain":0.0,"max_hp_loss":0.0,"gold_gain":0.0,"cards_transformed":["Defend_B","Strike_B"],"event_name":"Drug Dealer","player_choice":"Became Test Subject","floor":19.0,"gold_loss":0.0,"damage_taken":0.0,"cards_obtained":["Coolheaded","Fission"]},{"damage_healed":0.0,"max_hp_gain":0.0,"max_hp_loss":0.0,"gold_gain":0.0,"event_name":"The Mausoleum","player_choice":"Opened","floor":22.0,"gold_loss":0.0,"damage_taken":0.0,"relics_obtained":["Pocketwatch"],"cards_obtained":["Writhe"]},{"damage_healed":0.0,"max_hp_gain":0.0,"max_hp_loss":0.0,"gold_gain":0.0,"event_name":"Cursed Tome","player_choice":"Obtained Book","floor":24.0,"gold_loss":0.0,"damage_taken":16.0},{"damage_healed":0.0,"max_hp_gain":0.0,"max_hp_loss":0.0,"gold_gain":0.0,"event_name":"Colosseum","player_choice":"Fight","floor":31.0,"gold_loss":0.0,"damage_taken":0.0},{"damage_healed":0.0,"max_hp_gain":0.0,"max_hp_loss":0.0,"gold_gain":0.0,"event_name":"Colosseum","player_choice":"Fought Nobs","floor":31.0,"gold_loss":0.0,"damage_taken":0.0},{"damage_healed":0.0,"max_hp_gain":0.0,"max_hp_loss":0.0,"gold_gain":0.0,"event_name":"Tomb of Lord Red Mask","player_choice":"Ignored","floor":36.0,"gold_loss":0.0,"damage_taken":0.0},{"damage_healed":0.0,"max_hp_gain":0.0,"max_hp_loss":0.0,"gold_gain":0.0,"event_name":"Upgrade Shrine","player_choice":"Upgraded","floor":37.0,"gold_loss":0.0,"damage_taken":0.0,"cards_upgraded":["Creative AI"]}],"is_beta":false,"boss_relics":[{"not_picked":["Nuclear Battery","Velvet Choker"],"picked":"Sozu"},{"not_picked":["Pandora\u0027s Box","Black Star"],"picked":"Calling Bell"}],"items_purged_floors":[8,11,20,42,47],"is_endless":false,"potions_floor_spawned":[1,7,16,21,31,33,38,40,45],"killed_by":"The Heart","ascension_level":0}