{"gold_per_floor":[119,25,36,56,21,56,68,68,68,68,103,103,103,116,116,220,220,239,40,40,65,65,65,91,108,133,133,133,13,13,31,31,126,126,141,141,61,61,61],"floor_reached":39,"playtime":1774,"items_purged":["Strike_R","Strike_R"],"score":443,"play_id":"ea028d94-fca1-4af7-beb7-d5a198d908b6","local_time":"20190910140045","is_ascension_mode":true,"campfire_choices":[{"floor":8,"key":"REST"},{"data":"Bash","floor":13,"key":"SMITH"},{"data":"Demon Form","floor":15,"key":"SMITH"},{"floor":23,"key":"REST"},{"data":"Immolate","floor":28,"key":"SMITH"},{"data":"Shrug It Off","floor":30,"key":"SMITH"},{"data":"Disarm","floor":32,"key":"SMITH"}],"neow_cost":"CURSE","seed_source_timestamp":518426025371900,"circlet_count":0,"master_deck":["Strike_R","Strike_R","Strike_R","Defend_R","Defend_R","Defend_R","Defend_R","Bash+1","Decay","Demon Form+1","Battle Trance","Cleave","Ghostly Armor","Heavy Blade","Bludgeon","Parasite","Disarm+1","Shrug It Off+1","Pommel Strike","Immolate+1","Shrug It Off+1","Rage+1","Sword Boomerang","RitualDagger","Ghostly Armor","Disarm"],"relics":["Burning Blood","Potion Belt","The Courier","Incense Burner","Prayer Wheel","Busted Crown","Bag of Marbles","Juzu Bracelet","Sundial","Art of War","Cursed Key"],"potions_floor_usage":[6,11,24,24,25,31,33,39],"damage_taken":[{"damage":19,"enemies":"2 Louse","floor":1,"turns":5},{"damage":6,"enemies":"Small Slimes","floor":3,"turns":4},{"damage":10,"enemies":"Jaw Worm","floor":4,"turns":6},{"damage":24,"enemies":"3 Sentries","floor":6,"turns":5},{"damage":36,"enemies":"Large Slime","floor":7,"turns":9},{"damage":18,"enemies":"Lagavulin","floor":11,"turns":7},{"damage":14,"enemies":"Exordium Wildlife","floor":14,"turns":3},{"damage":35,"enemies":"Slime Boss","floor":16,"turns":9},{"damage":27,"enemies":"Spheric Guardian","floor":18,"turns":4},{"damage":4,"enemies":"Book of Stabbing","floor":24,"turns":4},{"damage":6,"enemies":"Chosen","floor":25,"turns":4},{"damage":19,"enemies":"Colosseum Slavers","floor":27,"turns":2},{"damage":9,"enemies":"Snecko","floor":31,"turns":4},{"damage":68,"enemies":"Collector","floor":33,"turns":8},{"damage":67,"enemies":"3 Shapes","floor":35,"turns":4},{"damage":34,"enemies":"3 Darklings","floor":39,"turns":4}],"seed_played":"3595248908697546404","potions_obtained":[{"floor":4,"key":"AttackPotion"},{"floor":7,"key":"Weak Potion"},{"floor":16,"key":"Weak Potion"},{"floor":18,"key":"Energy Potion"},{"floor":25,"key":"Fruit Juice"},{"floor":33,"key":"Poison Potion"}],"is_trial":false,"path_per_floor":["M","$","M","M","?","E","M","R","T","?","E","?","R","M","R","B",null,"M","$","?","T","?","R","E","M","T","?","R","$","R","M","R","B",null,"M","?","$","?","M"],"character_chosen":"IRONCLAD","items_purchased":["Battle Trance","Cleave","Bag of Marbles","Sword Boomerang","SteroidPotion","BloodPotion"],"campfire_rested":2,"item_purchase_floors":[2,2,19,19,19,29],"current_hp_per_floor":[67,67,67,63,80,62,32,56,56,76,64,61,61,53,53,24,80,59,59,59,59,53,77,79,79,79,66,66,66,66,80,80,23,85,24,24,24,24,0],"gold":61,"neow_bonus":"THREE_RARE_CARDS","is_prod":false,"is_daily":false,"chose_seed":false,"campfire_upgraded":5,"win_rate":0,"timestamp":1568138445,"path_taken":["M","$","M","M","?","E","M","R","T","?","E","?","R","M","R","BOSS","M","$","?","?","?","R","E","M","T","?","R","$","R","M","R","BOSS","M","?","$","?","M"],"build_version":"2019-07-17","purchased_purges":2,"victory":false,"max_hp_per_floor":[80,80,80,80,80,80,80,80,80,80,80,80,80,80,80,80,80,80,80,80,80,80,80,80,80,80,80,80,80,80,80,80,85,85,85,85,85,85,85],"card_choices":[{"not_picked":["Berserk","Limit Break"],"picked":"Demon Form","floor":0},{"not_picked":["Warcry","Anger","Intimidate"],"picked":"SKIP","floor":1},{"not_picked":["Armaments","Rupture"],"picked":"Ghostly Armor","floor":3},{"not_picked":["Sword Boomerang","Combust"],"picked":"Heavy Blade","floor":4},{"not_picked":["Inflame","Spot Weakness","Power Through"],"picked":"SKIP","floor":6},{"not_picked":["Sentinel","Flex"],"picked":"Bludgeon","floor":7},{"not_picked":["Cleave","Headbutt"],"picked":"Disarm","floor":11},{"not_picked":["Headbutt","Clash"],"picked":"Shrug It Off","floor":14},{"not_picked":["Burning Pact","Headbutt"],"picked":"Pommel Strike","floor":14},{"not_picked":["Juggernaut","Limit Break"],"picked":"Immolate","floor":16},{"not_picked":[],"picked":"Shrug It Off","floor":18},{"not_picked":[],"picked":"Rage+1","floor":18},{"not_picked":[],"picked":"Ghostly Armor","floor":24},{"not_picked":["Headbutt"],"picked":"SKIP","floor":25},{"not_picked":["Fire Breathing"],"picked":"SKIP","floor":25},{"not_picked":[],"picked":"Disarm","floor":31},{"not_picked":["Armaments+1"],"picked":"SKIP","floor":31},{"not_picked":["Body Slam"],"picked":"SKIP","floor":35},{"not_picked":["Rupture+1"],"picked":"SKIP","floor":35}],"player_experience":123206,"relics_obtained":[{"floor":6,"key":"Potion Belt"},{"floor":9,"key":"The Courier"},{"floor":11,"key":"Incense Burner"},{"floor":21,"key":"Juzu Bracelet"},{"floor":24,"key":"Sundial"},{"floor":26,"key":"Art of War"}],"event_choices":[{"damage_healed":20,"gold_gain":0,"player_choice":"Healed","damage_taken":0,"max_hp_gain":0,"max_hp_loss":0,"event_name":"The Cleric","floor":5,"gold_loss":35},{"damage_healed":20,"gold_gain":0,"player_choice":"Healed and dodged fight","damage_taken":0,"max_hp_gain":0,"max_hp_loss":0,"event_name":"Mushrooms","floor":10,"gold_loss":0,"cards_obtained":["Parasite"]},{"damage_healed":0,"gold_gain":0,"player_choice":"Success","damage_taken":3,"relics_obtained":["Prayer Wheel"],"max_hp_gain":0,"max_hp_loss":0,"event_name":"Scrap Ooze","floor":12,"gold_loss":0},{"damage_healed":0,"gold_gain":0,"player_choice":"Ignored","damage_taken":0,"max_hp_gain":0,"max_hp_loss":0,"event_name":"Vampires","floor":20,"gold_loss":0},{"damage_healed":0,"gold_gain":0,"player_choice":"Joined the Cult","damage_taken":6,"max_hp_gain":0,"max_hp_loss":0,"event_name":"Nest","floor":22,"gold_loss":0,"cards_obtained":["RitualDagger"]},{"damage_healed":0,"gold_gain":0,"player_choice":"Fight","damage_taken":0,"max_hp_gain":0,"max_hp_loss":0,"event_name":"Colosseum","floor":27,"gold_loss":0},{"damage_healed":0,"gold_gain":0,"player_choice":"Fled From Nobs","damage_taken":0,"max_hp_gain":0,"max_hp_loss":0,"event_name":"Colosseum","floor":27,"gold_loss":0},{"damage_healed":0,"gold_gain":0,"player_choice":"Forge","damage_taken":0,"max_hp_gain":0,"max_hp_loss":0,"event_name":"Accursed Blacksmith","floor":36,"gold_loss":0,"cards_upgraded":["Shrug It Off"]},{"damage_healed":0,"gold_gain":0,"player_choice":"Ignored","damage_taken":0,"max_hp_gain":0,"max_hp_loss":0,"event_name":"Fountain of Cleansing","floor":38,"gold_loss":0}],"is_beta":false,"boss_relics":[{"not_picked":["Philosopher\u0027s Stone","Pandora\u0027s Box"],"picked":"Busted Crown"},{"not_picked":["Coffee Dripper","Calling Bell"],"picked":"Cursed Key"}],"items_purged_floors":[29,37],"is_endless":false,"potions_floor_spawned":[4,7,16,18,25,33],"killed_by":"3 Darklings","ascension_level":2}