{"gold_per_floor":[114,134,134,149,166,198,210,210,210,210,221,240,259,64,64,161,161,173,154,254,267,283,283,283],"floor_reached":24,"playtime":1222,"items_purged":["Strike_R"],"score":330,"play_id":"ff81709e-0adc-469c-a499-3b1ed297cef9","local_time":"20190711185849","is_ascension_mode":true,"campfire_choices":[{"floor":10,"key":"REST"},{"floor":15,"key":"REST"},{"floor":23,"key":"REST"}],"neow_cost":"NONE","seed_source_timestamp":2977088478968,"circlet_count":0,"master_deck":["Strike_R","Strike_R","Defend_R","Defend_R","Defend_R","Defend_R","Bash","Pommel Strike","Anger","Warcry","Armaments","Twin Strike","Feel No Pain","Reckless Charge","Pummel","Battle Trance","Havoc","Wild Strike","Ghostly Armor","Juggernaut","Second Wind","Cleave","Pommel Strike+1"],"relics":["Black Blood","Boot"],"potions_floor_usage":[5,6,16,16,19,21,22,24],"damage_taken":[{"damage":18,"enemies":"Jaw Worm","floor":1,"turns":4},{"damage":1,"enemies":"Cultist","floor":2,"turns":3},{"damage":7,"enemies":"2 Louse","floor":4,"turns":3},{"damage":26,"enemies":"Lots of Slimes","floor":5,"turns":6},{"damage":35,"enemies":"Lagavulin","floor":6,"turns":5},{"damage":8,"enemies":"2 Fungi Beasts","floor":7,"turns":4},{"damage":23,"enemies":"Exordium Thugs","floor":11,"turns":3},{"damage":19,"enemies":"Lots of Slimes","floor":12,"turns":4},{"damage":6,"enemies":"Looter","floor":13,"turns":2},{"damage":0,"enemies":"Slime Boss","floor":16,"turns":5},{"damage":29,"enemies":"Shell Parasite","floor":18,"turns":5},{"damage":14,"enemies":"2 Thieves","floor":19,"turns":4},{"damage":66,"enemies":"Snecko","floor":21,"turns":9},{"damage":18,"enemies":"Cultist and Chosen","floor":22,"turns":6},{"damage":43,"enemies":"Slavers","floor":24,"turns":2}],"seed_played":"6822628878540422145","potions_obtained":[{"floor":1,"key":"Regen Potion"},{"floor":2,"key":"Fire Potion"},{"floor":6,"key":"SpeedPotion"},{"floor":12,"key":"SteroidPotion"},{"floor":16,"key":"BloodPotion"},{"floor":18,"key":"Swift Potion"},{"floor":19,"key":"Weak Potion"}],"is_trial":false,"path_per_floor":["M","M","?","M","M","E","M","?","T","R","M","M","M","$","R","B",null,"M","M","?","M","M","R","E"],"character_chosen":"IRONCLAD","items_purchased":["Ghostly Armor","AttackPotion"],"campfire_rested":3,"item_purchase_floors":[14,14],"current_hp_per_floor":[68,73,73,72,67,38,36,36,36,62,45,32,32,32,58,64,82,63,59,59,25,17,43,0],"gold":283,"neow_bonus":"TEN_PERCENT_HP_BONUS","is_prod":false,"is_daily":false,"chose_seed":false,"campfire_upgraded":0,"win_rate":0,"timestamp":1562885929,"path_taken":["M","M","?","M","?","E","M","?","T","R","M","M","M","?","R","BOSS","M","M","?","?","M","R","E"],"build_version":"2019-07-05","purchased_purges":1,"victory":false,"max_hp_per_floor":[88,88,88,88,88,88,88,88,88,88,88,88,88,88,88,88,88,88,88,88,88,88,88,88],"card_choices":[{"not_picked":["Second Wind","Flex"],"picked":"Pommel Strike","floor":1},{"not_picked":["Twin Strike","Thunderclap"],"picked":"Anger","floor":2},{"not_picked":["Pummel","Havoc"],"picked":"Armaments","floor":4},{"not_picked":["Flex","Havoc"],"picked":"Twin Strike","floor":5},{"not_picked":["Exhume","Sentinel"],"picked":"Feel No Pain","floor":6},{"not_picked":["Armaments","Spot Weakness"],"picked":"Reckless Charge","floor":7},{"not_picked":["Flex","Pommel Strike"],"picked":"Battle Trance","floor":11},{"not_picked":["Heavy Blade","Anger"],"picked":"Havoc","floor":12},{"not_picked":["Burning Pact","Havoc"],"picked":"Wild Strike","floor":13},{"not_picked":["Reaper","Immolate"],"picked":"Juggernaut","floor":16},{"not_picked":["Anger","Uppercut+1"],"picked":"Second Wind","floor":18},{"not_picked":["Armaments","Wild Strike+1","Pommel Strike"],"picked":"SKIP","floor":19},{"not_picked":["Sword Boomerang","Perfected Strike"],"picked":"Cleave","floor":21},{"not_picked":["Heavy Blade","Ghostly Armor+1"],"picked":"Pommel Strike+1","floor":22}],"player_experience":279595,"relics_obtained":[{"floor":6,"key":"Boot"}],"event_choices":[{"damage_healed":0,"gold_gain":0,"cards_transformed":["Strike_R"],"player_choice":"Transformed","damage_taken":0,"max_hp_gain":0,"max_hp_loss":0,"event_name":"Transmorgrifier","floor":3,"gold_loss":0,"cards_obtained":["Warcry"]},{"damage_healed":0,"gold_gain":0,"cards_transformed":["Strike_R"],"player_choice":"Change","damage_taken":0,"max_hp_gain":0,"max_hp_loss":0,"event_name":"Living Wall","floor":8,"gold_loss":0,"cards_obtained":["Pummel"]},{"damage_healed":0,"gold_gain":100,"player_choice":"Pray","damage_taken":0,"max_hp_gain":0,"max_hp_loss":0,"event_name":"Golden Shrine","floor":20,"gold_loss":0}],"is_beta":false,"boss_relics":[{"not_picked":["Cursed Key","Fusion Hammer"],"picked":"Black Blood"}],"items_purged_floors":[14],"is_endless":false,"potions_floor_spawned":[1,2,6,12,16,18,19],"killed_by":"Slavers","ascension_level":6}