{"gold_per_floor":[117,129,129,149,249,51,69,69,69,79,91,118,138,154,154,252,252,265,180,180,25,41,76,76,87,87,87,101,23,56,74,74,171,171,187,199,299,315,330,330,341,358,358,358,358,358,372,49,49,49],"floor_reached":51,"playtime":2719,"items_purged":["Defend_B+1","Strike_B+1"],"score":695,"play_id":"359fd3d0-63b1-4634-85c7-cd28c6d0319f","local_time":"20190910012945","is_ascension_mode":false,"campfire_choices":[{"data":"Dualcast","floor":8,"key":"SMITH"},{"data":"Loop","floor":15,"key":"SMITH"},{"data":"Seek","floor":32,"key":"SMITH"},{"data":"Creative AI","floor":40,"key":"SMITH"},{"data":"Recycle","floor":45,"key":"SMITH"},{"data":"Machine Learning","floor":49,"key":"SMITH"}],"neow_cost":"NONE","seed_source_timestamp":222495120046500,"circlet_count":0,"master_deck":["Strike_B+1","Strike_B+1","Strike_B+1","Defend_B+1","Defend_B+1","Defend_B+1","Zap+1","Dualcast+1","Self Repair","Leap","Ball Lightning","Loop+1","BootSequence","Ball Lightning","Cold Snap","Seek+1","Glacier","Conserve Battery","Defragment+1","Recycle+1","Capacitor","Hologram+1","Machine Learning+1","Conserve Battery+1","Heatsinks","Creative AI+1","Skim+1","Parasite"],"relics":["Cracked Core","ClockworkSouvenir","Girya","Ginger","Cursed Key","Dream Catcher","Orichalcum","Boot","Eternal Feather","Pocketwatch","Strawberry"],"potions_floor_usage":[12,22,30,37,38,41,42,50,50,50],"damage_taken":[{"damage":0,"enemies":"2 Louse","floor":1,"turns":2},{"damage":11,"enemies":"Jaw Worm","floor":2,"turns":3},{"damage":1,"enemies":"Cultist","floor":4,"turns":3},{"damage":19,"enemies":"Large Slime","floor":7,"turns":5},{"damage":7,"enemies":"Blue Slaver","floor":10,"turns":4},{"damage":9,"enemies":"2 Fungi Beasts","floor":11,"turns":3},{"damage":9,"enemies":"3 Sentries","floor":12,"turns":5},{"damage":4,"enemies":"Exordium Wildlife","floor":13,"turns":5},{"damage":2,"enemies":"Blue Slaver","floor":14,"turns":4},{"damage":23,"enemies":"The Guardian","floor":16,"turns":9},{"damage":3,"enemies":"Shell Parasite","floor":18,"turns":5},{"damage":2,"enemies":"2 Thieves","floor":22,"turns":4},{"damage":12,"enemies":"Gremlin Leader","floor":23,"turns":8},{"damage":0,"enemies":"Shelled Parasite and Fungi","floor":25,"turns":5},{"damage":1,"enemies":"Snake Plant","floor":28,"turns":4},{"damage":21,"enemies":"Slavers","floor":30,"turns":5},{"damage":15,"enemies":"Sentry and Sphere","floor":31,"turns":5},{"damage":26,"enemies":"Automaton","floor":33,"turns":11},{"damage":7,"enemies":"3 Darklings","floor":35,"turns":6},{"damage":5,"enemies":"Orb Walker","floor":36,"turns":4},{"damage":11,"enemies":"Mind Bloom Boss Battle","floor":37,"turns":8},{"damage":9,"enemies":"3 Darklings","floor":38,"turns":6},{"damage":20,"enemies":"Spire Growth","floor":39,"turns":6},{"damage":0,"enemies":"Writhing Mass","floor":41,"turns":8},{"damage":8,"enemies":"Sphere and 2 Shapes","floor":42,"turns":7},{"damage":28,"enemies":"Jaw Worm Horde","floor":47,"turns":8},{"damage":48,"enemies":"Time Eater","floor":50,"turns":13}],"seed_played":"-3874728625102709977","potions_obtained":[{"floor":1,"key":"LiquidBronze"},{"floor":12,"key":"Explosive Potion"},{"floor":13,"key":"GamblersBrew"},{"floor":16,"key":"Energy Potion"},{"floor":23,"key":"SpeedPotion"},{"floor":25,"key":"PowerPotion"},{"floor":30,"key":"Explosive Potion"},{"floor":39,"key":"GamblersBrew"},{"floor":41,"key":"Energy Potion"},{"floor":47,"key":"Ancient Potion"}],"is_trial":false,"path_per_floor":["M","M","?","M","?","$","M","R","T","M","M","E","M","M","R","B",null,"M","?","?","$","M","E","?","M","T","?","M","$","E","M","R","B",null,"M","M","?","M","M","R","M","M","T","?","R","?","M","$","R","B",null],"character_chosen":"DEFECT","items_purchased":["ClockworkSouvenir","Glacier","Capacitor","LiquidBronze","Strawberry"],"campfire_rested":0,"item_purchase_floors":[6,21,29,48,48],"current_hp_per_floor":[75,71,76,80,80,80,61,61,61,61,59,50,46,51,51,35,80,80,80,80,80,80,75,60,67,67,67,73,73,59,51,51,32,85,85,85,81,79,66,81,85,84,84,84,85,85,64,71,86,45],"gold":49,"neow_bonus":"UPGRADE_CARD","is_prod":false,"is_daily":false,"chose_seed":false,"campfire_upgraded":6,"win_rate":0,"timestamp":1568046585,"path_taken":["M","M","?","M","?","$","M","R","T","?","M","E","M","M","R","BOSS","M","?","?","$","M","E","?","?","T","?","M","$","E","M","R","BOSS","M","M","?","M","M","R","M","M","T","?","R","?","M","$","R","BOSS"],"build_version":"2019-07-17","purchased_purges":2,"victory":true,"max_hp_per_floor":[75,75,80,80,80,80,80,80,80,80,80,80,80,80,80,80,80,80,80,80,80,80,80,85,85,85,85,85,85,85,85,85,85,85,85,85,85,85,85,85,85,85,85,85,85,85,85,92,92,92],"card_choices":[{"not_picked":["Fusion","Go for the Eyes"],"picked":"Self Repair","floor":1},{"not_picked":["Hologram","Stack"],"picked":"Leap","floor":2},{"not_picked":["Turbo","Sweeping Beam"],"picked":"Ball Lightning","floor":4},{"not_picked":["Static Discharge","Sweeping Beam"],"picked":"Loop","floor":7},{"not_picked":["Undo","Rebound"],"picked":"BootSequence","floor":10},{"not_picked":["Turbo","Echo Form","Recycle"],"picked":"SKIP","floor":11},{"not_picked":["Creative AI","Beam Cell"],"picked":"Ball Lightning","floor":12},{"not_picked":["White Noise","Rebound"],"picked":"Cold Snap","floor":13},{"not_picked":["Heatsinks","Coolheaded","Turbo"],"picked":"SKIP","floor":14},{"not_picked":["Meteor Strike","Creative AI"],"picked":"Seek","floor":16},{"not_picked":["Redo","Hello World+1","Barrage+1"],"picked":"SKIP","floor":18},{"not_picked":["Darkness","BootSequence"],"picked":"Conserve Battery","floor":22},{"not_picked":["Tempest","Redo"],"picked":"Defragment+1","floor":23},{"not_picked":["Hologram","Scrape","Steam+1"],"picked":"SKIP","floor":25},{"not_picked":["Redo","Scrape+1","Sweeping Beam"],"picked":"SKIP","floor":28},{"not_picked":["Beam Cell","Cold Snap"],"picked":"Hologram+1","floor":30},{"not_picked":["Streamline","Stack","Doom and Gloom"],"picked":"SKIP","floor":31},{"not_picked":["All For One","Reboot"],"picked":"Machine Learning","floor":33},{"not_picked":["Ball Lightning+1","FTL"],"picked":"Conserve Battery+1","floor":35},{"not_picked":["Conserve Battery+1","Go for the Eyes+1"],"picked":"Heatsinks","floor":36},{"not_picked":["Redo","Fusion"],"picked":"Creative AI","floor":37},{"not_picked":["Genetic Algorithm","Scrape+1","Loop"],"picked":"SKIP","floor":38},{"not_picked":["Hologram","Rebound"],"picked":"Skim+1","floor":39},{"not_picked":["Fusion","Hologram+1","White Noise"],"picked":"SKIP","floor":41},{"not_picked":["Redo","Beam Cell","Melter"],"picked":"SKIP","floor":42},{"not_picked":["Gash+1","Hyperbeam","Sweeping Beam+1"],"picked":"SKIP","floor":47}],"player_experience":398999,"relics_obtained":[{"floor":9,"key":"Girya"},{"floor":12,"key":"Ginger"},{"floor":23,"key":"Orichalcum"},{"floor":30,"key":"Boot"},{"floor":37,"key":"Pocketwatch"}],"event_choices":[{"damage_healed":0,"gold_gain":0,"player_choice":"Donut","damage_taken":0,"max_hp_gain":5,"max_hp_loss":0,"event_name":"Big Fish","floor":3,"gold_loss":0},{"damage_healed":0,"gold_gain":100,"player_choice":"Gold","damage_taken":0,"max_hp_gain":0,"max_hp_loss":0,"event_name":"Wheel of Change","floor":5,"gold_loss":0},{"damage_healed":0,"gold_gain":0,"player_choice":"Obtained Relic","damage_taken":0,"relics_obtained":["Dream Catcher"],"max_hp_gain":0,"max_hp_loss":0,"event_name":"Addict","floor":19,"gold_loss":85},{"damage_healed":0,"gold_gain":0,"player_choice":"Simplicity","damage_taken":0,"max_hp_gain":0,"max_hp_loss":0,"event_name":"Back to Basics","floor":20,"gold_loss":0,"cards_upgraded":["Strike_B","Strike_B","Strike_B","Strike_B","Defend_B","Defend_B","Defend_B","Defend_B"]},{"damage_healed":0,"gold_gain":0,"player_choice":"Shed Blood","damage_taken":20,"max_hp_gain":5,"max_hp_loss":0,"event_name":"Forgotten Altar","floor":24,"gold_loss":0},{"damage_healed":0,"gold_gain":0,"player_choice":"Read","damage_taken":0,"max_hp_gain":0,"max_hp_loss":0,"event_name":"The Library","floor":27,"gold_loss":0,"cards_obtained":["Recycle"]},{"damage_healed":0,"gold_gain":0,"player_choice":"Fight","damage_taken":0,"max_hp_gain":0,"max_hp_loss":0,"event_name":"MindBloom","floor":37,"gold_loss":0},{"damage_healed":0,"gold_gain":0,"player_choice":"Ignored","damage_taken":0,"max_hp_gain":0,"max_hp_loss":0,"event_name":"Mysterious Sphere","floor":44,"gold_loss":0},{"damage_healed":0,"gold_gain":0,"player_choice":"Ignored","damage_taken":0,"max_hp_gain":0,"max_hp_loss":0,"event_name":"SecretPortal","floor":46,"gold_loss":0}],"is_beta":false,"boss_relics":[{"not_picked":["White Beast Statue","Orrery"],"picked":"Cursed Key"},{"not_picked":["Pandora\u0027s Box","Fusion Hammer"],"picked":"Eternal Feather"}],"items_purged_floors":[21,48],"is_endless":false,"potions_floor_spawned":[1,12,13,16,18,23,25,30,31,35,39,41,47],"ascension_level":0}