{"path_per_floor":["M","M","$","M","?","R","M","?","T","R","?","R","M","M","R","B",null,"M","?","?","$","M","R","E","R","T","?","M","R","M","E","R","B",null,"M","?","M","$","?","R","?","R","T","$","M","M","M"],"character_chosen":"THE_SILENT","items_purchased":["Poisoned Stab","Leg Sweep"],"gold_per_floor":[117,129,54,69,69,69,87,57,57,57,57,57,73,93,93,197,197,207,207,207,10,22,22,48,48,71,71,85,85,96,130,130,234,234,251,251,263,138,138,138,138,138,138,138,156,175,192,192],"floor_reached":48,"campfire_rested":5,"playtime":3194,"current_hp_per_floor":[70,70,70,70,52,52,52,52,52,52,52,70,70,70,70,26,70,70,70,70,70,65,65,21,42,42,42,42,42,45,23,44,28,70,60,60,35,35,35,56,56,70,70,70,38,19,3,0],"items_purged":["Strike_G","Defend_G","Strike_G"],"gold":192,"score":460,"play_id":"cb5e1bd0-526c-4d25-9f78-34d3aaafd884","local_time":"20180501225815","is_prod":false,"is_daily":false,"chose_seed":false,"is_ascension_mode":false,"campfire_upgraded":5,"timestamp":1525208295,"path_taken":["M","M","$","M","?","R","M","?","T","R","?","R","M","M","R","BOSS","M","?","?","$","M","R","E","R","T","?","?","R","M","E","R","BOSS","M","?","?","$","?","R","?","R","T","?","M","M","M","M"],"build_version":"2018-04-30","seed_source_timestamp":26515630377997,"purchased_purges":3,"victory":false,"master_deck":["Defend_G","Defend_G","Defend_G","Strike_G","Strike_G","Strike_G","Survivor","Neutralize+1","Backflip+1","Heel Hook","Dagger Spray+1","Bouncing Flask+1","Dagger Spray","Adrenaline+1","Poisoned Stab","Poisoned Stab","Outmaneuver","Flying Knee","Poisoned Stab","Leg Sweep","Backstab+1","Noxious Fumes+1","Deadly Poison","Crippling Poison+1","PiercingWail"],"max_hp_per_floor":[70,70,70,70,70,70,70,70,70,70,70,70,70,70,70,70,70,70,70,70,70,70,70,70,70,70,70,70,70,70,70,70,70,70,70,70,70,70,70,70,70,70,70,70,70,70,70,70],"relics":["Ring of the Snake","Tough Bandages","Orrery","Nloth\u0027s Gift","Bronze Scales","Pen Nib","Bottled Tornado","Black Star","Darkstone Periapt"],"card_choices":[{"not_picked":["Underhanded Strike","Reflex"],"picked":"Backflip","floor":1},{"not_picked":["Choke","All Out Attack"],"picked":"Heel Hook","floor":2},{"not_picked":["Dagger Throw","Dodge and Roll"],"picked":"Dagger Spray","floor":4},{"not_picked":["Escape Plan","Predator"],"picked":"Bouncing Flask","floor":7},{"not_picked":["Prepared","Venomology"],"picked":"Dagger Spray","floor":13},{"not_picked":["Glass Knife","Night Terror"],"picked":"Adrenaline","floor":16},{"not_picked":["Escape Plan","All Out Attack"],"picked":"Poisoned Stab","floor":17},{"not_picked":["Dagger Throw","Outmaneuver"],"picked":"Poisoned Stab","floor":17},{"not_picked":["Slice","Quick Slash"],"picked":"Outmaneuver","floor":17},{"not_picked":["Malaise","PiercingWail"],"picked":"Flying Knee","floor":17},{"not_picked":["Acrobatics","Slice"],"picked":"Backstab","floor":22},{"not_picked":["Phantasmal Killer","Backflip"],"picked":"Tools of the Trade","floor":24},{"not_picked":["Crippling Poison","Flechettes"],"picked":"Noxious Fumes","floor":28},{"not_picked":["Quick Slash","Underhanded Strike"],"picked":"Deadly Poison","floor":30},{"not_picked":["Outmaneuver","Adrenaline"],"picked":"Crippling Poison","floor":31},{"not_picked":["Poisoned Stab","Dagger Throw"],"picked":"PiercingWail","floor":35}],"player_experience":24707,"potions_floor_usage":[18,28,30,30,31,33,37,46,47,48],"damage_taken":[{"damage":0,"enemies":"Jaw Worm","floor":1,"turns":5},{"damage":0,"enemies":"2 Louse","floor":2,"turns":5},{"damage":0,"enemies":"Cultist","floor":4,"turns":3},{"damage":0,"enemies":"Large Slime","floor":7,"turns":6},{"damage":0,"enemies":"Gremlin Gang","floor":13,"turns":3},{"damage":0,"enemies":"3 Louse","floor":14,"turns":3},{"damage":44,"enemies":"Hexaghost","floor":16,"turns":10},{"damage":0,"enemies":"Chosen","floor":18,"turns":3},{"damage":5,"enemies":"3 Byrds","floor":22,"turns":4},{"damage":44,"enemies":"Slavers","floor":24,"turns":7},{"damage":0,"enemies":"Snecko","floor":28,"turns":4},{"damage":6,"enemies":"Snake Plant","floor":30,"turns":4},{"damage":22,"enemies":"Gremlin Leader","floor":31,"turns":5},{"damage":16,"enemies":"Collector","floor":33,"turns":8},{"damage":10,"enemies":"3 Shapes","floor":35,"turns":4},{"damage":25,"enemies":"3 Darklings","floor":37,"turns":4},{"damage":32,"enemies":"Maw","floor":45,"turns":7},{"damage":19,"enemies":"4 Shapes","floor":46,"turns":4},{"damage":16,"enemies":"3 Darklings","floor":47,"turns":5},{"damage":8,"enemies":"Maw","floor":48,"turns":5}],"event_choices":[{"event_name":"Scrap Ooze","player_choice":"success","floor":5,"damage_taken":18},{"event_name":"The Woman in Blue","player_choice":"Bought 2 Potions","floor":8,"damage_taken":0},{"event_name":"Accursed Blacksmith","player_choice":"Forge","floor":11,"damage_taken":0},{"event_name":"Back to Basics","player_choice":"Elegance","floor":19,"damage_taken":0},{"event_name":"N\u0027loth","player_choice":"Traded a Tingsha","floor":20,"damage_taken":0},{"event_name":"Beggar","player_choice":"Ignored","floor":27,"damage_taken":0},{"event_name":"Tomb of Lord Red Mask","player_choice":"Ignored","floor":39,"damage_taken":0},{"event_name":"SensoryStone","player_choice":"Memory 1","floor":41,"damage_taken":0}],"boss_relics":[{"not_picked":["Lizard Tail","Eternal Feather"],"picked":"Orrery"},{"not_picked":["Snecko Eye","Velvet Choker"],"picked":"Black Star"}],"potions_floor_spawned":[2,14,16,18,28,30,33,45,46,47],"seed_played":"-5001538473424277203","killed_by":"Maw","ascension_level":0,"is_trial":false}