{"gold_per_floor":[119,119,130,12,24,36,46,46,46,46,46,65,96,116,116,116],"floor_reached":16,"playtime":1104,"items_purged":[],"score":104,"play_id":"d4cdc162-af6c-4a09-be7a-5252df58401e","local_time":"20190909152350","is_ascension_mode":false,"campfire_choices":[{"data":"JustLucky","floor":8,"key":"SMITH"},{"data":"Eruption","floor":10,"key":"SMITH"},{"data":"BattleHymn","floor":15,"key":"SMITH"}],"neow_cost":"NONE","seed_source_timestamp":440585327827400,"circlet_count":0,"master_deck":["Strike_P","Strike_P","Strike_P","Strike_P","Defend_P","Defend_P","Defend_P","Defend_P","Eruption+1","Vigilance","EmptyFist","JustLucky+1","Perseverance","Fasting","DeceiveReality","Adaptation","ThirdEye","BattleHymn+1","ThirdEye"],"relics":["PureWater","CultistMask","Question Card","Mercury Hourglass"],"potions_floor_usage":[7,13,13,14],"damage_taken":[{"damage":15,"enemies":"Jaw Worm","floor":1,"turns":6},{"damage":0,"enemies":"Cultist","floor":3,"turns":2},{"damage":0,"enemies":"2 Louse","floor":5,"turns":2},{"damage":10,"enemies":"Exordium Thugs","floor":6,"turns":5},{"damage":0,"enemies":"Lots of Slimes","floor":7,"turns":4},{"damage":7,"enemies":"Exordium Wildlife","floor":12,"turns":2},{"damage":10,"enemies":"3 Sentries","floor":13,"turns":11},{"damage":16,"enemies":"Gremlin Gang","floor":14,"turns":5},{"damage":13,"enemies":"The Guardian","floor":16,"turns":2}],"seed_played":"-8933532271855715484","potions_obtained":[{"floor":5,"key":"Block Potion"},{"floor":12,"key":"Energy Potion"},{"floor":13,"key":"FearPotion"},{"floor":14,"key":"Energy Potion"}],"is_trial":false,"path_per_floor":["M","?","M","$","M","M","M","R","T","R","?","M","E","M","R","B"],"character_chosen":"WATCHER","items_purchased":["Perseverance","AttackPotion"],"campfire_rested":0,"item_purchase_floors":[4,4],"current_hp_per_floor":[56,56,56,56,56,46,46,46,46,46,46,39,29,13,13,0],"gold":116,"neow_bonus":"TEN_PERCENT_HP_BONUS","is_prod":false,"is_daily":false,"chose_seed":false,"campfire_upgraded":3,"win_rate":0.0,"timestamp":1568057030,"path_taken":["M","?","M","$","M","M","?","R","T","R","?","M","E","M","R","BOSS"],"build_version":"2019-09-09","purchased_purges":0,"victory":false,"max_hp_per_floor":[71,71,71,71,71,71,71,71,71,71,71,71,71,71,71,71],"card_choices":[{"not_picked":["Weave","Sanctity"],"picked":"EmptyFist","floor":1},{"not_picked":["InnerPeace","Sanctity"],"picked":"JustLucky","floor":3},{"not_picked":["SpiritShield","FollowUp"],"picked":"Fasting","floor":5},{"not_picked":["ClearTheMind","CutThroughFate"],"picked":"DeceiveReality","floor":6},{"not_picked":["TalkToTheHand","BowlingBash"],"picked":"Adaptation","floor":7},{"not_picked":["Consecrate","Conclude","Vengeance"],"picked":"ThirdEye","floor":12},{"not_picked":["WreathOfFlame","Sanctity","Consecrate"],"picked":"BattleHymn","floor":13},{"not_picked":["FollowUp","EmptyBody","Tantrum"],"picked":"ThirdEye","floor":14}],"player_experience":1897324,"relics_obtained":[{"floor":9,"key":"Question Card"},{"floor":13,"key":"Mercury Hourglass"}],"event_choices":[{"damage_healed":0,"gold_gain":0,"player_choice":"Trade","damage_taken":0,"relics_obtained":["CultistMask"],"max_hp_gain":0,"max_hp_loss":0,"event_name":"FaceTrader","floor":2,"gold_loss":0},{"damage_healed":0,"gold_gain":0,"player_choice":"0 cards matched","damage_taken":0,"max_hp_gain":0,"max_hp_loss":0,"event_name":"Match and Keep!","floor":11,"gold_loss":0,"cards_obtained":[]}],"is_beta":true,"boss_relics":[],"items_purged_floors":[],"is_endless":false,"potions_floor_spawned":[5,12,13,14],"killed_by":"The Guardian","ascension_level":0}