{"gold_per_floor":[116,126,51,51,69,69,82,82,82,82,100,116,136,155,155,258,258,276,311,311,301,216,216,68,96,147,176,176,176,176,51,51,51],"floor_reached":33,"playtime":984,"items_purged":["Strike_B","Strike_B","Defend_B"],"score":300,"play_id":"8a4240ee-5fb5-4881-a38f-871086a87970","local_time":"20190909003550","is_ascension_mode":false,"campfire_choices":[{"data":"Dualcast","floor":6.0,"key":"SMITH"},{"data":"Defragment","floor":8.0,"key":"SMITH"},{"data":"Lockon","floor":15,"key":"SMITH"},{"data":"Static Discharge","floor":23,"key":"SMITH"},{"data":"Ghostly","floor":29,"key":"SMITH"},{"data":"Ghostly","floor":32,"key":"SMITH"}],"neow_cost":"NONE","seed_source_timestamp":134577195187600,"circlet_count":0,"master_deck":["Strike_B","Defend_B","Defend_B","Zap+1","Dualcast+1","Melter","Defragment+1","Cold Snap","Sweeping Beam","Lockon+1","White Noise","Self Repair","Ball Lightning","Auto Shields","Lockon","Cold Snap","Static Discharge+1","Ball Lightning","Static Discharge","Ghostly","Ghostly+1","Ghostly","Ghostly","Ghostly+1"],"special_seed":0,"relics":["Cracked Core","Bottled Tornado","Sozu","Red Mask","Prayer Wheel","Lantern","Juzu Bracelet","Strawberry"],"potions_floor_usage":[],"damage_taken":[{"damage":0.0,"enemies":"2 Louse","floor":1.0,"turns":1.0},{"damage":5.0,"enemies":"Small Slimes","floor":2.0,"turns":3.0},{"damage":0.0,"enemies":"Jaw Worm","floor":5.0,"turns":3.0},{"damage":0.0,"enemies":"2 Fungi Beasts","floor":7.0,"turns":2.0},{"damage":10.0,"enemies":"Looter","floor":11.0,"turns":2.0},{"damage":0.0,"enemies":"Gremlin Gang","floor":12.0,"turns":2.0},{"damage":8.0,"enemies":"Exordium Thugs","floor":13.0,"turns":4.0},{"damage":0,"enemies":"2 Fungi Beasts","floor":14,"turns":3},{"damage":20,"enemies":"Hexaghost","floor":16,"turns":6},{"damage":1,"enemies":"Spheric Guardian","floor":18,"turns":3},{"damage":20,"enemies":"Masked Bandits","floor":19,"turns":4},{"damage":8,"enemies":"2 Thieves","floor":21,"turns":4},{"damage":6,"enemies":"Book of Stabbing","floor":25,"turns":4},{"damage":25,"enemies":"Gremlin Leader","floor":27,"turns":4},{"damage":44,"enemies":"Automaton","floor":33,"turns":8}],"seed_played":"-5976209848288679628","potions_obtained":[{"floor":2.0,"key":"Fire Potion"},{"floor":5.0,"key":"Strength Potion"},{"floor":11.0,"key":"AttackPotion"},{"floor":14,"key":"Fire Potion"}],"is_trial":false,"path_per_floor":["M","M","$","?","M","R","M","R","T","?","M","M","M","M","R","B",null,"M","?","?","M","?","R","$","E","T","E","?","R","?","$","R","B"],"character_chosen":"DEFECT","items_purchased":["Ball Lightning"],"campfire_rested":0,"item_purchase_floors":[24],"current_hp_per_floor":[75,70,70,75,75,75,75,75,75,75,65,65,57,57,57,44,80,80,67,67,66,66,66,66,67,67,56,43,43,37,37,37,0],"gold":51,"neow_bonus":"UPGRADE_CARD","is_prod":false,"is_daily":false,"chose_seed":false,"campfire_upgraded":6,"win_rate":0,"timestamp":1567956950,"path_taken":["M","M","$","?","M","R","M","R","T","?","M","M","M","M","R","BOSS","M","?","?","M","?","R","$","E","T","E","?","R","?","?","R","BOSS"],"build_version":"2019-07-17","purchased_purges":3,"victory":false,"max_hp_per_floor":[75,75,75,80,80,80,80,80,80,80,80,80,80,80,80,80,80,80,80,80,80,80,80,80,80,80,87,43,43,48,48,48,48],"card_choices":[{"not_picked":["Coolheaded","Consume"],"picked":"Melter","floor":1.0},{"not_picked":["Darkness","Turbo"],"picked":"Defragment","floor":2.0},{"not_picked":["Streamline","Hologram"],"picked":"Cold Snap","floor":5.0},{"not_picked":["Darkness","Scrape","Steam Power"],"picked":"SKIP","floor":7.0},{"not_picked":["Gash","Barrage"],"picked":"Sweeping Beam","floor":11.0},{"not_picked":["Steam","Compile Driver"],"picked":"Lockon","floor":12.0},{"not_picked":["Genetic Algorithm","Coolheaded"],"picked":"White Noise","floor":13.0},{"not_picked":["Streamline","Storm"],"picked":"Self Repair","floor":14},{"not_picked":["Turbo","Loop+1"],"picked":"Ball Lightning","floor":18},{"not_picked":["Doom and Gloom","Redo"],"picked":"Auto Shields","floor":19},{"not_picked":["Redo","Stack+1"],"picked":"Static Discharge","floor":21},{"not_picked":["Scrape","Chaos"],"picked":"Static Discharge","floor":25},{"not_picked":["Rainbow","Ball Lightning","Heatsinks+1"],"picked":"SKIP","floor":27}],"player_experience":380159,"relics_obtained":[{"floor":9.0,"key":"Bottled Tornado"},{"floor":19,"key":"Red Mask"},{"floor":25,"key":"Lantern"},{"floor":26,"key":"Juzu Bracelet"},{"floor":27,"key":"Strawberry"}],"event_choices":[{"damage_healed":0.0,"max_hp_gain":5.0,"max_hp_loss":0.0,"gold_gain":0.0,"event_name":"Big Fish","player_choice":"Donut","floor":4.0,"gold_loss":0.0,"damage_taken":0.0},{"damage_healed":0.0,"max_hp_gain":0.0,"max_hp_loss":0.0,"gold_gain":0.0,"event_name":"Liars Game","player_choice":"Ignored","floor":10.0,"gold_loss":0.0,"damage_taken":0.0},{"damage_healed":0,"gold_gain":0,"player_choice":"Fought Bandits","damage_taken":0,"max_hp_gain":0,"max_hp_loss":0,"event_name":"Masked Bandits","floor":19,"gold_loss":0},{"damage_healed":0,"gold_gain":0,"cards_transformed":["Strike_B","Defend_B"],"player_choice":"Became Test Subject","damage_taken":0,"max_hp_gain":0,"max_hp_loss":0,"event_name":"Drug Dealer","floor":20,"gold_loss":0,"cards_obtained":["Lockon","Cold Snap"]},{"damage_healed":0,"gold_gain":0,"player_choice":"Obtained Relic","damage_taken":0,"relics_obtained":["Prayer Wheel"],"max_hp_gain":0,"max_hp_loss":0,"event_name":"Addict","floor":22,"gold_loss":85},{"damage_healed":0,"gold_gain":0,"player_choice":"Became a Ghost","damage_taken":0,"max_hp_gain":0,"max_hp_loss":44,"event_name":"Ghosts","floor":28,"gold_loss":0,"cards_obtained":["Ghostly","Ghostly","Ghostly","Ghostly","Ghostly"]},{"damage_healed":0,"gold_gain":0,"player_choice":"Shed Blood","damage_taken":11,"max_hp_gain":5,"max_hp_loss":0,"event_name":"Forgotten Altar","floor":30,"gold_loss":0}],"is_beta":false,"boss_relics":[{"not_picked":["Orrery","Nuclear Battery"],"picked":"Sozu"}],"items_purged_floors":[3,24,31],"is_endless":false,"potions_floor_spawned":[2,5,11,14,16,19,27],"killed_by":"Automaton","ascension_level":0}