{"gold_per_floor":[109,109,122,138,138,138,138,138,138,138,171,45,57,57,57,158,158,173,98,98,113,124,124,135,135,159,159,178,11,22,41,41,143,143,160,0,11,11,11,11,31,31,31,31,31,46,66,81,81,81],"floor_reached":51,"playtime":1487,"items_purged":["Strike_B","Defend_B"],"score":699,"play_id":"133243b5-6f27-4e51-b0c4-4c6788f681aa","local_time":"20190909211746","is_ascension_mode":false,"campfire_choices":[{"data":"Zap","floor":6.0,"key":"SMITH"},{"data":"Dualcast","floor":8.0,"key":"SMITH"},{"data":"Undo","floor":10.0,"key":"SMITH"},{"data":"Auto Shields","floor":15.0,"key":"SMITH"},{"data":"Melter","floor":23.0,"key":"SMITH"},{"data":"Ball Lightning","floor":27.0,"key":"SMITH"},{"data":"Defragment","floor":32,"key":"SMITH"},{"data":"Defragment","floor":40,"key":"SMITH"},{"data":"Biased Cognition","floor":49,"key":"SMITH"}],"neow_cost":"NONE","seed_source_timestamp":208576255808500,"circlet_count":0,"master_deck":["Strike_B","Strike_B","Defend_B","Zap+1","Dualcast+1","Auto Shields+1","Genetic Algorithm","Undo+1","Ball Lightning+1","Cold Snap","Conserve Battery+1","Biased Cognition+1","Ball Lightning+1","Skim+1","Loop+1","Conserve Battery+1","Glacier+1","Melter+1","Glacier+1","Loop+1","Defragment+1","Defragment+1","Core Surge","White Noise+1","Defragment+1","Loop+1"],"special_seed":0,"relics":["FrozenCore","Juzu Bracelet","Prayer Wheel","Toxic Egg 2","Coffee Dripper","Art of War","Red Mask","Du-Vu Doll","Smiling Mask","StoneCalendar"],"potions_floor_usage":[50],"damage_taken":[{"damage":2.0,"enemies":"2 Louse","floor":1.0,"turns":2.0},{"damage":1.0,"enemies":"Cultist","floor":3.0,"turns":3.0},{"damage":6.0,"enemies":"Jaw Worm","floor":4.0,"turns":4.0},{"damage":19.0,"enemies":"3 Sentries","floor":11.0,"turns":12.0},{"damage":1.0,"enemies":"2 Fungi Beasts","floor":13.0,"turns":3.0},{"damage":14.0,"enemies":"The Guardian","floor":16.0,"turns":11.0},{"damage":0.0,"enemies":"Chosen","floor":18.0,"turns":4.0},{"damage":4.0,"enemies":"2 Thieves","floor":21.0,"turns":3.0},{"damage":11.0,"enemies":"Chosen and Byrds","floor":22.0,"turns":5.0},{"damage":0.0,"enemies":"3 Cultists","floor":24.0,"turns":5.0},{"damage":0,"enemies":"Snake Plant","floor":28,"turns":3},{"damage":0,"enemies":"Chosen and Byrds","floor":30,"turns":4},{"damage":0,"enemies":"Shelled Parasite and Fungi","floor":31,"turns":6},{"damage":10,"enemies":"Automaton","floor":33,"turns":8},{"damage":5,"enemies":"3 Darklings","floor":35,"turns":6},{"damage":0,"enemies":"Orb Walker","floor":37,"turns":4},{"damage":0,"enemies":"Maw","floor":41,"turns":9},{"damage":0,"enemies":"3 Darklings","floor":46,"turns":6},{"damage":0,"enemies":"4 Shapes","floor":47,"turns":6},{"damage":1,"enemies":"Transient","floor":48,"turns":5},{"damage":0,"enemies":"Time Eater","floor":50,"turns":8}],"seed_played":"-3691138788497008392","potions_obtained":[{"floor":1.0,"key":"Weak Potion"},{"floor":13.0,"key":"Strength Potion"},{"floor":16.0,"key":"SkillPotion"},{"floor":41,"key":"LiquidBronze"}],"is_trial":false,"path_per_floor":["M","?","M","M","?","R","?","R","T","R","E","$","M","$","R","B",null,"M","?","?","M","M","R","M","?","T","R","M","$","M","M","R","B",null,"M","?","M","?","?","R","M","?","T","$","?","M","M","M","R","B",null],"character_chosen":"DEFECT","items_purchased":["Cold Snap","Defragment"],"campfire_rested":0,"item_purchase_floors":[12,29],"current_hp_per_floor":[73,78,77,71,71,71,71,71,71,71,52,52,51,51,51,37,80,80,80,80,76,65,65,65,65,65,65,65,65,65,65,65,55,80,75,75,75,75,75,75,75,75,75,75,75,75,75,74,74,74],"gold":81,"neow_bonus":"RANDOM_COMMON_RELIC","is_prod":false,"is_daily":false,"chose_seed":false,"campfire_upgraded":9,"win_rate":0,"timestamp":1568031466,"path_taken":["M","?","M","M","?","R","?","R","T","R","E","$","M","?","R","BOSS","M","?","?","M","M","R","M","?","T","R","M","$","M","M","R","BOSS","M","?","M","?","?","R","M","?","T","$","?","M","M","M","R","BOSS"],"build_version":"2019-07-17","purchased_purges":2,"victory":true,"max_hp_per_floor":[75,80,80,80,80,80,80,80,80,80,80,80,80,80,80,80,80,80,80,80,80,80,80,80,80,80,80,80,80,80,80,80,80,80,80,80,80,80,80,80,80,80,80,80,80,80,80,80,80,80],"card_choices":[{"not_picked":["Loop","Beam Cell","Streamline"],"picked":"SKIP","floor":1.0},{"not_picked":["Coolheaded","Chaos"],"picked":"Auto Shields","floor":3.0},{"not_picked":["Recycle","Chill"],"picked":"Genetic Algorithm","floor":4.0},{"not_picked":["Heatsinks","Aggregate"],"picked":"Ball Lightning","floor":11.0},{"not_picked":["Rip and Tear","Steam Power+1"],"picked":"Conserve Battery+1","floor":13.0},{"not_picked":["Consume+1","Compile Driver","Streamline"],"picked":"SKIP","floor":13.0},{"not_picked":["Buffer","Fission+1"],"picked":"Biased Cognition","floor":16.0},{"not_picked":["Recycle+1","Go for the Eyes+1"],"picked":"Ball Lightning+1","floor":18.0},{"not_picked":["Streamline","Sweeping Beam+1"],"picked":"Skim+1","floor":18.0},{"not_picked":["Beam Cell","Tempest+1"],"picked":"Loop+1","floor":21.0},{"not_picked":["Gash","Rebound"],"picked":"Conserve Battery+1","floor":21.0},{"not_picked":["Tempest+1","Turbo+1"],"picked":"Glacier+1","floor":22.0},{"not_picked":["Ball Lightning","Gash+1"],"picked":"Melter","floor":22.0},{"not_picked":["Static Discharge+1","Force Field+1","Compile Driver"],"picked":"SKIP","floor":24.0},{"not_picked":["Coolheaded+1","Leap+1","Streamline"],"picked":"SKIP","floor":24.0},{"not_picked":["Reprogram+1","Aggregate+1"],"picked":"Loop+1","floor":28},{"not_picked":["Rebound+1","Turbo+1","Barrage+1"],"picked":"SKIP","floor":28},{"not_picked":["Amplify+1","Streamline","Stack+1"],"picked":"SKIP","floor":30},{"not_picked":["Beam Cell+1","Skim+1","Sweeping Beam"],"picked":"SKIP","floor":30},{"not_picked":["Redo+1","Turbo+1"],"picked":"Defragment","floor":31},{"not_picked":["Rebound","Cold Snap","Loop"],"picked":"SKIP","floor":31},{"not_picked":["Buffer","Machine Learning"],"picked":"Core Surge","floor":33},{"not_picked":["Fusion+1","Steam+1","Leap+1"],"picked":"SKIP","floor":35},{"not_picked":["Steam+1","Glacier+1","Chaos+1"],"picked":"SKIP","floor":35},{"not_picked":["Turbo+1","Coolheaded+1"],"picked":"White Noise+1","floor":37},{"not_picked":["Barrage","Reprogram+1","Rip and Tear+1"],"picked":"SKIP","floor":37},{"not_picked":["Go for the Eyes+1","Coolheaded+1"],"picked":"Defragment+1","floor":41},{"not_picked":["Lockon","Sunder","Steam+1"],"picked":"SKIP","floor":41},{"not_picked":["Streamline+1","Defragment","FTL+1"],"picked":"SKIP","floor":46},{"not_picked":["Stack+1","Gash","Darkness+1"],"picked":"SKIP","floor":46},{"not_picked":["Redo+1","Turbo+1","Barrage"],"picked":"SKIP","floor":47},{"not_picked":["FTL","Creative AI","Rip and Tear"],"picked":"SKIP","floor":47},{"not_picked":["Steam Power+1","Auto Shields+1"],"picked":"Loop+1","floor":48},{"not_picked":["Ball Lightning+1","Glacier+1","Beam Cell"],"picked":"SKIP","floor":48}],"player_experience":396093,"relics_obtained":[{"floor":9.0,"key":"Prayer Wheel"},{"floor":11.0,"key":"Toxic Egg 2"},{"floor":26.0,"key":"Art of War"},{"floor":43,"key":"Smiling Mask"},{"floor":45,"key":"StoneCalendar"}],"event_choices":[{"damage_healed":0.0,"max_hp_gain":5.0,"max_hp_loss":0.0,"gold_gain":0.0,"event_name":"Big Fish","player_choice":"Donut","floor":2.0,"gold_loss":0.0,"damage_taken":0.0},{"damage_healed":0.0,"max_hp_gain":0.0,"max_hp_loss":0.0,"gold_gain":0.0,"cards_transformed":["Strike_B"],"event_name":"Transmorgrifier","player_choice":"Transformed","floor":5.0,"gold_loss":0.0,"damage_taken":0.0,"cards_obtained":["Undo"]},{"cards_removed":["Defend_B"],"damage_healed":0.0,"max_hp_gain":0.0,"max_hp_loss":0.0,"gold_gain":0.0,"event_name":"Bonfire Elementals","player_choice":"Offered Basic","floor":7.0,"gold_loss":0.0,"damage_taken":0.0},{"cards_removed":["Defend_B"],"damage_healed":0.0,"max_hp_gain":0.0,"max_hp_loss":0.0,"gold_gain":0.0,"event_name":"Beggar","player_choice":"Gave Gold","floor":19.0,"gold_loss":75.0,"damage_taken":0.0},{"damage_healed":0.0,"max_hp_gain":0.0,"max_hp_loss":0.0,"gold_gain":0.0,"event_name":"Ghosts","player_choice":"Ignored","floor":20.0,"gold_loss":0.0,"damage_taken":0.0},{"damage_healed":0.0,"max_hp_gain":0.0,"max_hp_loss":0.0,"gold_gain":0.0,"event_name":"Duplicator","player_choice":"Copied","floor":25.0,"gold_loss":0.0,"damage_taken":0.0,"cards_obtained":["Glacier"]},{"damage_healed":0,"gold_gain":0,"player_choice":"Paid","damage_taken":0,"relics_obtained":["Red Mask"],"max_hp_gain":0,"max_hp_loss":0,"event_name":"Tomb of Lord Red Mask","floor":36,"gold_loss":160},{"damage_healed":0,"gold_gain":0,"player_choice":"Ignored","damage_taken":0,"max_hp_gain":0,"max_hp_loss":0,"event_name":"NoteForYourself","floor":38,"gold_loss":0},{"damage_healed":0,"gold_gain":0,"player_choice":"Gave Potion","damage_taken":0,"relics_obtained":["Du-Vu Doll"],"max_hp_gain":0,"max_hp_loss":0,"event_name":"WeMeetAgain","floor":39,"gold_loss":0},{"damage_healed":0,"gold_gain":0,"player_choice":"Ignored","damage_taken":0,"max_hp_gain":0,"max_hp_loss":0,"event_name":"Mysterious Sphere","floor":42,"gold_loss":0},{"damage_healed":0,"gold_gain":0,"player_choice":"Relic","damage_taken":0,"max_hp_gain":0,"max_hp_loss":0,"event_name":"Wheel of Change","floor":45,"gold_loss":0}],"is_beta":false,"boss_relics":[{"not_picked":["Philosopher\u0027s Stone","Fusion Hammer"],"picked":"Coffee Dripper"},{"not_picked":["Runic Dome","Velvet Choker"],"picked":"FrozenCore"}],"items_purged_floors":[12,29],"is_endless":false,"potions_floor_spawned":[1,13,16,18,21,22,30,35,41,48],"ascension_level":0}