{"gold_per_floor":[119,138,138,313,326,360,377,377,400,114,114,131,131,148,148,148],"floor_reached":16,"playtime":1476,"items_purged":[],"score":102,"play_id":"0b993d44-5d0e-488f-9022-33b55bee0032","local_time":"20180707235245","is_ascension_mode":false,"campfire_choices":[{"floor":8,"key":"REST"},{"floor":15,"key":"REST"}],"neow_cost":"","seed_source_timestamp":89552340729983,"circlet_count":0,"master_deck":["Strike_R","Strike_R","Strike_R","Strike_R","Strike_R+1","Defend_R","Defend_R","Defend_R","Bash","Metallicize","Ghostly Armor","Doubt","Thunderclap+1","Flex","Warcry","Bandage Up+1","Seeing Red","Shrug It Off","Body Slam"],"relics":["Burning Blood","Orichalcum","Whetstone","Happy Flower","Pen Nib"],"potions_floor_usage":[16,16,16],"damage_taken":[{"damage":1,"enemies":"2 Louse","floor":1,"turns":3},{"damage":7,"enemies":"Small Slimes","floor":2,"turns":3},{"damage":6,"enemies":"Cultist","floor":5,"turns":4},{"damage":56,"enemies":"Gremlin Nob","floor":6,"turns":7},{"damage":2,"enemies":"Lots of Slimes","floor":7,"turns":3},{"damage":5,"enemies":"2 Fungi Beasts","floor":12,"turns":4},{"damage":4,"enemies":"Looter","floor":14,"turns":3},{"damage":75,"enemies":"The Guardian","floor":16,"turns":20}],"seed_played":"-2645973400016103399","potions_obtained":[{"floor":6,"key":"SteroidPotion"},{"floor":7,"key":"Strength Potion"},{"floor":12,"key":"SpeedPotion"}],"is_trial":false,"path_per_floor":["M","M","?","?","M","E","M","R","T","$","?","M","?","M","R"],"character_chosen":"IRONCLAD","items_purchased":["Bandage Up","Happy Flower","Seeing Red"],"campfire_rested":2,"item_purchase_floors":[10,10,10],"current_hp_per_floor":[80,79,72,72,72,22,26,50,50,50,32,37,37,45,69,0],"gold":148,"neow_bonus":"","is_prod":false,"is_daily":false,"chose_seed":false,"campfire_upgraded":0,"win_rate":0.0,"timestamp":1530975165,"path_taken":["M","M","?","?","?","E","M","R","T","$","?","M","?","?","R","BOSS"],"build_version":"2018-07-05","purchased_purges":0,"victory":false,"max_hp_per_floor":[80,80,80,80,80,80,80,80,80,80,80,80,80,80,80,80],"card_choices":[{"not_picked":["Flex","Headbutt"],"picked":"Metallicize","floor":1},{"not_picked":["Metallicize","Pommel Strike"],"picked":"Ghostly Armor","floor":2},{"not_picked":["Sever Soul","Clash"],"picked":"Thunderclap","floor":5},{"not_picked":["True Grit","Thunderclap"],"picked":"Flex","floor":6},{"not_picked":["Feel No Pain","Blood for Blood"],"picked":"Warcry","floor":7},{"not_picked":["Dark Embrace","Perfected Strike"],"picked":"Shrug It Off","floor":12},{"not_picked":["Power Through","Thunderclap"],"picked":"Body Slam","floor":14}],"player_experience":0,"relics_obtained":[{"floor":6,"key":"Orichalcum"},{"floor":9,"key":"Whetstone"}],"event_choices":[{"event_name":"Golden Wing","player_choice":"Card Removal","floor":3,"damage_taken":0},{"event_name":"Liars Game","player_choice":"agreed","floor":4,"damage_taken":0},{"event_name":"Scrap Ooze","player_choice":"success","floor":11,"damage_taken":18},{"event_name":"Living Wall","player_choice":"Grow","floor":13,"damage_taken":0}],"boss_relics":[],"items_purged_floors":[],"is_endless":false,"potions_floor_spawned":[6,7,12],"killed_by":"The Guardian","ascension_level":0}