{"path_per_floor":["M","?","M","?","M","E","R","?","T","M","E","M","?","?","R"],"character_chosen":"THE_SILENT","items_purchased":[],"gold_per_floor":[115,115,128,128,138,173,173,173,196,207,232,246,246,318,318,318],"floor_reached":16,"campfire_rested":1,"playtime":686,"current_hp_per_floor":[58,58,51,55,55,41,41,41,41,38,17,12,12,12,33,0],"items_purged":[],"gold":318,"score":110,"play_id":"e1bf5093-6190-4a1b-a144-4afc34cdbf78","local_time":"20180513083343","is_prod":false,"is_daily":false,"chose_seed":false,"is_ascension_mode":false,"campfire_upgraded":1,"timestamp":1526218423,"path_taken":["M","?","?","?","M","E","R","?","T","?","E","M","?","?","R","BOSS"],"build_version":"2018-05-10","seed_source_timestamp":389674920933582,"purchased_purges":0,"victory":false,"master_deck":["Defend_G","Defend_G","Defend_G","Defend_G","Strike_G+1","Strike_G","Strike_G","Strike_G+1","Survivor","Neutralize","Tools of the Trade+1","Slice","Masterful Stab","Regret","Concentrate+1","Dagger Throw","Blade Dance","Deflect","Flying Knee"],"max_hp_per_floor":[63,63,63,70,70,70,70,70,70,70,70,70,70,70,70,70],"relics":["Ring of the Snake","Happy Flower","Strawberry","Matryoshka","Whetstone","Omamori","Orichalcum"],"card_choices":[{"not_picked":["Quick Slash","Dodge and Roll"],"picked":"Masterful Stab","floor":1},{"not_picked":["Blade Dance","Dodge and Roll"],"picked":"Concentrate","floor":3},{"not_picked":["Flying Knee","Catalyst"],"picked":"Dagger Throw","floor":5},{"not_picked":["Riddle With Holes","Phantasmal Killer"],"picked":"Blade Dance","floor":6},{"not_picked":["Sucker Punch","Quick Slash"],"picked":"Deflect","floor":10},{"not_picked":["Catalyst","Crippling Poison"],"picked":"Flying Knee","floor":12}],"player_experience":150399,"potions_floor_usage":[6,10,11],"damage_taken":[{"damage":5,"enemies":"Small Slimes","floor":1,"turns":4},{"damage":7,"enemies":"Jaw Worm","floor":3,"turns":3},{"damage":0,"enemies":"2 Louse","floor":5,"turns":3},{"damage":14,"enemies":"Gremlin Nob","floor":6,"turns":4},{"damage":3,"enemies":"Lots of Slimes","floor":10,"turns":3},{"damage":21,"enemies":"Lagavulin","floor":11,"turns":6},{"damage":5,"enemies":"Exordium Wildlife","floor":12,"turns":4},{"damage":35,"enemies":"The Guardian","floor":16,"turns":11}],"event_choices":[{"event_name":"Big Fish","player_choice":"Box","floor":2,"damage_taken":0},{"event_name":"Scrap Ooze","player_choice":"success","floor":4,"damage_taken":3},{"event_name":"Upgrade Shrine","player_choice":"Upgraded","floor":8,"damage_taken":0},{"event_name":"Shining Light","player_choice":"Ignored","floor":13,"damage_taken":0},{"event_name":"Golden Wing","player_choice":"Gained Gold","floor":14,"damage_taken":0}],"boss_relics":[],"potions_floor_spawned":[3,5,10],"seed_played":"-4434604129747822470","killed_by":"The Guardian","ascension_level":0,"is_trial":false}