{"gold_per_floor":[116,20,38,51,51,84,99,99,173,188,188,204,221,221,221,318,318,336,86,105,105,51,69,69,83,83,116,132,142,142,57,57,161,211,226,241,251,265,265,297,297],"floor_reached":41,"playtime":3445,"items_purged":["animator:Defend"],"score":474,"play_id":"966114cc-b9fb-4775-bf55-30cdad426bcf","local_time":"20190622223118","is_ascension_mode":false,"campfire_choices":[{"data":"animator:Scar","floor":8,"key":"SMITH"},{"data":"animator:AcuraAkari","floor":11,"key":"SMITH"},{"data":"Enlightenment","floor":15,"key":"SMITH"},{"data":"Apotheosis","floor":24,"key":"SMITH"},{"floor":30,"key":"REST"},{"floor":32,"key":"REST"}],"neow_cost":"NONE","seed_source_timestamp":1071018351802490,"circlet_count":0,"master_deck":["animator:Defend_HitsugiNoChaika+1","animator:Defend+1","animator:Defend+1","animator:AcuraAkari+1","animator:Gillette+1","animator:Viivi","Enlightenment+1","animator:Scar+1","animator:HighElfArcher","animator:Hakurou+1","animator:AcuraTooru+1","animator:Saber+1","animator:Millim+2","animator:AcuraTooru+1","animator:Ainz+1","animator:Hitei+1","Apotheosis+1","animator:Demiurge+1","animator:Archer+1","animator:AcuraShin+1","animator:Layla","animator:Souei+1","animator:AcuraShin","animator:Demiurge","animator:Alexander","animator:Aqua+1","animator:PandorasActor","animator:Konayuki+1","animator:Archer+1"],"relics":["animator:LivingPicture","animator:PurgingStone_Cards","animator:TheMissingPiece","Orichalcum","Pear","WristBlade","Black Star","Ornamental Fan","Blue Candle","Blood Vial","Gremlin Horn","War Paint","Tiny House","Red Skull","Happy Flower","PreservedInsect"],"potions_floor_usage":[13,23,25,27,35],"damage_taken":[{"damage":0,"enemies":"2 Louse","floor":1,"turns":2},{"damage":0,"enemies":"Cultist","floor":3,"turns":3},{"damage":0,"enemies":"Small Slimes","floor":4,"turns":3},{"damage":29,"enemies":"Lagavulin","floor":6,"turns":6},{"damage":0,"enemies":"Blue Slaver","floor":7,"turns":3},{"damage":3,"enemies":"2 Fungi Beasts","floor":10,"turns":2},{"damage":0,"enemies":"3 Louse","floor":12,"turns":5},{"damage":0,"enemies":"Lots of Slimes","floor":13,"turns":3},{"damage":12,"enemies":"Hexaghost","floor":16,"turns":6},{"damage":0,"enemies":"Chosen","floor":18,"turns":3},{"damage":4,"enemies":"3 Byrds","floor":20,"turns":4},{"damage":4,"enemies":"Snake Plant","floor":23,"turns":3},{"damage":6,"enemies":"Chosen and Byrds","floor":25,"turns":5},{"damage":32,"enemies":"Slavers","floor":27,"turns":4},{"damage":21,"enemies":"Centurion and Healer","floor":28,"turns":5},{"damage":0,"enemies":"3 Cultists","floor":29,"turns":4},{"damage":8,"enemies":"Automaton","floor":33,"turns":6},{"damage":8,"enemies":"3 Shapes","floor":35,"turns":4},{"damage":21,"enemies":"Orb Walker","floor":36,"turns":4},{"damage":41,"enemies":"Jaw Worm Horde","floor":37,"turns":5},{"damage":0,"enemies":"Transient","floor":38,"turns":5},{"damage":43,"enemies":"Nemesis","floor":40,"turns":5},{"damage":21,"enemies":"Maw","floor":41,"turns":2}],"seed_played":"2815016974303036296","potions_obtained":[{"floor":1,"key":"Fire Potion"},{"floor":4,"key":"PowerPotion"},{"floor":7,"key":"Energy Potion"},{"floor":10,"key":"animator:FalseLifePotion"},{"floor":18,"key":"SkillPotion"},{"floor":28,"key":"Ancient Potion"},{"floor":34,"key":"animator:FalseLifePotion"},{"floor":35,"key":"FairyPotion"}],"is_trial":false,"path_per_floor":["M","$","M","M","?","E","M","R","T","M","R","M","M","?","R","B",null,"M","$","M","?","$","M","R","M","T","E","M","M","R","?","R","B",null,"M","M","M","M","?","E","M"],"character_chosen":"THE_ANIMATOR","items_purchased":["Enlightenment","Apotheosis","animator:Archer"],"campfire_rested":2,"item_purchase_floors":[2,19,22],"current_hp_per_floor":[72,72,72,72,72,43,43,43,53,50,50,50,50,43,43,31,82,82,82,78,69,69,65,65,59,59,27,8,10,34,34,58,52,87,79,60,26,33,33,8,0],"gold":297,"neow_bonus":"REMOVE_CARD","is_prod":false,"is_daily":false,"chose_seed":false,"campfire_upgraded":4,"win_rate":0,"timestamp":1561257078,"path_taken":["M","$","M","M","?","E","M","R","T","M","R","M","?","?","R","BOSS","M","$","M","?","$","M","R","M","T","E","M","M","R","?","R","BOSS","M","M","M","M","?","E","?"],"build_version":"2019-01-23","purchased_purges":1,"victory":false,"max_hp_per_floor":[72,72,72,72,72,72,72,72,82,82,82,82,82,82,82,82,82,82,82,82,82,82,82,82,82,82,82,82,82,82,82,82,82,87,87,87,87,87,87,87,87],"card_choices":[{"not_picked":["animator:Archer","animator:LeleiLaLalena"],"picked":"animator:Viivi","floor":1},{"not_picked":["animator:Entoma","animator:Sloth"],"picked":"animator:Scar","floor":3},{"not_picked":["animator:Evileye","animator:MumenRider"],"picked":"animator:HighElfArcher","floor":4},{"not_picked":["animator:ChaikaBohdan","animator:Viivi"],"picked":"animator:AcuraTooru","floor":6},{"not_picked":["animator:SilverFang","animator:Genos"],"picked":"animator:Saber","floor":7},{"not_picked":["animator:Kazuma","animator:Yuuichirou"],"picked":"animator:Millim","floor":10},{"not_picked":["animator:MumenRider","animator:LizardPriest","animator:Raven"],"picked":"SKIP","floor":12},{"not_picked":["animator:Gillette","animator:Viivi"],"picked":"animator:AcuraTooru","floor":13},{"not_picked":["animator:Envy","animator:Eve"],"picked":"animator:Ainz","floor":16},{"not_picked":["animator:TukaLunaMarceau","animator:CowGirl"],"picked":"animator:Hitei+1","floor":18},{"not_picked":["animator:Chung","animator:Emonzaemon"],"picked":"animator:Demiurge+1","floor":20},{"not_picked":["animator:Guy+1","animator:AcuraTooru"],"picked":"animator:AcuraShin","floor":23},{"not_picked":["animator:Albedo","animator:YunYun"],"picked":"animator:Layla","floor":25},{"not_picked":["animator:Lancer","animator:Azekura"],"picked":"animator:Souei","floor":27},{"not_picked":["animator:Fredrika","animator:Gluttony","animator:Benimaru"],"picked":"SKIP","floor":28},{"not_picked":["animator:Gilgamesh","animator:Boros"],"picked":"animator:AcuraShin","floor":33},{"not_picked":["animator:RinTohsaka","animator:MumenRider"],"picked":"animator:Demiurge","floor":34},{"not_picked":["animator:YunYun+1","animator:Chung"],"picked":"animator:Alexander","floor":35},{"not_picked":["animator:Archer","animator:Viivi"],"picked":"animator:Aqua+1","floor":36},{"not_picked":["animator:Albedo","animator:Cocytus+1"],"picked":"animator:PandorasActor","floor":37},{"not_picked":["animator:ChlammyZell","animator:Alexander"],"picked":"animator:Konayuki+1","floor":38},{"not_picked":["animator:Viivi","animator:Cocytus+1"],"picked":"animator:Archer+1","floor":40}],"player_experience":540090,"relics_obtained":[{"floor":6,"key":"Orichalcum"},{"floor":9,"key":"Pear"},{"floor":13,"key":"WristBlade"},{"floor":18,"key":"Ornamental Fan"},{"floor":26,"key":"Blue Candle"},{"floor":27,"key":"Blood Vial"},{"floor":27,"key":"Gremlin Horn"},{"floor":34,"key":"Red Skull"},{"floor":40,"key":"Happy Flower"},{"floor":40,"key":"PreservedInsect"}],"event_choices":[{"damage_healed":0,"gold_gain":0,"cards_transformed":["animator:Strike"],"player_choice":"Transformed","damage_taken":0,"max_hp_gain":0,"max_hp_loss":0,"event_name":"Transmorgrifier","floor":5,"gold_loss":0,"cards_obtained":["animator:Hakurou"]},{"cards_removed":["animator:Strike"],"damage_healed":0,"gold_gain":0,"player_choice":"Card Removal","damage_taken":7,"max_hp_gain":0,"max_hp_loss":0,"event_name":"Golden Wing","floor":14,"gold_loss":0},{"damage_healed":0,"gold_gain":0,"player_choice":"Stopped","damage_taken":9,"max_hp_gain":0,"max_hp_loss":0,"event_name":"Cursed Tome","floor":21,"gold_loss":0},{"damage_healed":0,"gold_gain":0,"player_choice":"Obtained Relic","damage_taken":0,"relics_obtained":["War Paint"],"max_hp_gain":0,"max_hp_loss":0,"event_name":"Addict","floor":31,"gold_loss":85},{"cards_removed":["animator:Strike_HitsugiNoChaika"],"damage_healed":0,"gold_gain":0,"player_choice":"Card Removal","damage_taken":0,"max_hp_gain":0,"max_hp_loss":0,"event_name":"Wheel of Change","floor":39,"gold_loss":0}],"is_beta":false,"boss_relics":[{"not_picked":["Busted Crown","Pandora\u0027s Box"],"picked":"Black Star"},{"not_picked":["Snecko Eye","Astrolabe"],"picked":"Tiny House"}],"items_purged_floors":[19],"is_endless":false,"potions_floor_spawned":[1,4,7,10,18,20,28,35],"killed_by":"Maw","ascension_level":0}