{"gold_per_floor":[111,61,61,72,72,105,105,119,146,146,176,176,192,218,218,321,321,337,75,75,105,125,125,135,135,183,4,22,22,22,39,39,136,136,154,376,391,361,2,27,27,54,54,11,11,11,11,39,39,39],"floor_reached":51,"playtime":4010,"items_purged":["Strike_G"],"score":849,"play_id":"46eba53a-e300-43e7-9b69-d48eac4c8a29","local_time":"20190205112359","is_ascension_mode":true,"campfire_choices":[{"data":"Neutralize","floor":7.0,"key":"SMITH"},{"data":"Survivor","floor":12.0,"key":"SMITH"},{"data":"Prepared","floor":15.0,"key":"SMITH"},{"floor":23.0,"key":"REST"},{"data":"Terror","floor":25.0,"key":"SMITH"},{"floor":29.0,"key":"REST"},{"data":"Envenom","floor":32.0,"key":"SMITH"},{"data":"Tools of the Trade","floor":41.0,"key":"SMITH"},{"data":"Envenom","floor":45,"key":"SMITH"},{"data":"Footwork","floor":47,"key":"SMITH"},{"floor":49,"key":"REST"}],"neow_cost":"NONE","seed_source_timestamp":0,"circlet_count":0,"master_deck":["Defend_G","Defend_G","Strike_G","Survivor+1","Neutralize+1","Dagger Spray","Well Laid Plans","Deadly Poison","Blur","Deadly Poison","Prepared+1","Envenom+1","Calculated Gamble+1","Noxious Fumes","Cloak And Dagger","Blade Dance","Deflect","Terror+1","Crippling Poison","Flying Knee+1","Corpse Explosion","Leg Sweep","Backflip","Tools of the Trade+1","Riddle With Holes+1","Footwork+1","Infinite Blades","Acrobatics+1","Envenom+1","PiercingWail","Distraction+1"],"special_seed":0,"relics":["Ring of the Serpent","NeowsBlessing","Blood Vial","Ancient Tea Set","Strawberry","Pantograph","Empty Cage","Happy Flower","Red Mask","Bag of Marbles","Ornamental Fan","Matryoshka","Peace Pipe","Smiling Mask","The Courier","Pear"],"potions_floor_usage":[46,50],"damage_taken":[{"damage":0.0,"enemies":"Small Slimes","floor":1.0,"turns":1.0},{"damage":0.0,"enemies":"2 Louse","floor":4.0,"turns":1.0},{"damage":0.0,"enemies":"Lagavulin","floor":6.0,"turns":1.0},{"damage":0.0,"enemies":"Jaw Worm","floor":8.0,"turns":3.0},{"damage":7.0,"enemies":"Gremlin Nob","floor":11.0,"turns":5.0},{"damage":4.0,"enemies":"2 Fungi Beasts","floor":13.0,"turns":3.0},{"damage":0.0,"enemies":"3 Sentries","floor":14.0,"turns":11.0},{"damage":28.0,"enemies":"Hexaghost","floor":16.0,"turns":10.0},{"damage":0.0,"enemies":"3 Byrds","floor":18.0,"turns":3.0},{"damage":60.0,"enemies":"Masked Bandits","floor":21.0,"turns":7.0},{"damage":3.0,"enemies":"Shell Parasite","floor":22.0,"turns":6.0},{"damage":11.0,"enemies":"Cultist and Chosen","floor":24.0,"turns":7.0},{"damage":2.0,"enemies":"Centurion and Healer","floor":28.0,"turns":5.0},{"damage":10.0,"enemies":"Chosen and Byrds","floor":31.0,"turns":6.0},{"damage":43.0,"enemies":"Automaton","floor":33.0,"turns":9.0},{"damage":17.0,"enemies":"3 Darklings","floor":35.0,"turns":3.0},{"damage":8.0,"enemies":"3 Shapes","floor":37.0,"turns":4.0},{"damage":6.0,"enemies":"Nemesis","floor":40.0,"turns":11.0},{"damage":19.0,"enemies":"Reptomancer","floor":42.0,"turns":9.0},{"damage":0,"enemies":"Writhing Mass","floor":46,"turns":1},{"damage":12,"enemies":"Giant Head","floor":48,"turns":8},{"damage":74,"enemies":"Time Eater","floor":50,"turns":12}],"seed_played":"5901825762090222115","potions_obtained":[{"floor":6.0,"key":"EssenceOfSteel"},{"floor":8.0,"key":"AttackPotion"},{"floor":16.0,"key":"AttackPotion"},{"floor":18.0,"key":"Energy Potion"},{"floor":24.0,"key":"Strength Potion"},{"floor":35.0,"key":"Strength Potion"},{"floor":38.0,"key":"Fruit Juice"},{"floor":38.0,"key":"SmokeBomb"}],"is_trial":false,"path_per_floor":["M","?","?","M","$","E","R","M","T","?","E","R","M","E","R","B",null,"M","$","?","?","M","R","M","R","T","$","M","R","?","M","R","B",null,"M","?","M","?","$","E","R","E","T","$","R","M","R","E","R","B",null],"character_chosen":"THE_SILENT","items_purchased":["Happy Flower","Noxious Fumes","Cloak And Dagger","Corpse Explosion","Leg Sweep","Ornamental Fan","Infinite Blades","PiercingWail"],"campfire_rested":3,"item_purchase_floors":[19,19,19,27,27,39,39,44],"current_hp_per_floor":[70,70,63,63,63,63,63,65,65,65,67,67,65,67,67,49,77,77,77,77,17,16,39,30,30,30,30,30,53,53,45,45,29,77,60,60,54,54,54,50,50,38,38,38,38,40,40,40,67,18],"gold":39,"neow_bonus":"THREE_ENEMY_KILL","is_prod":false,"is_daily":false,"chose_seed":false,"campfire_upgraded":8,"win_rate":0,"timestamp":1549333439,"path_taken":["M","?","?","M","$","E","R","M","T","?","E","R","M","E","R","BOSS","M","$","?","?","?","R","M","R","T","$","M","R","?","M","R","BOSS","M","?","M","?","$","E","R","E","T","$","R","M","R","E","R","BOSS"],"build_version":"2019-01-23","purchased_purges":1,"victory":true,"max_hp_per_floor":[70,70,70,70,70,70,70,70,70,70,77,77,77,77,77,77,77,77,77,77,77,77,77,77,77,77,77,77,77,77,77,77,77,77,77,77,77,77,77,77,77,82,82,82,82,82,82,92,92,92],"card_choices":[{"not_picked":["Flying Knee","Tactician"],"picked":"Dagger Spray","floor":1.0},{"not_picked":["Quick Slash","Underhanded Strike","Prepared"],"picked":"SKIP","floor":4.0},{"not_picked":["Calculated Gamble","Infinite Blades"],"picked":"Well Laid Plans","floor":6.0},{"not_picked":["Endless Agony","Quick Slash"],"picked":"Deadly Poison","floor":8.0},{"not_picked":["Expertise","Storm of Steel"],"picked":"Blur","floor":11.0},{"not_picked":["Infinite Blades","Tactician"],"picked":"Deadly Poison","floor":13.0},{"not_picked":["Dagger Spray","Sucker Punch"],"picked":"Prepared","floor":14.0},{"not_picked":["Phantasmal Killer","After Image"],"picked":"Envenom","floor":16.0},{"not_picked":["Outmaneuver","Underhanded Strike"],"picked":"Calculated Gamble+1","floor":18.0},{"not_picked":["Dodge and Roll","Concentrate"],"picked":"Terror","floor":21.0},{"not_picked":["Slice+1","Terror+1"],"picked":"Crippling Poison","floor":22.0},{"not_picked":["Setup","Sucker Punch"],"picked":"Flying Knee+1","floor":24.0},{"not_picked":["Calculated Gamble","Dagger Spray"],"picked":"Backflip","floor":28.0},{"not_picked":["Underhanded Strike","Predator","Sucker Punch"],"picked":"SKIP","floor":31.0},{"not_picked":["Phantasmal Killer","Corpse Explosion"],"picked":"Tools of the Trade","floor":33.0},{"not_picked":["Well Laid Plans+1","All Out Attack"],"picked":"Riddle With Holes+1","floor":35.0},{"not_picked":["Terror+1","Eviscerate"],"picked":"Footwork","floor":37.0},{"not_picked":["Reflex+1","Bane"],"picked":"Acrobatics+1","floor":40.0},{"not_picked":["Quick Slash+1","Cloak And Dagger"],"picked":"Envenom","floor":42},{"not_picked":["Flying Knee","Slice+1"],"picked":"Distraction+1","floor":48}],"player_experience":146645,"relics_obtained":[{"floor":6.0,"key":"Blood Vial"},{"floor":9.0,"key":"Ancient Tea Set"},{"floor":11.0,"key":"Strawberry"},{"floor":14.0,"key":"Pantograph"},{"floor":21.0,"key":"Red Mask"},{"floor":26.0,"key":"Bag of Marbles"},{"floor":40.0,"key":"Matryoshka"},{"floor":42,"key":"Peace Pipe"},{"floor":43,"key":"Smiling Mask"},{"floor":43,"key":"The Courier"},{"floor":48,"key":"Pear"}],"event_choices":[{"cards_removed":["Strike_G"],"damage_healed":0.0,"max_hp_gain":0.0,"max_hp_loss":0.0,"gold_gain":0.0,"event_name":"The Cleric","player_choice":"Card Removal","floor":2.0,"gold_loss":50.0,"damage_taken":0.0},{"cards_removed":["Defend_G"],"damage_healed":0.0,"max_hp_gain":0.0,"max_hp_loss":0.0,"gold_gain":0.0,"event_name":"Golden Wing","player_choice":"Card Removal","floor":3.0,"gold_loss":0.0,"damage_taken":7.0},{"damage_healed":0.0,"max_hp_gain":0.0,"max_hp_loss":0.0,"gold_gain":0.0,"event_name":"Golden Idol","player_choice":"Ignored","floor":10.0,"gold_loss":0.0,"damage_taken":0.0},{"damage_healed":0.0,"max_hp_gain":0.0,"max_hp_loss":0.0,"gold_gain":0.0,"cards_transformed":["Defend_G","Strike_G"],"event_name":"Drug Dealer","player_choice":"Became Test Subject","floor":20.0,"gold_loss":0.0,"damage_taken":0.0,"cards_obtained":["Blade Dance","Deflect"]},{"damage_healed":0.0,"max_hp_gain":0.0,"max_hp_loss":0.0,"gold_gain":0.0,"event_name":"Masked Bandits","player_choice":"Fought Bandits","floor":21.0,"gold_loss":0.0,"damage_taken":0.0},{"damage_healed":0.0,"max_hp_gain":0.0,"max_hp_loss":0.0,"gold_gain":0.0,"event_name":"Ghosts","player_choice":"Ignored","floor":30.0,"gold_loss":0.0,"damage_taken":0.0},{"damage_healed":0.0,"max_hp_gain":0.0,"max_hp_loss":0.0,"gold_gain":222.0,"event_name":"Tomb of Lord Red Mask","player_choice":"Wore Mask","floor":36.0,"gold_loss":0.0,"damage_taken":0.0},{"damage_healed":0.0,"max_hp_gain":0.0,"max_hp_loss":0.0,"gold_gain":0.0,"event_name":"The Woman in Blue","player_choice":"Bought 2 Potions","floor":38.0,"gold_loss":0.0,"damage_taken":0.0}],"is_beta":false,"boss_relics":[{"not_picked":["Philosopher\u0027s Stone","HoveringKite"],"picked":"Empty Cage"},{"not_picked":["Lizard Tail","WristBlade"],"picked":"Ring of the Serpent"}],"items_purged_floors":[39],"is_endless":false,"potions_floor_spawned":[6,8,16,18,24,35],"ascension_level":2}