{"gold_per_floor":[16,30,43,57,57,57,74,74,74,138,150,225,225,242,242,347,347,316,24,77,77,77,77,106,118,118,145,157,169],"floor_reached":29,"playtime":1147,"items_purged":["Regret"],"score":235,"play_id":"fbcb8f35-4194-4771-99eb-162b7c1145aa","local_time":"20181128054817","is_ascension_mode":false,"campfire_choices":[{"data":"Zap","floor":6,"key":"SMITH"},{"data":"Coolheaded","floor":8,"key":"SMITH"},{"floor":15,"key":"REST"},{"data":"Storm","floor":23,"key":"SMITH"},{"floor":28,"key":"REST"}],"neow_cost":"NO_GOLD","seed_source_timestamp":1059479822720441,"circlet_count":0,"master_deck":["Strike_B","Strike_B","Defend_B","Defend_B","Zap+1","Dualcast","Storm+1","Redo","Cold Snap+1","Undo+1","Coolheaded+1","Leap","Creative AI+1","Capacitor+1","Genetic Algorithm+1","Ball Lightning+1","Hello World","Conserve Battery+1","Chill","Steam Power"],"relics":["Cracked Core","Question Card","WarpedTongs","Astrolabe","DataDisk","Whetstone","Nilry\u0027s Codex","Ornamental Fan","MawBank"],"potions_floor_usage":[10,18,18,18,24],"damage_taken":[{"damage":0,"enemies":"2 Louse","floor":1,"turns":2},{"damage":1,"enemies":"Cultist","floor":2,"turns":3},{"damage":0,"enemies":"Small Slimes","floor":3,"turns":2},{"damage":12,"enemies":"Blue Slaver","floor":4,"turns":4},{"damage":0,"enemies":"2 Fungi Beasts","floor":7,"turns":4},{"damage":1,"enemies":"Lagavulin Event","floor":10,"turns":8},{"damage":8,"enemies":"3 Louse","floor":11,"turns":4},{"damage":16,"enemies":"Blue Slaver","floor":14,"turns":3},{"damage":38,"enemies":"The Guardian","floor":16,"turns":15},{"damage":27,"enemies":"2 Thieves","floor":18,"turns":5},{"damage":28,"enemies":"Book of Stabbing","floor":24,"turns":7},{"damage":7,"enemies":"3 Byrds","floor":25,"turns":5},{"damage":10,"enemies":"Shelled Parasite and Fungi","floor":27,"turns":6},{"damage":28,"enemies":"Colosseum Slavers","floor":29,"turns":4}],"seed_played":"-244191616340553570","potions_obtained":[{"floor":2,"key":"Weak Potion"},{"floor":3,"key":"FearPotion"},{"floor":11,"key":"Energy Potion"},{"floor":16,"key":"FearPotion"},{"floor":18,"key":"Regen Potion"}],"is_trial":false,"path_per_floor":["M","M","M","M","?","R","M","R","T","?","M","?","?","M","R","B",null,"M","$","T","?","?","R","E","M","T","M","R","?"],"character_chosen":"DEFECT","items_purchased":["DataDisk","Hello World"],"campfire_rested":2,"item_purchase_floors":[19,19],"current_hp_per_floor":[75,74,74,62,62,62,62,62,62,61,53,42,42,26,48,10,75,48,48,48,32,32,32,19,12,12,2,24,0],"gold":169,"neow_bonus":"REMOVE_TWO","is_prod":false,"is_daily":false,"chose_seed":false,"campfire_upgraded":3,"win_rate":0,"timestamp":1543405697,"path_taken":["M","M","M","M","?","R","M","R","T","?","M","?","?","M","R","BOSS","M","$","?","?","?","R","E","?","T","M","R","?"],"build_version":"2018-11-15","purchased_purges":1,"victory":false,"max_hp_per_floor":[75,75,75,75,75,75,75,75,75,75,75,75,75,75,75,75,75,75,75,75,75,75,75,75,75,75,75,75,75],"card_choices":[{"not_picked":["Hologram","Sweeping Beam"],"picked":"Storm","floor":1},{"not_picked":["Doom and Gloom","Steam"],"picked":"Redo","floor":2},{"not_picked":["Conserve Battery","Barrage"],"picked":"Cold Snap","floor":3},{"not_picked":["Steam","Leap"],"picked":"Undo","floor":4},{"not_picked":["Hologram","Conserve Battery"],"picked":"Coolheaded","floor":7},{"not_picked":["Ball Lightning","Scrape","Biased Cognition","Stack"],"picked":"SKIP","floor":11},{"not_picked":["Beam Cell","Consume","Darkness"],"picked":"Leap","floor":14},{"not_picked":["Reboot","Echo Form","Multi-Cast"],"picked":"Creative AI","floor":16},{"not_picked":["Streamline+1","Stack","Gash"],"picked":"Ball Lightning","floor":18},{"not_picked":["Cold Snap","Sunder+1","Sweeping Beam"],"picked":"Conserve Battery+1","floor":24},{"not_picked":["Hello World","Beam Cell","Double Energy"],"picked":"Chill","floor":25},{"not_picked":["Redo","Creative AI","Hologram"],"picked":"Steam Power","floor":27}],"player_experience":264013,"relics_obtained":[{"floor":10,"key":"Question Card"},{"floor":20,"key":"Whetstone"},{"floor":21,"key":"Nilry\u0027s Codex"},{"floor":24,"key":"Ornamental Fan"},{"floor":26,"key":"MawBank"}],"event_choices":[{"damage_healed":0,"gold_gain":0,"player_choice":"Grow","damage_taken":0,"max_hp_gain":0,"max_hp_loss":0,"event_name":"Living Wall","floor":5,"gold_loss":0,"cards_upgraded":["Undo"]},{"damage_healed":0,"gold_gain":30,"player_choice":"Searched \u00273\u0027 times","damage_taken":0,"max_hp_gain":0,"max_hp_loss":0,"event_name":"Dead Adventurer","floor":10,"gold_loss":0},{"damage_healed":0,"gold_gain":75,"player_choice":"Gather Gold","damage_taken":11,"max_hp_gain":0,"max_hp_loss":0,"event_name":"World of Goop","floor":12,"gold_loss":0},{"damage_healed":0,"gold_gain":0,"player_choice":"Rummage","damage_taken":0,"relics_obtained":["WarpedTongs"],"max_hp_gain":0,"max_hp_loss":0,"event_name":"Accursed Blacksmith","floor":13,"gold_loss":0,"cards_obtained":["Pain"]},{"damage_healed":0,"gold_gain":0,"player_choice":"Obtained Book","damage_taken":16,"max_hp_gain":0,"max_hp_loss":0,"event_name":"Cursed Tome","floor":21,"gold_loss":0},{"damage_healed":0,"gold_gain":0,"player_choice":"Upgraded","damage_taken":0,"max_hp_gain":0,"max_hp_loss":0,"event_name":"Upgrade Shrine","floor":22,"gold_loss":0,"cards_upgraded":["Creative AI"]},{"damage_healed":0,"gold_gain":0,"player_choice":"Fight","damage_taken":0,"max_hp_gain":0,"max_hp_loss":0,"event_name":"Colosseum","floor":29,"gold_loss":0}],"is_beta":true,"boss_relics":[{"not_picked":["Velvet Choker","Runic Pyramid"],"picked":"Astrolabe"}],"items_purged_floors":[19],"is_endless":false,"potions_floor_spawned":[2,3,11,16,18],"killed_by":"Colosseum Slavers","ascension_level":0}