{"gold_per_floor":[209,220,11,23,34,68,68,103,129,162,162,181,200,215,215,319,369,384,384,395,62,162,162,196,212,212,64,64,0,10,29,29,128,128,146,166,15,15,60,93,43,43,43,43,78,89,89,104,104,104],"floor_reached":50,"playtime":2829,"items_purged":["Strike_R","Strike_R","Battle Trance+1"],"score":650,"play_id":"7f8d272a-bcb7-4467-b436-cd6f2f0f6783","local_time":"20190612235200","is_ascension_mode":true,"campfire_choices":[{"data":"Seeing Red","floor":7,"key":"SMITH"},{"floor":11,"key":"REST"},{"data":"True Grit","floor":15,"key":"SMITH"},{"floor":23,"key":"REST"},{"floor":32,"key":"REST"},{"floor":42,"key":"RECALL"},{"floor":44,"key":"REST"},{"data":"Hemokinesis","floor":47,"key":"SMITH"},{"floor":49,"key":"REST"}],"neow_cost":"NONE","seed_source_timestamp":19307177589396,"circlet_count":0,"master_deck":["Defend_R","Defend_R","Defend_R","Defend_R","Bash","Feel No Pain","Seeing Red+1","Shrug It Off","Clothesline","Juggernaut","Reckless Charge+1","Iron Wave","Uppercut","True Grit+1","Offering","Hemokinesis+1","Necronomicurse","Anger","Combust","Rip and Tear","PiercingWail","Whirlwind+1","Dagger Throw","Master of Strategy","Seek","Bloodletting+1","Brutality+1","Combust+1","Go for the Eyes+1","Footwork+1","Disarm"],"relics":["Burning Blood","Toolbox","Letter Opener","Lantern","Smiling Mask","Boot","Tiny House","Necronomicon","PrismaticShard","Bird Faced Urn","Gremlin Horn","Unceasing Top","Ornamental Fan","Paper Frog","Astrolabe","Bronze Scales","WingedGreaves","Pen Nib","Red Skull"],"potions_floor_usage":[6,8,10,16,16,18,24,31,33,39,48,50],"damage_taken":[{"damage":1,"enemies":"Cultist","floor":1,"turns":4},{"damage":10,"enemies":"Small Slimes","floor":2,"turns":4},{"damage":14,"enemies":"Jaw Worm","floor":4,"turns":3},{"damage":2,"enemies":"Exordium Wildlife","floor":5,"turns":4},{"damage":22,"enemies":"Lagavulin","floor":6,"turns":7},{"damage":25,"enemies":"3 Sentries","floor":8,"turns":5},{"damage":16,"enemies":"Lagavulin","floor":10,"turns":8},{"damage":3,"enemies":"2 Fungi Beasts","floor":12,"turns":4},{"damage":11,"enemies":"Looter","floor":13,"turns":3},{"damage":0,"enemies":"3 Louse","floor":14,"turns":2},{"damage":40,"enemies":"The Guardian","floor":16,"turns":11},{"damage":10,"enemies":"3 Byrds","floor":18,"turns":5},{"damage":6,"enemies":"Spheric Guardian","floor":20,"turns":3},{"damage":19,"enemies":"Colosseum Slavers","floor":22,"turns":3},{"damage":34,"enemies":"Colosseum Nobs","floor":22,"turns":5},{"damage":51,"enemies":"Gremlin Leader","floor":24,"turns":6},{"damage":1,"enemies":"Centurion and Healer","floor":25,"turns":4},{"damage":10,"enemies":"Cultist and Chosen","floor":30,"turns":4},{"damage":13,"enemies":"3 Cultists","floor":31,"turns":4},{"damage":38,"enemies":"Collector","floor":33,"turns":7},{"damage":15,"enemies":"3 Darklings","floor":35,"turns":3},{"damage":22,"enemies":"Orb Walker","floor":36,"turns":3},{"damage":32,"enemies":"2 Orb Walkers","floor":39,"turns":3},{"damage":40,"enemies":"Giant Head","floor":40,"turns":6},{"damage":26,"enemies":"Nemesis","floor":45,"turns":4},{"damage":24,"enemies":"Transient","floor":46,"turns":5},{"damage":13,"enemies":"3 Darklings","floor":48,"turns":2},{"damage":77,"enemies":"Awakened One","floor":50,"turns":10}],"seed_played":"-6571698160201580845","potions_obtained":[{"floor":1,"key":"Fire Potion"},{"floor":4,"key":"SteroidPotion"},{"floor":6,"key":"Explosive Potion"},{"floor":12,"key":"EssenceOfSteel"},{"floor":14,"key":"Poison Potion"},{"floor":17,"key":"SkillPotion"},{"floor":22,"key":"EssenceOfSteel"},{"floor":25,"key":"FearPotion"},{"floor":30,"key":"Explosive Potion"},{"floor":33,"key":"Dexterity Potion"},{"floor":39,"key":"GamblersBrew"},{"floor":48,"key":"Block Potion"}],"is_trial":false,"path_per_floor":["M","M","$","M","M","E","R","E","T","E","R","M","M","M","R","B",null,"M","?","M","$","?","R","E","M","T","$","T","?","M","M","R","B",null,"M","M","$","?","?","E","$","R","T","R","E","M","R","M","R","B"],"character_chosen":"IRONCLAD","items_purchased":["Toolbox","PrismaticShard","Combust","Good Instincts","Bronze Scales"],"campfire_rested":5,"item_purchase_floors":[3,21,21,27,37],"current_hp_per_floor":[80,76,76,68,72,56,56,37,37,27,51,54,49,55,55,21,85,81,65,65,65,24,49,10,17,17,17,17,17,19,18,43,19,85,82,73,73,73,55,31,31,31,31,56,46,40,40,41,66,0],"gold":104,"neow_bonus":"HUNDRED_GOLD","is_prod":false,"is_daily":false,"chose_seed":false,"campfire_upgraded":3,"win_rate":0,"timestamp":1560397920,"path_taken":["M","?","$","M","M","E","R","E","T","E","R","M","M","M","R","BOSS","M","?","M","$","?","R","E","M","T","$","?","?","M","M","R","BOSS","M","M","$","?","?","E","$","R","T","R","E","M","R","M","R","BOSS"],"build_version":"2019-01-23","purchased_purges":3,"victory":false,"max_hp_per_floor":[80,80,80,80,80,80,80,80,80,80,80,80,80,80,80,80,85,85,85,85,85,85,85,85,85,85,85,85,85,85,85,85,85,85,85,85,85,85,85,85,85,85,85,85,85,85,85,85,85,85],"card_choices":[{"not_picked":["Headbutt","Wild Strike"],"picked":"Feel No Pain","floor":1},{"not_picked":["Battle Trance","Rage"],"picked":"Seeing Red","floor":2},{"not_picked":["Anger","Clash"],"picked":"Shrug It Off","floor":4},{"not_picked":["Shrug It Off","Feel No Pain"],"picked":"Clothesline","floor":5},{"not_picked":["Shockwave","Bloodletting"],"picked":"Juggernaut","floor":6},{"not_picked":["Twin Strike","Headbutt"],"picked":"Reckless Charge","floor":8},{"not_picked":["Reckless Charge","Twin Strike"],"picked":"Iron Wave","floor":10},{"not_picked":["Battle Trance","Thunderclap","Perfected Strike"],"picked":"SKIP","floor":12},{"not_picked":["Clothesline","Twin Strike"],"picked":"Uppercut","floor":13},{"not_picked":["Heavy Blade","Clothesline"],"picked":"True Grit","floor":14},{"not_picked":["Berserk","Reaper"],"picked":"Offering","floor":16},{"not_picked":["Cleave","Body Slam"],"picked":"Hemokinesis","floor":17},{"not_picked":["Sword Boomerang","Iron Wave","Warcry"],"picked":"SKIP","floor":18},{"not_picked":["Infernal Blade","Clothesline"],"picked":"Anger","floor":20},{"not_picked":["Slice+1","Hello World"],"picked":"Rip and Tear","floor":22},{"not_picked":["Skewer","Pommel Strike"],"picked":"PiercingWail","floor":24},{"not_picked":["Hologram","Feel No Pain"],"picked":"Whirlwind+1","floor":25},{"not_picked":["Poisoned Stab","Warcry"],"picked":"Dagger Throw","floor":30},{"not_picked":["Warcry","Scrape"],"picked":"Master of Strategy","floor":31},{"not_picked":["Burst","Metamorphosis"],"picked":"Seek","floor":33},{"not_picked":["Perfected Strike+1","Deflect","Backflip"],"picked":"SKIP","floor":35},{"not_picked":["Rebound","Dagger Throw+1"],"picked":"Battle Trance+1","floor":36},{"not_picked":["Jack Of All Trades","Reprogram"],"picked":"Go for the Eyes+1","floor":40},{"not_picked":["Cloak And Dagger+1","Purity"],"picked":"Footwork+1","floor":45},{"not_picked":["Stack+1","Cloak And Dagger"],"picked":"Disarm","floor":46},{"not_picked":["Clash+1","Cloak And Dagger","Body Slam+1"],"picked":"SKIP","floor":48}],"player_experience":140400,"relics_obtained":[{"floor":6,"key":"Letter Opener"},{"floor":8,"key":"Lantern"},{"floor":9,"key":"Smiling Mask"},{"floor":10,"key":"Boot"},{"floor":19,"key":"Necronomicon"},{"floor":22,"key":"Bird Faced Urn"},{"floor":22,"key":"Gremlin Horn"},{"floor":24,"key":"Unceasing Top"},{"floor":26,"key":"Ornamental Fan"},{"floor":28,"key":"Paper Frog"},{"floor":39,"key":"WingedGreaves"},{"floor":40,"key":"Pen Nib"},{"floor":45,"key":"Red Skull"}],"event_choices":[{"damage_healed":0,"gold_gain":0,"player_choice":"Obtained Book","damage_taken":16,"max_hp_gain":0,"max_hp_loss":0,"event_name":"Cursed Tome","floor":19,"gold_loss":0},{"damage_healed":0,"gold_gain":0,"player_choice":"Fight","damage_taken":0,"max_hp_gain":0,"max_hp_loss":0,"event_name":"Colosseum","floor":22,"gold_loss":0},{"damage_healed":0,"gold_gain":0,"player_choice":"Fought Nobs","damage_taken":0,"max_hp_gain":0,"max_hp_loss":0,"event_name":"Colosseum","floor":22,"gold_loss":0},{"damage_healed":0,"gold_gain":0,"player_choice":"Paid Fearfully","damage_taken":0,"max_hp_gain":0,"max_hp_loss":0,"event_name":"Masked Bandits","floor":29,"gold_loss":64},{"cards_removed":["Good Instincts"],"damage_healed":0,"gold_gain":0,"player_choice":"Removed Skill","damage_taken":0,"max_hp_gain":0,"max_hp_loss":0,"event_name":"Falling","floor":38,"gold_loss":0},{"damage_healed":0,"gold_gain":0,"player_choice":"Fight","damage_taken":0,"max_hp_gain":0,"max_hp_loss":0,"event_name":"Mysterious Sphere","floor":39,"gold_loss":0}],"is_beta":false,"boss_relics":[{"not_picked":["Orrery","Cursed Key"],"picked":"Tiny House"},{"not_picked":["Eternal Feather","Coffee Dripper"],"picked":"Astrolabe"}],"items_purged_floors":[21,27,41],"is_endless":false,"potions_floor_spawned":[1,4,6,12,14,22,25,30,33,39,48],"killed_by":"Awakened One","ascension_level":4}