{"gold_per_floor":[219,235,249,262,274,274,307,307,307,307,307,307,330,188,188,309,309,333,348,348,348,371,371,387,61,61,61,82,82,82,100,100,225,225,240,255,255,270,270,270,270,270,270,270,290,290],"floor_reached":46,"playtime":1902,"items_purged":["Strike_R","Strike_R"],"score":472,"play_id":"29180bf9-8015-4e4b-b650-26918d47fd79","local_time":"20190214144612","is_ascension_mode":false,"campfire_choices":[{"data":"True Grit","floor":6.0,"key":"SMITH"},{"data":"Clothesline","floor":8.0,"key":"SMITH"},{"data":"Bash","floor":11.0,"key":"SMITH"},{"data":"Rampage","floor":15.0,"key":"SMITH"},{"data":"Entrench","floor":23.0,"key":"SMITH"},{"data":"Havoc","floor":27.0,"key":"SMITH"},{"data":"Pommel Strike","floor":29,"key":"SMITH"},{"floor":32,"key":"REST"},{"data":"Bloodletting","floor":40,"key":"SMITH"},{"data":"Panacea","floor":42,"key":"SMITH"}],"neow_cost":"NONE","seed_source_timestamp":0,"circlet_count":0,"master_deck":["Strike_R","Strike_R","Defend_R","Defend_R","Defend_R","Defend_R","Bash+1","Rampage+1","True Grit+1","Clothesline+1","Disarm","Pommel Strike+1","Immolate","Double Tap","Headbutt","Entrench+1","Havoc+1","Demon Form","Headbutt+1","Dual Wield+1","Bloodletting+1","Panacea+1","Madness","Madness"],"special_seed":0,"relics":["Burning Blood","Omamori","Paper Frog","Golden Idol","WarpedTongs","Sozu","Blood Vial","Membership Card","Darkstone Periapt","Bronze Scales","Cursed Key"],"potions_floor_usage":[36],"damage_taken":[{"damage":1.0,"enemies":"Cultist","floor":1.0,"turns":3.0},{"damage":0.0,"enemies":"Small Slimes","floor":2.0,"turns":3.0},{"damage":6.0,"enemies":"Jaw Worm","floor":3.0,"turns":3.0},{"damage":5.0,"enemies":"Lots of Slimes","floor":4.0,"turns":3.0},{"damage":21.0,"enemies":"Large Slime","floor":5.0,"turns":7.0},{"damage":18.0,"enemies":"Lagavulin","floor":7.0,"turns":8.0},{"damage":3.0,"enemies":"3 Louse","floor":13.0,"turns":3.0},{"damage":16.0,"enemies":"Hexaghost","floor":16.0,"turns":11.0},{"damage":14.0,"enemies":"2 Thieves","floor":18.0,"turns":3.0},{"damage":28.0,"enemies":"3 Byrds","floor":19.0,"turns":4.0},{"damage":3.0,"enemies":"3 Cultists","floor":22.0,"turns":4.0},{"damage":17.0,"enemies":"Cultist and Chosen","floor":24.0,"turns":5.0},{"damage":22.0,"enemies":"Chosen and Byrds","floor":28.0,"turns":5.0},{"damage":12,"enemies":"Shelled Parasite and Fungi","floor":31,"turns":5},{"damage":0,"enemies":"Champ","floor":33,"turns":10},{"damage":5,"enemies":"3 Shapes","floor":35,"turns":6},{"damage":7,"enemies":"3 Darklings","floor":36,"turns":2},{"damage":25,"enemies":"Writhing Mass","floor":38,"turns":6},{"damage":37,"enemies":"Sphere and 2 Shapes","floor":45,"turns":5},{"damage":26,"enemies":"Spire Growth","floor":46,"turns":4}],"seed_played":"5505916826097461209","potions_obtained":[{"floor":2.0,"key":"GamblersBrew"},{"floor":3.0,"key":"SteroidPotion"},{"floor":4.0,"key":"Poison Potion"}],"is_trial":false,"path_per_floor":["M","M","M","M","M","R","E","R","T","?","R","?","M","$","R","B",null,"M","M","?","?","M","R","M","$","T","R","M","R","T","M","R","B",null,"M","M","?","M","?","R","?","R","T","?","M","M"],"character_chosen":"IRONCLAD","items_purchased":["Immolate","Membership Card","Demon Form"],"campfire_rested":1,"item_purchase_floors":[14,25,25],"current_hp_per_floor":[80,80,80,80,65,65,53,53,53,33,33,33,36,36,36,26,80,72,50,50,50,55,55,46,46,46,46,32,32,32,28,52,60,80,80,79,79,61,51,51,51,51,51,51,22,0],"gold":290,"neow_bonus":"HUNDRED_GOLD","is_prod":false,"is_daily":false,"chose_seed":false,"campfire_upgraded":9,"win_rate":0,"timestamp":1550123172,"path_taken":["M","M","M","?","M","R","E","R","T","?","R","?","M","$","R","BOSS","M","?","?","?","M","R","M","$","T","R","M","R","?","M","R","BOSS","M","M","?","M","?","R","?","R","T","?","M","?"],"build_version":"2019-01-23","purchased_purges":2,"victory":false,"max_hp_per_floor":[80,80,80,80,80,80,80,80,80,80,80,80,80,80,80,80,80,80,80,80,80,80,80,80,80,80,80,80,80,80,80,80,80,80,80,80,80,80,80,80,80,80,80,80,80,80],"card_choices":[{"not_picked":["Wild Strike","Perfected Strike","Sword Boomerang"],"picked":"SKIP","floor":1.0},{"not_picked":["Entrench","Body Slam"],"picked":"Rampage","floor":2.0},{"not_picked":["Flex","Anger"],"picked":"True Grit","floor":3.0},{"not_picked":["Pommel Strike","Flex"],"picked":"Clothesline","floor":4.0},{"not_picked":["Clothesline","Body Slam","Shockwave"],"picked":"SKIP","floor":5.0},{"not_picked":["Demon Form","Intimidate"],"picked":"Disarm","floor":7.0},{"not_picked":["Sword Boomerang","Disarm"],"picked":"Pommel Strike","floor":13.0},{"not_picked":["Feed","Dark Embrace"],"picked":"Double Tap","floor":16.0},{"not_picked":["Anger","Twin Strike"],"picked":"Headbutt","floor":18.0},{"not_picked":["Pommel Strike+1","True Grit","Body Slam"],"picked":"SKIP","floor":19.0},{"not_picked":["Twin Strike","Iron Wave","Second Wind+1"],"picked":"SKIP","floor":22.0},{"not_picked":["Thunderclap","Warcry"],"picked":"Havoc","floor":24.0},{"not_picked":["Sever Soul","Anger+1"],"picked":"Headbutt+1","floor":28},{"not_picked":["Heavy Blade+1","Armaments","Wild Strike"],"picked":"SKIP","floor":31},{"not_picked":["Evolve+1","Pommel Strike+1"],"picked":"Dual Wield+1","floor":35},{"not_picked":["Armaments+1","Warcry+1"],"picked":"Bloodletting","floor":36},{"not_picked":["Madness","Trip"],"picked":"Panacea","floor":37},{"not_picked":["Cleave+1","Anger","Uppercut"],"picked":"SKIP","floor":38},{"not_picked":["Clash+1","Sword Boomerang+1","Warcry"],"picked":"SKIP","floor":45}],"player_experience":240165,"relics_obtained":[{"floor":7.0,"key":"Omamori"},{"floor":9.0,"key":"Paper Frog"},{"floor":26.0,"key":"Darkstone Periapt"},{"floor":30,"key":"Bronze Scales"}],"event_choices":[{"damage_healed":0.0,"max_hp_gain":0.0,"max_hp_loss":0.0,"gold_gain":0.0,"event_name":"Golden Idol","player_choice":"Take Damage","floor":10.0,"gold_loss":0.0,"damage_taken":20.0,"relics_obtained":["Golden Idol"]},{"damage_healed":0.0,"max_hp_gain":0.0,"max_hp_loss":0.0,"gold_gain":0.0,"event_name":"Accursed Blacksmith","player_choice":"Rummage","floor":12.0,"gold_loss":0.0,"damage_taken":0.0,"relics_obtained":["WarpedTongs"],"cards_obtained":["Pain"]},{"damage_healed":0.0,"max_hp_gain":0.0,"max_hp_loss":0.0,"gold_gain":0.0,"event_name":"The Library","player_choice":"Read","floor":20.0,"gold_loss":0.0,"damage_taken":0.0,"cards_obtained":["Entrench"]},{"damage_healed":0.0,"max_hp_gain":0.0,"max_hp_loss":0.0,"gold_gain":0.0,"event_name":"The Mausoleum","player_choice":"Opened","floor":21.0,"gold_loss":0.0,"damage_taken":0.0,"relics_obtained":["Blood Vial"],"cards_obtained":["Writhe"]},{"damage_healed":0,"gold_gain":0,"player_choice":"Memory 1","damage_taken":0,"max_hp_gain":0,"max_hp_loss":0,"event_name":"SensoryStone","floor":37,"gold_loss":0},{"damage_healed":0,"gold_gain":0,"player_choice":"Embrace Madness","damage_taken":10,"max_hp_gain":0,"max_hp_loss":0,"event_name":"Winding Halls","floor":39,"gold_loss":0,"cards_obtained":["Madness","Madness"]},{"damage_healed":0,"gold_gain":0,"player_choice":"Ignored","damage_taken":0,"max_hp_gain":0,"max_hp_loss":0,"event_name":"Tomb of Lord Red Mask","floor":41,"gold_loss":0},{"cards_removed":["Strike_R"],"damage_healed":0,"gold_gain":0,"player_choice":"Offered Basic","damage_taken":0,"max_hp_gain":0,"max_hp_loss":0,"event_name":"Bonfire Elementals","floor":44,"gold_loss":0}],"is_beta":false,"boss_relics":[{"not_picked":["Calling Bell","Snecko Eye"],"picked":"Sozu"},{"not_picked":["Tiny House","Eternal Feather"],"picked":"Cursed Key"}],"items_purged_floors":[14,25],"is_endless":false,"potions_floor_spawned":[2,3,4,19,28,31,35,38,45],"killed_by":"Spire Growth","ascension_level":0}