{"gold_per_floor":[113,113,127,137,62,62,90,110,110,122,122,135,149,159,159,254,254,270,270,170,184,59,59,59,90,90,5,5,17,17,30,30,30],"floor_reached":33,"playtime":2285,"items_purged":["Defend_G","Regret","Doubt"],"score":294,"play_id":"9dac8a9e-69bb-426d-a5a3-b9d5c9a9a92e","local_time":"20190202214226","is_ascension_mode":false,"campfire_choices":[{"data":"Neutralize","floor":6.0,"key":"SMITH"},{"floor":11.0,"key":"REST"},{"floor":15.0,"key":"REST"},{"data":"Survivor","floor":23.0,"key":"SMITH"},{"data":"Infinite Blades","floor":24.0,"key":"SMITH"},{"floor":30,"key":"REST"},{"data":"Backflip","floor":32,"key":"SMITH"}],"neow_cost":"NONE","seed_source_timestamp":473642869404087,"circlet_count":0,"master_deck":["Defend_G","Defend_G","Defend_G","Defend_G","Strike_G","Strike_G","Strike_G","Strike_G","Survivor+1","Neutralize+1","Bane","Backflip+1","Infinite Blades+1","Poisoned Stab","Well Laid Plans","Poisoned Stab","Finisher","Die Die Die","Acrobatics","Die Die Die","Writhe","Backflip","Slice","Blade Dance+1","Deadly Poison","PiercingWail+1"],"special_seed":0,"relics":["Ring of the Snake","FossilizedHelix","Letter Opener","Calling Bell","Dream Catcher","Mercury Hourglass","WingedGreaves","The Courier","Vajra","Pear"],"potions_floor_usage":[33,33],"damage_taken":[{"damage":0.0,"enemies":"2 Louse","floor":1.0,"turns":4.0},{"damage":1.0,"enemies":"Jaw Worm","floor":3.0,"turns":4.0},{"damage":0.0,"enemies":"Small Slimes","floor":4.0,"turns":6.0},{"damage":37.0,"enemies":"3 Sentries","floor":7.0,"turns":12.0},{"damage":26.0,"enemies":"Gremlin Gang","floor":8.0,"turns":7.0},{"damage":2.0,"enemies":"Exordium Thugs","floor":10.0,"turns":5.0},{"damage":0.0,"enemies":"Looter","floor":12.0,"turns":4.0},{"damage":0.0,"enemies":"Large Slime","floor":13.0,"turns":4.0},{"damage":0.0,"enemies":"Blue Slaver","floor":14.0,"turns":4.0},{"damage":21.0,"enemies":"Slime Boss","floor":16.0,"turns":12.0},{"damage":14.0,"enemies":"3 Byrds","floor":18.0,"turns":4.0},{"damage":0.0,"enemies":"Chosen","floor":21.0,"turns":4.0},{"damage":10.0,"enemies":"Slavers","floor":25.0,"turns":5.0},{"damage":18,"enemies":"Sentry and Sphere","floor":29,"turns":5},{"damage":2,"enemies":"3 Cultists","floor":31,"turns":5},{"damage":76,"enemies":"Automaton","floor":33,"turns":10}],"seed_played":"7927803363005462626","potions_obtained":[{"floor":8.0,"key":"Ancient Potion"},{"floor":10.0,"key":"Weak Potion"},{"floor":12.0,"key":"Fruit Juice"},{"floor":16.0,"key":"SkillPotion"},{"floor":18.0,"key":"GhostInAJar"},{"floor":29,"key":"Dexterity Potion"}],"is_trial":false,"path_per_floor":["M","?","M","M","$","R","E","M","T","M","R","M","M","M","R","B",null,"M","?","$","M","$","R","R","E","T","?","T","M","R","M","R","B"],"character_chosen":"THE_SILENT","items_purchased":[],"campfire_rested":3,"item_purchase_floors":[],"current_hp_per_floor":[70,70,69,69,69,69,32,6,6,4,25,25,30,30,52,31,75,61,61,61,61,61,61,61,51,51,51,61,43,68,66,66,0],"gold":30,"neow_bonus":"REMOVE_CARD","is_prod":false,"is_daily":false,"chose_seed":false,"campfire_upgraded":4,"win_rate":0,"timestamp":1549111346,"path_taken":["M","?","M","M","$","R","E","M","T","M","R","M","M","M","R","BOSS","M","?","$","M","$","R","R","E","T","?","?","M","R","M","R","BOSS"],"build_version":"2019-01-23","purchased_purges":3,"victory":false,"max_hp_per_floor":[70,70,70,70,70,70,70,70,70,70,70,70,75,75,75,75,75,75,75,75,75,75,75,75,75,75,75,85,85,85,85,85,85],"card_choices":[{"not_picked":["PiercingWail","Outmaneuver"],"picked":"Bane","floor":1.0},{"not_picked":["Dagger Throw","Outmaneuver"],"picked":"Backflip","floor":3.0},{"not_picked":["Finisher","Bane"],"picked":"Infinite Blades","floor":4.0},{"not_picked":["Expertise","Blur"],"picked":"Poisoned Stab","floor":7.0},{"not_picked":["Skewer","Quick Slash"],"picked":"Well Laid Plans","floor":8.0},{"not_picked":["Bane","PiercingWail"],"picked":"Poisoned Stab","floor":10.0},{"not_picked":["Flying Knee","Blade Dance"],"picked":"Finisher","floor":12.0},{"not_picked":["Bane","Dagger Throw"],"picked":"Die Die Die","floor":13.0},{"not_picked":["Prepared","Quick Slash"],"picked":"Acrobatics","floor":14.0},{"not_picked":["Phantasmal Killer","Night Terror"],"picked":"Die Die Die","floor":16.0},{"not_picked":["Leg Sweep","Dash"],"picked":"Backflip","floor":18.0},{"not_picked":["Tactician","Dagger Spray"],"picked":"Blade Dance+1","floor":21.0},{"not_picked":["All Out Attack","Prepared","Heel Hook"],"picked":"SKIP","floor":25.0},{"not_picked":["A Thousand Cuts","Blade Dance"],"picked":"Deadly Poison","floor":29},{"not_picked":["Endless Agony","Slice"],"picked":"PiercingWail+1","floor":31}],"player_experience":93250,"relics_obtained":[{"floor":7.0,"key":"FossilizedHelix"},{"floor":9.0,"key":"Letter Opener"},{"floor":17.0,"key":"Dream Catcher"},{"floor":17.0,"key":"Mercury Hourglass"},{"floor":17.0,"key":"WingedGreaves"},{"floor":25.0,"key":"The Courier"},{"floor":28.0,"key":"Pear"}],"event_choices":[{"damage_healed":0.0,"max_hp_gain":0.0,"max_hp_loss":0.0,"gold_gain":0.0,"event_name":"Liars Game","player_choice":"Ignored","floor":2.0,"gold_loss":0.0,"damage_taken":0.0},{"damage_healed":0.0,"max_hp_gain":0.0,"max_hp_loss":0.0,"gold_gain":0.0,"event_name":"The Library","player_choice":"Read","floor":19.0,"gold_loss":0.0,"damage_taken":0.0,"cards_obtained":["Slice"]},{"damage_healed":0.0,"max_hp_gain":0.0,"max_hp_loss":0.0,"gold_gain":0.0,"event_name":"Addict","player_choice":"Obtained Relic","floor":27.0,"gold_loss":85.0,"damage_taken":0.0,"relics_obtained":["Vajra"]}],"is_beta":false,"boss_relics":[{"not_picked":["Runic Dome","Tiny House"],"picked":"Calling Bell"}],"items_purged_floors":[5,20,22],"is_endless":false,"potions_floor_spawned":[8,10,12,16,18,29],"killed_by":"Automaton","ascension_level":0}