{"gold_per_floor":[119,119,119,44,63,63,83,115,115,115,129,129,155,175,175,275,275,285,313,298,298,148,181,181,207,207,207,224,244,244,244,244,344,344,357,54,54,70,83,83,118,118,141,141,141,152,374,399,399,399,399,399,5,38,38],"floor_reached":55,"playtime":3956,"items_purged":["Regret","Strike_G+1"],"score":1026,"play_id":"21c1b20d-d0b4-4057-ad08-08cda50da7e9","local_time":"20190911203523","is_ascension_mode":true,"campfire_choices":[{"data":"Cloak And Dagger","floor":6.0,"key":"SMITH"},{"data":"Finisher","floor":10.0,"key":"SMITH"},{"data":"Accuracy","floor":12.0,"key":"SMITH"},{"data":"Footwork","floor":15.0,"key":"SMITH"},{"floor":24.0,"key":"REST"},{"floor":30.0,"key":"REST"},{"floor":32.0,"key":"REST"},{"floor":40.0,"key":"RECALL"},{"floor":42.0,"key":"REST"},{"floor":45,"key":"REST"},{"floor":49,"key":"REST"},{"floor":52,"key":"REST"}],"neow_cost":"NONE","seed_source_timestamp":0,"circlet_count":0,"master_deck":["Strike_G+1","Strike_G+1","Strike_G+1","Defend_G+1","Defend_G+1","Defend_G+1","Defend_G+1","Survivor","Neutralize+1","Cloak And Dagger+1","Poisoned Stab+1","Predator+1","Finisher+1","Accuracy+1","Footwork+1","Envenom","Well Laid Plans","Accuracy+1","Deflect","Cloak And Dagger","Blade Dance+1","Blade Dance","After Image","Adrenaline","Blade Dance","Backstab+1"],"special_seed":0,"relics":["Ring of the Snake","FossilizedHelix","Turnip","Kunai","Bottled Flame","Fusion Hammer","Red Mask","Orrery","Ornamental Fan","White Beast Statue","Molten Egg 2","Sundial","Busted Crown","Whetstone","Centennial Puzzle","Potion Belt","Sling","Bronze Scales","Blood Vial"],"potions_floor_usage":[48,50,50,54,55,55],"damage_taken":[{"damage":0.0,"enemies":"Small Slimes","floor":1.0,"turns":3.0},{"damage":0.0,"enemies":"2 Louse","floor":5.0,"turns":4.0},{"damage":0.0,"enemies":"Jaw Worm","floor":7.0,"turns":2.0},{"damage":6.0,"enemies":"Gremlin Nob","floor":8.0,"turns":4.0},{"damage":0.0,"enemies":"Blue Slaver","floor":11.0,"turns":3.0},{"damage":5.0,"enemies":"3 Sentries","floor":13.0,"turns":7.0},{"damage":0.0,"enemies":"3 Louse","floor":14.0,"turns":3.0},{"damage":11.0,"enemies":"The Guardian","floor":16.0,"turns":13.0},{"damage":12.0,"enemies":"Spheric Guardian","floor":18.0,"turns":4.0},{"damage":8.0,"enemies":"Masked Bandits","floor":19.0,"turns":5.0},{"damage":13.0,"enemies":"2 Thieves","floor":20.0,"turns":4.0},{"damage":11.0,"enemies":"Gremlin Leader","floor":23.0,"turns":6.0},{"damage":15.0,"enemies":"Slavers","floor":25.0,"turns":6.0},{"damage":0.0,"enemies":"Shelled Parasite and Fungi","floor":28.0,"turns":5.0},{"damage":0.0,"enemies":"Centurion and Healer","floor":29.0,"turns":6.0},{"damage":0.0,"enemies":"Collector","floor":33.0,"turns":9.0},{"damage":0.0,"enemies":"3 Shapes","floor":35.0,"turns":5.0},{"damage":0.0,"enemies":"3 Darklings","floor":38.0,"turns":6.0},{"damage":0.0,"enemies":"Spire Growth","floor":39.0,"turns":3.0},{"damage":0.0,"enemies":"Nemesis","floor":41.0,"turns":5.0},{"damage":0,"enemies":"Jaw Worm Horde","floor":46,"turns":5},{"damage":0,"enemies":"Giant Head","floor":48,"turns":5},{"damage":48,"enemies":"Time Eater","floor":50,"turns":10},{"damage":19,"enemies":"Shield and Spear","floor":54,"turns":5},{"damage":55,"enemies":"The Heart","floor":55,"turns":6}],"seed_played":"1853139635891999118","potions_obtained":[{"floor":1.0,"key":"GhostInAJar"},{"floor":5.0,"key":"SkillPotion"},{"floor":8.0,"key":"SteroidPotion"},{"floor":16.0,"key":"Weak Potion"},{"floor":18.0,"key":"GhostInAJar"},{"floor":20.0,"key":"Weak Potion"},{"floor":25.0,"key":"Fire Potion"},{"floor":28.0,"key":"Weak Potion"},{"floor":29.0,"key":"FearPotion"},{"floor":33.0,"key":"FearPotion"},{"floor":38.0,"key":"SteroidPotion"},{"floor":39.0,"key":"PowerPotion"},{"floor":48,"key":"Fire Potion"},{"floor":54,"key":"Fire Potion"}],"is_trial":false,"path_per_floor":["M","?","?","$","M","R","M","E","T","R","M","R","E","M","R","B",null,"M","?","M","?","$","E","R","E","T","T","M","M","R","?","R","B",null,"M","$","?","M","M","R","E","R","T","?","R","M","?","E","R","B",null,"R","$","E","B"],"character_chosen":"THE_SILENT","items_purchased":["Orrery","Whetstone","Blade Dance","Sling","Bronze Scales","Poison Potion","FearPotion"],"campfire_rested":7,"item_purchase_floors":[22,36,36,53,53,53,53],"current_hp_per_floor":[70,63,63,63,63,63,63,57,57,57,57,57,52,52,52,41,63,51,43,30,30,30,19,40,25,25,25,25,25,46,46,67,67,69,69,69,69,69,69,69,69,70,70,70,70,70,70,70,70,22,58,70,70,51,0],"gold":38,"neow_bonus":"UPGRADE_CARD","is_prod":false,"is_daily":false,"chose_seed":false,"campfire_upgraded":4,"win_rate":0,"timestamp":1568226923,"path_taken":["M","?","?","$","M","R","M","E","T","R","M","R","E","M","R","BOSS","M","?","M","?","$","E","R","E","T","?","M","M","R","?","R","BOSS","M","$","?","M","?","R","E","R","T","?","R","M","?","E","R","BOSS","R","$","E","BOSS"],"build_version":"2019-09-10","purchased_purges":2,"victory":false,"max_hp_per_floor":[70,70,70,70,70,70,70,70,70,70,70,70,70,70,70,70,70,70,70,70,70,70,70,70,70,70,70,70,70,70,70,70,70,70,70,70,70,70,70,70,70,70,70,70,70,70,70,70,70,70,70,70,70,70,70],"card_choices":[{"not_picked":["All Out Attack","Infinite Blades"],"picked":"Cloak And Dagger","floor":1.0},{"not_picked":["Leg Sweep","Calculated Gamble"],"picked":"Poisoned Stab","floor":5.0},{"not_picked":["Tactician","Predator","Acrobatics"],"picked":"SKIP","floor":7.0},{"not_picked":["Tactician","Acrobatics"],"picked":"Predator","floor":7.0},{"not_picked":["Endless Agony","Terror"],"picked":"Finisher","floor":8.0},{"not_picked":["Acrobatics","Deadly Poison"],"picked":"Accuracy","floor":11.0},{"not_picked":["Setup","Deadly Poison"],"picked":"Footwork","floor":13.0},{"not_picked":["Sucker Punch","Deadly Poison","Setup"],"picked":"SKIP","floor":14.0},{"not_picked":["Storm of Steel","Phantasmal Killer"],"picked":"Envenom","floor":16.0},{"not_picked":["Sucker Punch","Flechettes+1"],"picked":"Well Laid Plans","floor":18.0},{"not_picked":["Caltrops","Acrobatics+1"],"picked":"Accuracy","floor":19.0},{"not_picked":["Deadly Poison","Flechettes"],"picked":"Deflect","floor":20.0},{"not_picked":["Dodge and Roll","Bane+1"],"picked":"Blade Dance+1","floor":22.0},{"not_picked":["Venomology","Dagger Spray"],"picked":"Blade Dance","floor":22.0},{"not_picked":["Dagger Throw","Choke+1","Outmaneuver"],"picked":"SKIP","floor":23.0},{"not_picked":["Backflip","Setup"],"picked":"After Image","floor":25.0},{"not_picked":["Flechettes+1","Sucker Punch+1","Dagger Throw+1"],"picked":"SKIP","floor":28.0},{"not_picked":["Deadly Poison","Terror","Reflex+1"],"picked":"SKIP","floor":29.0},{"not_picked":["Venomology","Envenom"],"picked":"Adrenaline","floor":33.0},{"not_picked":["Setup+1"],"picked":"SKIP","floor":35.0},{"not_picked":["Catalyst+1"],"picked":"SKIP","floor":38.0},{"not_picked":["Crippling Poison"],"picked":"SKIP","floor":39.0},{"not_picked":["Deadly Poison+1"],"picked":"SKIP","floor":41.0},{"not_picked":[],"picked":"Backstab+1","floor":46},{"not_picked":["Distraction"],"picked":"SKIP","floor":48},{"not_picked":["Flying Knee+1"],"picked":"SKIP","floor":54}],"player_experience":350954,"relics_obtained":[{"floor":8.0,"key":"Turnip"},{"floor":9.0,"key":"Kunai"},{"floor":13.0,"key":"Bottled Flame"},{"floor":19.0,"key":"Red Mask"},{"floor":23.0,"key":"Ornamental Fan"},{"floor":25.0,"key":"White Beast Statue"},{"floor":26.0,"key":"Molten Egg 2"},{"floor":27.0,"key":"Sundial"},{"floor":41.0,"key":"Centennial Puzzle"},{"floor":48,"key":"Potion Belt"},{"floor":54,"key":"Blood Vial"}],"event_choices":[{"cards_removed":["Defend_G"],"damage_healed":0.0,"max_hp_gain":0.0,"max_hp_loss":0.0,"gold_gain":0.0,"event_name":"Golden Wing","player_choice":"Card Removal","floor":2.0,"gold_loss":0.0,"damage_taken":7.0},{"damage_healed":0.0,"max_hp_gain":0.0,"max_hp_loss":0.0,"gold_gain":0.0,"event_name":"Big Fish","player_choice":"Box","floor":3.0,"gold_loss":0.0,"damage_taken":0.0,"relics_obtained":["FossilizedHelix"],"cards_obtained":["Regret"]},{"damage_healed":0.0,"max_hp_gain":0.0,"max_hp_loss":0.0,"gold_gain":0.0,"event_name":"Masked Bandits","player_choice":"Fought Bandits","floor":19.0,"gold_loss":0.0,"damage_taken":0.0},{"damage_healed":0.0,"max_hp_gain":0.0,"max_hp_loss":0.0,"gold_gain":0.0,"event_name":"The Library","player_choice":"Read","floor":21.0,"gold_loss":0.0,"damage_taken":0.0,"cards_obtained":["Cloak And Dagger"]},{"damage_healed":0.0,"max_hp_gain":0.0,"max_hp_loss":0.0,"gold_gain":0.0,"event_name":"Back to Basics","player_choice":"Simplicity","floor":31.0,"gold_loss":0.0,"damage_taken":0.0,"cards_upgraded":["Strike_G","Strike_G","Strike_G","Strike_G","Strike_G","Defend_G","Defend_G","Defend_G","Defend_G"]},{"damage_healed":0.0,"max_hp_gain":0.0,"max_hp_loss":0.0,"gold_gain":0.0,"event_name":"Accursed Blacksmith","player_choice":"Forge","floor":37.0,"gold_loss":0.0,"damage_taken":0.0,"cards_upgraded":["Accuracy"]},{"cards_removed":["Strike_G"],"damage_healed":0,"gold_gain":0,"player_choice":"Removed Attack","damage_taken":0,"max_hp_gain":0,"max_hp_loss":0,"event_name":"Falling","floor":44,"gold_loss":0},{"damage_healed":0,"gold_gain":222,"player_choice":"Wore Mask","damage_taken":0,"max_hp_gain":0,"max_hp_loss":0,"event_name":"Tomb of Lord Red Mask","floor":47,"gold_loss":0}],"is_beta":true,"boss_relics":[{"not_picked":["Empty Cage","Runic Dome"],"picked":"Fusion Hammer"},{"not_picked":["Philosopher\u0027s Stone","SacredBark"],"picked":"Busted Crown"}],"items_purged_floors":[4,36],"is_endless":false,"potions_floor_spawned":[1,5,8,16,18,20,25,28,29,33,35,38,39,41,46,48,54],"killed_by":"The Heart","ascension_level":5}