{"gold_per_floor":[119,294,310,327,346,381,381,407,431,447,458,458,475,510,510,611,611,626,636,652,134,150,180,197,0,0,0,0,0,19,38,38,38],"floor_reached":33,"playtime":1416,"items_purged":["Doubt"],"score":406,"play_id":"64659cac-3c52-451f-8d56-238888e4b04c","local_time":"20190713181417","is_ascension_mode":true,"campfire_choices":[{"floor":7,"key":"REST"},{"data":"Body Slam","floor":12,"key":"SMITH"},{"data":"Armaments","floor":15,"key":"SMITH"},{"floor":29,"key":"REST"},{"floor":32,"key":"REST"}],"neow_cost":"NONE","seed_source_timestamp":32597749001684,"circlet_count":0,"master_deck":["Defend_R","Defend_R","Defend_R","Defend_R","Bash","Disarm","Ghostly Armor","Anger","Rampage","Inflame","Metallicize","Rage","Body Slam+1","Immolate","Armaments+1","Immolate","Uppercut","Headbutt+1","Shrug It Off","Twin Strike+1","Bite","Bite","Bite","Bite","Bite","True Grit"],"relics":["Burning Blood","Omamori","Anchor","Red Skull","Bag of Marbles","Runic Cube","Boot","Question Card","Gremlin Horn","Sundial"],"potions_floor_usage":[5,6,14,16,16,23,23,23,33,33],"damage_taken":[{"damage":7,"enemies":"Small Slimes","floor":1,"turns":5},{"damage":13,"enemies":"Jaw Worm","floor":3,"turns":4},{"damage":1,"enemies":"2 Louse","floor":4,"turns":3},{"damage":4,"enemies":"Blue Slaver","floor":5,"turns":4},{"damage":40,"enemies":"Lagavulin","floor":6,"turns":9},{"damage":28,"enemies":"3 Sentries","floor":8,"turns":9},{"damage":5,"enemies":"Exordium Thugs","floor":10,"turns":4},{"damage":0,"enemies":"3 Louse","floor":11,"turns":5},{"damage":3,"enemies":"Exordium Wildlife","floor":13,"turns":5},{"damage":19,"enemies":"Gremlin Nob","floor":14,"turns":4},{"damage":18,"enemies":"Hexaghost","floor":16,"turns":11},{"damage":26,"enemies":"3 Byrds","floor":18,"turns":4},{"damage":4,"enemies":"Shell Parasite","floor":19,"turns":6},{"damage":39,"enemies":"Snecko","floor":20,"turns":6},{"damage":21,"enemies":"Cultist and Chosen","floor":22,"turns":5},{"damage":4,"enemies":"Gremlin Leader","floor":23,"turns":5},{"damage":11,"enemies":"3 Cultists","floor":24,"turns":5},{"damage":17,"enemies":"Shelled Parasite and Fungi","floor":30,"turns":5},{"damage":23,"enemies":"Chosen and Byrds","floor":31,"turns":8},{"damage":54,"enemies":"Collector","floor":33,"turns":6}],"seed_played":"-3021513580784942818","potions_obtained":[{"floor":3,"key":"Swift Potion"},{"floor":4,"key":"Block Potion"},{"floor":6,"key":"Block Potion"},{"floor":11,"key":"Strength Potion"},{"floor":14,"key":"Regen Potion"},{"floor":16,"key":"Strength Potion"},{"floor":22,"key":"Block Potion"},{"floor":23,"key":"Swift Potion"},{"floor":24,"key":"FearPotion"}],"is_trial":false,"path_per_floor":["M","?","M","M","M","E","R","E","T","M","M","R","M","E","R","B",null,"M","M","M","$","M","E","M","?","T","?","?","R","M","M","R","B"],"character_chosen":"IRONCLAD","items_purchased":["Boot","Question Card","PowerPotion"],"campfire_rested":3,"item_purchase_floors":[21,21,21],"current_hp_per_floor":[79,79,72,77,79,45,71,49,49,50,56,56,59,46,46,49,78,58,60,27,27,12,14,9,9,9,9,9,27,26,22,40,0],"gold":38,"neow_bonus":"TEN_PERCENT_HP_BONUS","is_prod":false,"is_daily":false,"chose_seed":false,"campfire_upgraded":2,"win_rate":0,"timestamp":1563056057,"path_taken":["M","?","M","M","M","E","R","E","T","M","M","R","M","E","R","BOSS","M","M","M","$","M","E","M","?","T","?","?","R","M","M","R","BOSS"],"build_version":"2019-07-05","purchased_purges":1,"victory":false,"max_hp_per_floor":[88,88,88,88,88,88,88,88,88,88,88,88,88,88,88,88,88,88,88,88,88,88,88,88,88,88,61,61,61,61,61,61,61],"card_choices":[{"not_picked":["Clash","Body Slam"],"picked":"Disarm","floor":1},{"not_picked":["Body Slam","Iron Wave"],"picked":"Ghostly Armor","floor":3},{"not_picked":["Flex","Intimidate"],"picked":"Anger","floor":4},{"not_picked":["Thunderclap","Infernal Blade"],"picked":"Rampage","floor":5},{"not_picked":["Blood for Blood","Dark Embrace"],"picked":"Inflame","floor":6},{"not_picked":["Wild Strike","Sword Boomerang"],"picked":"Metallicize","floor":8},{"not_picked":["Warcry","Havoc"],"picked":"Rage","floor":10},{"not_picked":["Thunderclap","Iron Wave"],"picked":"Body Slam","floor":11},{"not_picked":["Pommel Strike","True Grit"],"picked":"Immolate","floor":13},{"not_picked":["Warcry","Pommel Strike"],"picked":"Armaments","floor":14},{"not_picked":["Bludgeon","Brutality"],"picked":"Immolate","floor":16},{"not_picked":["Wild Strike","Perfected Strike+1"],"picked":"Uppercut","floor":18},{"not_picked":["Perfected Strike+1","Exhume"],"picked":"Headbutt+1","floor":19},{"not_picked":["Warcry","Sword Boomerang+1","Clothesline"],"picked":"SKIP","floor":20},{"not_picked":["Seeing Red","Perfected Strike","Anger+1"],"picked":"Shrug It Off","floor":22},{"not_picked":["Rage","Thunderclap","Brutality","Anger"],"picked":"SKIP","floor":23},{"not_picked":["Body Slam","Pommel Strike+1","Clothesline"],"picked":"Twin Strike+1","floor":24},{"not_picked":["Sentinel","Cleave","Clash"],"picked":"True Grit","floor":30},{"not_picked":["Pommel Strike+1","Thunderclap","Dual Wield","Bludgeon"],"picked":"SKIP","floor":31}],"player_experience":289597,"relics_obtained":[{"floor":6,"key":"Omamori"},{"floor":8,"key":"Anchor"},{"floor":9,"key":"Red Skull"},{"floor":14,"key":"Bag of Marbles"},{"floor":23,"key":"Gremlin Horn"},{"floor":26,"key":"Sundial"}],"event_choices":[{"damage_healed":0,"gold_gain":175,"player_choice":"AGREE","damage_taken":0,"max_hp_gain":0,"max_hp_loss":0,"event_name":"Liars Game","floor":2,"gold_loss":0,"cards_obtained":["Doubt"]},{"damage_healed":0,"gold_gain":0,"player_choice":"Paid Fearfully","damage_taken":0,"max_hp_gain":0,"max_hp_loss":0,"event_name":"Masked Bandits","floor":25,"gold_loss":197},{"damage_healed":0,"gold_gain":0,"player_choice":"Became a vampire","damage_taken":0,"max_hp_gain":0,"max_hp_loss":27,"event_name":"Vampires","floor":27,"gold_loss":0,"cards_obtained":["Bite","Bite","Bite","Bite","Bite"]},{"damage_healed":0,"gold_gain":0,"player_choice":"Smashed Altar","damage_taken":0,"max_hp_gain":0,"max_hp_loss":0,"event_name":"Forgotten Altar","floor":28,"gold_loss":0,"cards_obtained":["Decay"]}],"is_beta":false,"boss_relics":[{"not_picked":["Ectoplasm","Runic Dome"],"picked":"Runic Cube"}],"items_purged_floors":[21],"is_endless":false,"potions_floor_spawned":[3,4,6,11,14,16,22,23,24],"killed_by":"Collector","ascension_level":6}