{"gold_per_floor":[112,124,74,74,74,74,103,103,130,140,140,156,156,0,0,0],"floor_reached":16,"playtime":1041,"items_purged":["Strike_G"],"score":108,"play_id":"2d3ffd9c-8ce7-4973-9e45-49d884828c76","local_time":"20180714194736","is_ascension_mode":true,"campfire_choices":[{"data":"Deflect","floor":6,"key":"SMITH"},{"data":"Dagger Spray","floor":8,"key":"SMITH"},{"data":"Survivor","floor":11,"key":"SMITH"},{"floor":15,"key":"REST"}],"neow_cost":"NONE","seed_source_timestamp":3777907022232,"circlet_count":0,"master_deck":["Defend_G","Defend_G+1","Defend_G","Defend_G","Defend_G","Strike_G","Strike_G","Strike_G","Survivor+1","Neutralize+1","Expertise","Deflect+1","Dagger Spray+1","Predator","Footwork"],"relics":["HoveringKite","Du-Vu Doll","Bag of Preparation","Ancient Tea Set"],"potions_floor_usage":[7],"damage_taken":[{"damage":2,"enemies":"2 Louse","floor":1,"turns":3},{"damage":3,"enemies":"Jaw Worm","floor":2,"turns":6},{"damage":19,"enemies":"Gremlin Nob","floor":7,"turns":5},{"damage":0,"enemies":"Cultist","floor":10,"turns":2},{"damage":0,"enemies":"Looter","floor":12,"turns":3},{"damage":48,"enemies":"Hexaghost","floor":16,"turns":16}],"seed_played":"-8186571416561054877","potions_obtained":[{"floor":1,"key":"Fire Potion"},{"floor":7,"key":"Ancient Potion"},{"floor":12,"key":"GhostInAJar"}],"is_trial":false,"path_per_floor":["M","M","?","?","$","R","E","R","T","M","R","M","?","$","R"],"character_chosen":"THE_SILENT","items_purchased":["Footwork"],"campfire_rested":1,"item_purchase_floors":[14],"current_hp_per_floor":[68,65,65,51,51,51,32,32,32,32,32,32,25,25,46,0],"gold":0,"neow_bonus":"BOSS_RELIC","is_prod":false,"is_daily":false,"chose_seed":false,"campfire_upgraded":3,"win_rate":0,"timestamp":1531590456,"path_taken":["M","M","?","?","$","R","E","R","T","M","R","?","?","?","R","BOSS"],"build_version":"2018-07-13","purchased_purges":1,"victory":false,"max_hp_per_floor":[70,70,70,70,70,70,70,70,70,70,70,70,70,70,70,70],"card_choices":[{"not_picked":["Riddle With Holes","Deflect"],"picked":"Expertise","floor":1},{"not_picked":["Slice","Prepared"],"picked":"Deflect","floor":2},{"not_picked":["Bane","Dodge and Roll"],"picked":"Dagger Spray","floor":7},{"not_picked":["Dagger Throw","Endless Agony","Concentrate"],"picked":"SKIP","floor":10},{"not_picked":["Backflip","Adrenaline"],"picked":"Predator","floor":12}],"player_experience":251025,"relics_obtained":[{"floor":7,"key":"Du-Vu Doll"},{"floor":9,"key":"Bag of Preparation"}],"event_choices":[{"event_name":"The Cleric","player_choice":"Card Removal","floor":3,"damage_taken":0},{"event_name":"Shining Light","player_choice":"Entered Light","floor":4,"damage_taken":0},{"event_name":"Scrap Ooze","player_choice":"success","floor":13,"damage_taken":7}],"boss_relics":[],"items_purged_floors":[14],"is_endless":false,"potions_floor_spawned":[1,7,12],"killed_by":"Hexaghost","ascension_level":2}