{"gold_per_floor":[114,64,139,154,5,39,53,85,85,101,101,101,113,129,129,234,234,252,272,289,289,308,343,359,376,376,403,100,100,129,141,141,237,237,256,256,38,38,85,117,117,117,187,39,39,56,88,108,108,108],"floor_reached":51,"playtime":2623,"items_purged":["Strike_B","Defend_B"],"score":852,"play_id":"a5f3b6e3-247f-4a29-b18d-bcbcdecc93d5","local_time":"20190328012309","is_ascension_mode":false,"campfire_choices":[{"floor":15,"key":"REST"},{"data":"Loop","floor":29,"key":"SMITH"},{"floor":32,"key":"REST"},{"floor":42,"key":"REST"},{"floor":49,"key":"REST"}],"neow_cost":"NONE","seed_source_timestamp":240331632424863,"circlet_count":0,"master_deck":["Defend_B","Defend_B","Defend_B+1","Zap+1","Dualcast+1","Sweeping Beam","FTL+1","Leap","Glacier","Loop+1","Rainbow+1","Chill","Coolheaded","Cold Snap","FTL+1","Cold Snap+1","Barrage+1","Electrodynamics","Coolheaded+1","Rainbow+1","Loop+1","Cold Snap+1","White Noise+1","Flash of Steel","Rainbow+1","Conserve Battery+1","Cold Snap+1","Cold Snap+1"],"relics":["FrozenCore","NeowsBlessing","Regal Pillow","Letter Opener","War Paint","Inserter","Dodecahedron","Toxic Egg 2","Juzu Bracelet","Emotion Chip","Prayer Wheel","PreservedInsect","Matryoshka","Smiling Mask","Symbiotic Virus","Potion Belt"],"potions_floor_usage":[16,16,23,24,25,27,30,31,33,40,46,48,50],"damage_taken":[{"damage":0,"enemies":"Small Slimes","floor":1,"turns":1},{"damage":0,"enemies":"Jaw Worm","floor":4,"turns":1},{"damage":0,"enemies":"Gremlin Nob","floor":6,"turns":1},{"damage":0,"enemies":"2 Louse","floor":7,"turns":1},{"damage":22,"enemies":"3 Sentries","floor":8,"turns":7},{"damage":4,"enemies":"Lots of Slimes","floor":10,"turns":3},{"damage":0,"enemies":"Gremlin Gang","floor":13,"turns":3},{"damage":0,"enemies":"3 Louse","floor":14,"turns":3},{"damage":3,"enemies":"The Guardian","floor":16,"turns":11},{"damage":1,"enemies":"Shell Parasite","floor":18,"turns":5},{"damage":10,"enemies":"Chosen","floor":19,"turns":8},{"damage":7,"enemies":"Centurion and Healer","floor":20,"turns":8},{"damage":9,"enemies":"Chosen and Byrds","floor":22,"turns":4},{"damage":17,"enemies":"Gremlin Leader","floor":23,"turns":10},{"damage":9,"enemies":"Snecko","floor":24,"turns":8},{"damage":2,"enemies":"Snake Plant","floor":25,"turns":4},{"damage":15,"enemies":"Slavers","floor":27,"turns":4},{"damage":14,"enemies":"Book of Stabbing","floor":30,"turns":7},{"damage":6,"enemies":"Shelled Parasite and Fungi","floor":31,"turns":8},{"damage":31,"enemies":"Collector","floor":33,"turns":10},{"damage":0,"enemies":"Orb Walker","floor":35,"turns":4},{"damage":37,"enemies":"Giant Head","floor":40,"turns":9},{"damage":0,"enemies":"3 Shapes","floor":46,"turns":4},{"damage":4,"enemies":"Nemesis","floor":47,"turns":5},{"damage":19,"enemies":"3 Darklings","floor":48,"turns":3},{"damage":69,"enemies":"Awakened One","floor":50,"turns":16}],"seed_played":"5792574160735794943","potions_obtained":[{"floor":4,"key":"Ancient Potion"},{"floor":6,"key":"SteroidPotion"},{"floor":13,"key":"Dexterity Potion"},{"floor":16,"key":"Regen Potion"},{"floor":19,"key":"Swift Potion"},{"floor":24,"key":"Dexterity Potion"},{"floor":25,"key":"Regen Potion"},{"floor":27,"key":"SpeedPotion"},{"floor":30,"key":"GamblersBrew"},{"floor":31,"key":"SteroidPotion"},{"floor":46,"key":"Dexterity Potion"},{"floor":47,"key":"Weak Potion"}],"is_trial":false,"path_per_floor":["M","?","?","M","$","E","M","E","T","M","?","?","M","M","R","B",null,"M","M","M","?","M","E","M","M","T","E","$","R","E","M","R","B",null,"M","?","$","?","T","E","?","R","T","$","?","M","E","M","R","B",null],"character_chosen":"DEFECT","items_purchased":["FTL","Emotion Chip","PreservedInsect","White Noise+1","Conserve Battery+1","PowerPotion"],"campfire_rested":4,"item_purchase_floors":[5,28,37,37,44,44],"current_hp_per_floor":[75,75,64,64,64,64,64,42,42,38,23,23,23,23,60,57,75,74,64,57,57,48,46,37,35,35,32,32,32,18,12,49,18,75,75,75,75,75,75,38,38,75,75,75,71,71,67,48,71,2],"gold":108,"neow_bonus":"THREE_ENEMY_KILL","is_prod":false,"is_daily":false,"chose_seed":false,"campfire_upgraded":1,"win_rate":0,"timestamp":1553754189,"path_taken":["M","?","?","M","$","E","?","E","T","M","?","?","M","?","R","BOSS","M","M","?","?","M","E","?","M","T","E","$","R","E","M","R","BOSS","M","?","$","?","?","E","?","R","T","$","?","M","E","M","R","BOSS"],"build_version":"2019-03-15","purchased_purges":2,"victory":true,"max_hp_per_floor":[75,75,75,75,75,75,75,75,75,75,75,75,75,75,75,75,75,75,75,75,75,75,75,75,75,75,75,75,75,75,75,75,75,75,75,75,75,75,75,75,75,75,75,75,71,71,71,71,71,71],"card_choices":[{"not_picked":["Turbo","Steam"],"picked":"Sweeping Beam","floor":1},{"not_picked":["Turbo","Go for the Eyes","Steam Power"],"picked":"SKIP","floor":4},{"not_picked":["Rebound","Barrage"],"picked":"Leap","floor":6},{"not_picked":["Darkness","Stack","Compile Driver"],"picked":"SKIP","floor":7},{"not_picked":["Skim","Reboot"],"picked":"Glacier","floor":8},{"not_picked":["Scrape","Steam Power","Melter"],"picked":"SKIP","floor":10},{"not_picked":["Scrape","Steam Power","Melter"],"picked":"SKIP","floor":10},{"not_picked":["Streamline","Conserve Battery"],"picked":"Loop","floor":13},{"not_picked":["Gash","Turbo","Melter"],"picked":"SKIP","floor":14},{"not_picked":["Fission","Amplify"],"picked":"Rainbow","floor":16},{"not_picked":["Beam Cell","Static Discharge"],"picked":"Chill","floor":18},{"not_picked":["Rebound","Static Discharge","Stack"],"picked":"SKIP","floor":19},{"not_picked":["Steam","Turbo"],"picked":"Coolheaded","floor":20},{"not_picked":["Turbo","BootSequence"],"picked":"Cold Snap","floor":22},{"not_picked":["Sunder+1","Beam Cell"],"picked":"FTL+1","floor":23},{"not_picked":["Ball Lightning","Streamline"],"picked":"Cold Snap+1","floor":24},{"not_picked":["Stack","Reinforced Body"],"picked":"Barrage+1","floor":25},{"not_picked":["Lockon+1","Auto Shields+1","Recycle+1"],"picked":"SKIP","floor":27},{"not_picked":["Hyperbeam","Reinforced Body+1"],"picked":"Electrodynamics","floor":30},{"not_picked":["Sweeping Beam","Fusion+1"],"picked":"Coolheaded+1","floor":31},{"not_picked":["Darkness+1","Beam Cell","Go for the Eyes"],"picked":"SKIP","floor":31},{"not_picked":["Multi-Cast+1","Thunder Strike"],"picked":"Rainbow+1","floor":33},{"not_picked":["Gash","Lockon+1"],"picked":"Loop+1","floor":35},{"not_picked":["Scrape","Streamline"],"picked":"Cold Snap+1","floor":35},{"not_picked":["PanicButton+1","Jack Of All Trades+1"],"picked":"Flash of Steel","floor":38},{"not_picked":["Blizzard","Lockon+1"],"picked":"Rainbow+1","floor":40},{"not_picked":["Compile Driver+1","Stack+1","Turbo+1"],"picked":"SKIP","floor":46},{"not_picked":["Genetic Algorithm+1","Barrage","Stack+1"],"picked":"SKIP","floor":46},{"not_picked":["Undo+1","Go for the Eyes+1"],"picked":"Cold Snap+1","floor":47},{"not_picked":["Rip and Tear+1","Chill+1"],"picked":"Cold Snap+1","floor":48},{"not_picked":["Gash","Heatsinks+1","Sweeping Beam+1"],"picked":"SKIP","floor":48}],"player_experience":474378,"relics_obtained":[{"floor":6,"key":"Regal Pillow"},{"floor":8,"key":"Letter Opener"},{"floor":9,"key":"War Paint"},{"floor":23,"key":"Dodecahedron"},{"floor":26,"key":"Toxic Egg 2"},{"floor":27,"key":"Juzu Bracelet"},{"floor":30,"key":"Prayer Wheel"},{"floor":40,"key":"Matryoshka"},{"floor":43,"key":"Smiling Mask"},{"floor":43,"key":"Symbiotic Virus"},{"floor":47,"key":"Potion Belt"}],"event_choices":[{"cards_removed":["Strike_B"],"damage_healed":0,"gold_gain":0,"player_choice":"Card Removal","damage_taken":0,"max_hp_gain":0,"max_hp_loss":0,"event_name":"The Cleric","floor":2,"gold_loss":50},{"damage_healed":0,"gold_gain":75,"player_choice":"Gather Gold","damage_taken":11,"max_hp_gain":0,"max_hp_loss":0,"event_name":"World of Goop","floor":3,"gold_loss":0},{"damage_healed":0,"gold_gain":0,"player_choice":"Entered Light","damage_taken":15,"max_hp_gain":0,"max_hp_loss":0,"event_name":"Shining Light","floor":11,"gold_loss":0,"cards_upgraded":["FTL","Defend_B"]},{"cards_removed":["Strike_B"],"damage_healed":0,"gold_gain":0,"player_choice":"Purged","damage_taken":0,"max_hp_gain":0,"max_hp_loss":0,"event_name":"Purifier","floor":12,"gold_loss":0},{"cards_removed":["Strike_B"],"damage_healed":0,"gold_gain":0,"player_choice":"Offered Basic","damage_taken":0,"max_hp_gain":0,"max_hp_loss":0,"event_name":"Bonfire Elementals","floor":21,"gold_loss":0},{"damage_healed":0,"gold_gain":0,"player_choice":"Ignored","damage_taken":0,"max_hp_gain":0,"max_hp_loss":0,"event_name":"Tomb of Lord Red Mask","floor":36,"gold_loss":0},{"damage_healed":0,"gold_gain":0,"player_choice":"Memory 1","damage_taken":0,"max_hp_gain":0,"max_hp_loss":0,"event_name":"SensoryStone","floor":38,"gold_loss":0},{"damage_healed":0,"gold_gain":0,"player_choice":"Upgraded","damage_taken":0,"max_hp_gain":0,"max_hp_loss":0,"event_name":"Upgrade Shrine","floor":41,"gold_loss":0,"cards_upgraded":["Rainbow"]},{"damage_healed":0,"gold_gain":0,"player_choice":"Max HP","damage_taken":0,"max_hp_gain":0,"max_hp_loss":4,"event_name":"Winding Halls","floor":45,"gold_loss":0}],"is_beta":true,"boss_relics":[{"not_picked":["Snecko Eye","Eternal Feather"],"picked":"Inserter"},{"not_picked":["Velvet Choker","Empty Cage"],"picked":"FrozenCore"}],"items_purged_floors":[5,44],"is_endless":false,"potions_floor_spawned":[4,6,13,16,19,24,25,27,30,31,46,47],"ascension_level":0}