{"gold_per_floor":[114,114,39,62,77,77,91,91,91,91,166,179,199,18,18,116,116,130,141,66,165,184,184,199,145,169,169,181,181,199,210,210,314,314,332,350,350,38,56,87,99,99,126,17,35,51,51,51,51,51],"floor_reached":51,"playtime":3695,"items_purged":["Defend_G","Strike_G"],"score":678,"play_id":"5028f0ab-f544-4aaa-b34e-13c2867b252f","local_time":"20180712003818","is_ascension_mode":true,"campfire_choices":[{"data":"Noxious Fumes","floor":6,"key":"SMITH"},{"data":"Neutralize","floor":8,"key":"SMITH"},{"data":"Footwork","floor":15,"key":"SMITH"},{"data":"Catalyst","floor":23,"key":"SMITH"},{"data":"Night Terror","floor":27,"key":"SMITH"},{"floor":29,"key":"REST"},{"floor":32,"key":"REST"},{"floor":42,"key":"REST"},{"floor":47,"key":"REST"},{"floor":49,"key":"REST"}],"neow_cost":"","seed_source_timestamp":25300822054292,"circlet_count":0,"master_deck":["Defend_G","Defend_G","Defend_G","Defend_G","Survivor","Neutralize+1","Noxious Fumes+1","Slice","Sucker Punch","Endless Agony","Footwork+1","Night Terror+1","Catalyst+1","Bouncing Flask","Escape Plan","Deflect","Deadly Poison","Noxious Fumes+1","Adrenaline","Dodge and Roll+1","Cloak And Dagger+1","Well Laid Plans","Setup"],"relics":["Ring of the Snake","Anchor","Ornamental Fan","Empty Cage","Pen Nib","Busted Crown","The Specimen","Paper Crane","Boot"],"potions_floor_usage":[13,18,18,30,33,33,50,50],"damage_taken":[{"damage":0,"enemies":"Jaw Worm","floor":1,"turns":5},{"damage":0,"enemies":"2 Louse","floor":5,"turns":3},{"damage":0,"enemies":"Cultist","floor":7,"turns":4},{"damage":7,"enemies":"Exordium Thugs","floor":12,"turns":5},{"damage":0,"enemies":"Blue Slaver","floor":13,"turns":4},{"damage":17,"enemies":"The Guardian","floor":16,"turns":11},{"damage":0,"enemies":"2 Thieves","floor":18,"turns":4},{"damage":0,"enemies":"Spheric Guardian","floor":19,"turns":6},{"damage":14,"enemies":"Snecko","floor":22,"turns":5},{"damage":19,"enemies":"Cultist and Chosen","floor":24,"turns":6},{"damage":5,"enemies":"Centurion and Healer","floor":28,"turns":8},{"damage":13,"enemies":"3 Cultists","floor":30,"turns":6},{"damage":11,"enemies":"Snake Plant","floor":31,"turns":5},{"damage":45,"enemies":"Automaton","floor":33,"turns":9},{"damage":7,"enemies":"3 Shapes","floor":35,"turns":4},{"damage":17,"enemies":"Orb Walker","floor":36,"turns":4},{"damage":9,"enemies":"Sphere and 2 Shapes","floor":39,"turns":6},{"damage":2,"enemies":"Nemesis","floor":40,"turns":7},{"damage":15,"enemies":"3 Darklings","floor":41,"turns":6},{"damage":0,"enemies":"Maw","floor":45,"turns":5},{"damage":21,"enemies":"Flame Bruiser 2 Orb","floor":46,"turns":4},{"damage":12,"enemies":"Donu and Deca","floor":50,"turns":5}],"seed_played":"-256036690350484647","potions_obtained":[{"floor":1,"key":"Dexterity Potion"},{"floor":7,"key":"Swift Potion"},{"floor":12,"key":"Regen Potion"},{"floor":16,"key":"Fire Potion"},{"floor":19,"key":"SteroidPotion"},{"floor":28,"key":"FearPotion"},{"floor":31,"key":"Strength Potion"},{"floor":45,"key":"SpeedPotion"},{"floor":46,"key":"Swift Potion"},{"floor":48,"key":"Fruit Juice"}],"is_trial":false,"path_per_floor":["M","?","$","T","M","R","M","R","T","$","?","M","M","$","R","B",null,"M","M","$","?","M","R","M","$","T","R","M","R","M","M","R","B",null,"M","M","?","$","M","E","M","R","T","$","M","M","R","?","R","B"],"character_chosen":"THE_SILENT","items_purchased":["Footwork","Bouncing Flask","Deadly Poison","The Specimen","Well Laid Plans","Ancient Potion"],"campfire_rested":5,"item_purchase_floors":[14,20,25,38,44,44],"current_hp_per_floor":[70,63,63,63,63,63,63,63,63,63,52,45,57,57,57,40,70,70,70,70,70,56,56,37,37,37,37,32,53,40,29,50,5,70,63,46,46,46,37,35,20,41,41,41,41,20,41,41,62,55],"gold":51,"neow_bonus":"","is_prod":false,"is_daily":false,"chose_seed":false,"campfire_upgraded":5,"win_rate":0,"timestamp":1531348698,"path_taken":["M","?","$","?","M","R","M","R","T","?","?","M","?","$","R","BOSS","M","M","$","?","M","R","M","$","T","R","M","R","M","M","R","BOSS","M","M","?","$","M","E","?","R","T","?","M","M","R","?","R","BOSS"],"build_version":"2018-07-10","purchased_purges":2,"victory":true,"max_hp_per_floor":[70,70,70,70,70,70,70,70,70,70,70,70,70,70,70,70,70,70,70,70,70,70,70,70,70,70,70,70,70,70,70,70,70,70,70,70,70,70,70,70,70,70,70,70,70,70,70,70,70,75],"card_choices":[{"not_picked":["Dodge and Roll","Distraction"],"picked":"Noxious Fumes","floor":1},{"not_picked":["Backflip","Leg Sweep"],"picked":"Slice","floor":5},{"not_picked":["Choke","Dash"],"picked":"Sucker Punch","floor":7},{"not_picked":["Expertise","Slice"],"picked":"Endless Agony","floor":12},{"not_picked":["Distraction","PiercingWail","Backflip"],"picked":"SKIP","floor":13},{"not_picked":["Distraction","PiercingWail","Backflip"],"picked":"SKIP","floor":13},{"not_picked":["Doppelganger","Bullet Time"],"picked":"Night Terror","floor":16},{"not_picked":["Slice","Acrobatics","Accuracy+1"],"picked":"SKIP","floor":18},{"not_picked":["Acrobatics","Prepared"],"picked":"Catalyst","floor":19},{"not_picked":["Underhanded Strike","Terror+1"],"picked":"Escape Plan","floor":22},{"not_picked":["Endless Agony","Expertise+1"],"picked":"Deflect","floor":24},{"not_picked":["Slice+1","Poisoned Stab","Quick Slash"],"picked":"SKIP","floor":28},{"not_picked":["Dash+1","Outmaneuver+1"],"picked":"Noxious Fumes+1","floor":30},{"not_picked":["Outmaneuver","Glass Knife","Bouncing Flask"],"picked":"SKIP","floor":31},{"not_picked":["Grand Finale","Night Terror"],"picked":"Adrenaline","floor":33},{"not_picked":["Dash+1"],"picked":"SKIP","floor":35},{"not_picked":[],"picked":"Dodge and Roll+1","floor":36},{"not_picked":[],"picked":"Cloak And Dagger+1","floor":39},{"not_picked":["PiercingWail"],"picked":"SKIP","floor":40},{"not_picked":["Bane"],"picked":"SKIP","floor":41},{"not_picked":["Outmaneuver"],"picked":"SKIP","floor":45},{"not_picked":[],"picked":"Setup","floor":46}],"player_experience":242902,"relics_obtained":[{"floor":4,"key":"Anchor"},{"floor":9,"key":"Ornamental Fan"},{"floor":26,"key":"Pen Nib"},{"floor":40,"key":"Paper Crane"},{"floor":43,"key":"Boot"}],"event_choices":[{"event_name":"Golden Wing","player_choice":"Card Removal","floor":2,"damage_taken":0},{"event_name":"World of Goop","player_choice":"Gather Gold","floor":11,"damage_taken":0},{"event_name":"Nest","player_choice":"Stole From Cult","floor":21,"damage_taken":0},{"event_name":"Falling","player_choice":"Removed Attack","floor":37,"damage_taken":0},{"event_name":"The Lab","player_choice":"Got Potions","floor":48,"damage_taken":0}],"boss_relics":[{"not_picked":["Pandora\u0027s Box","Lizard Tail"],"picked":"Empty Cage"},{"not_picked":["Ring of the Serpent","Sozu"],"picked":"Busted Crown"}],"items_purged_floors":[3,14],"is_endless":false,"potions_floor_spawned":[1,7,12,16,19,28,31,45,46],"ascension_level":1}