{"gold_per_floor":[112,125,145,145,145,174,190,190,215,215,215,249,249,269,269,369,369,381,392,302,320,338,363,363,375,375,405,416,341,361,361,361,361],"floor_reached":33,"playtime":2088,"items_purged":["Defend_R"],"score":474,"play_id":"7a87a015-2fcd-45f3-8931-97ca82138e05","local_time":"20190205200046","is_ascension_mode":false,"campfire_choices":[{"floor":8,"key":"REST"},{"data":"Bash","floor":10,"key":"SMITH"},{"data":"Corruption","floor":13,"key":"SMITH"},{"data":"Offering","floor":15,"key":"SMITH"},{"data":"Armaments","floor":24,"key":"SMITH"},{"floor":32,"key":"REST"}],"neow_cost":"NONE","seed_source_timestamp":0,"circlet_count":0,"master_deck":["Strike_R","Bash+1","Corruption+1","Twin Strike","Iron Wave","Offering+1","Havoc","Flex","Dark Embrace","Shockwave+1","Infernal Blade+1","Feed+1","Iron Wave+1","Rage","Iron Wave+1","Armaments+1","Headbutt+1","Sword Boomerang+1","Metallicize","Ghostly Armor+1","Shrug It Off+1","Decay"],"special_seed":0,"relics":["Burning Blood","Smiling Mask","Happy Flower","PreservedInsect","Astrolabe","Centennial Puzzle","Juzu Bracelet","Art of War"],"potions_floor_usage":[12,12,16,18,22,33,33],"damage_taken":[{"damage":10,"enemies":"Cultist","floor":1,"turns":4},{"damage":6,"enemies":"Jaw Worm","floor":2,"turns":4},{"damage":0,"enemies":"Small Slimes","floor":3,"turns":4},{"damage":57,"enemies":"3 Sentries","floor":6,"turns":11},{"damage":8,"enemies":"Red Slaver","floor":7,"turns":4},{"damage":6,"enemies":"Gremlin Nob","floor":12,"turns":3},{"damage":6,"enemies":"3 Louse","floor":14,"turns":3},{"damage":51,"enemies":"The Guardian","floor":16,"turns":13},{"damage":7,"enemies":"3 Byrds","floor":18,"turns":6},{"damage":6,"enemies":"2 Thieves","floor":19,"turns":2},{"damage":14,"enemies":"Snake Plant","floor":21,"turns":4},{"damage":9,"enemies":"Cultist and Chosen","floor":22,"turns":8},{"damage":19,"enemies":"Book of Stabbing","floor":23,"turns":4},{"damage":15,"enemies":"Centurion and Healer","floor":25,"turns":6},{"damage":38,"enemies":"Slavers","floor":27,"turns":3},{"damage":13,"enemies":"Shelled Parasite and Fungi","floor":28,"turns":5},{"damage":15,"enemies":"Snake Plant","floor":30,"turns":4},{"damage":71,"enemies":"Collector","floor":33,"turns":11}],"seed_played":"1394820217550600390","potions_obtained":[{"floor":6,"key":"SpeedPotion"},{"floor":7,"key":"PowerPotion"},{"floor":12,"key":"Block Potion"},{"floor":14,"key":"Swift Potion"},{"floor":18,"key":"Ancient Potion"},{"floor":22,"key":"Weak Potion"},{"floor":25,"key":"EssenceOfSteel"},{"floor":28,"key":"GamblersBrew"},{"floor":30,"key":"Energy Potion"}],"is_trial":false,"path_per_floor":["M","M","M","?","?","E","M","R","T","R","?","E","R","M","R","B",null,"M","M","$","M","M","E","R","M","T","E","M","?","M","?","R","B"],"character_chosen":"IRONCLAD","items_purchased":["Rage"],"campfire_rested":2,"item_purchase_floors":[20],"current_hp_per_floor":[84,84,88,88,81,30,28,54,54,54,54,54,54,54,54,9,88,91,95,95,87,88,75,75,70,70,42,39,39,34,34,68,0],"gold":361,"neow_bonus":"TEN_PERCENT_HP_BONUS","is_prod":false,"is_daily":false,"chose_seed":false,"campfire_upgraded":4,"win_rate":0,"timestamp":1549364446,"path_taken":["M","M","M","?","?","E","M","R","T","R","?","E","R","?","R","BOSS","M","M","$","M","M","E","R","M","T","E","M","?","M","?","R","BOSS"],"build_version":"2019-01-23","purchased_purges":1,"victory":false,"max_hp_per_floor":[88,88,88,88,88,88,88,88,88,88,88,88,88,88,88,88,88,92,96,96,96,100,100,100,104,104,108,112,112,116,116,116,116],"card_choices":[{"not_picked":["Clothesline","Flex","Clash"],"picked":"SKIP","floor":1},{"not_picked":["Cleave","Burning Pact"],"picked":"Corruption","floor":2},{"not_picked":["Wild Strike","Shrug It Off"],"picked":"Twin Strike","floor":3},{"not_picked":["Burning Pact","Warcry"],"picked":"Iron Wave","floor":6},{"not_picked":["Clothesline","Havoc"],"picked":"Offering","floor":7},{"not_picked":["Bloodletting","Thunderclap"],"picked":"Havoc","floor":12},{"not_picked":["Warcry","Pommel Strike"],"picked":"Flex","floor":14},{"not_picked":["Limit Break","Exhume"],"picked":"Dark Embrace","floor":16},{"not_picked":["Pommel Strike","Clothesline"],"picked":"Iron Wave+1","floor":18},{"not_picked":["Body Slam","Havoc","Clash"],"picked":"SKIP","floor":19},{"not_picked":["Sever Soul","Warcry+1"],"picked":"Iron Wave+1","floor":21},{"not_picked":["Dark Embrace","Cleave"],"picked":"Armaments","floor":22},{"not_picked":["Thunderclap","Reckless Charge"],"picked":"Headbutt+1","floor":23},{"not_picked":["Searing Blow","Heavy Blade"],"picked":"Sword Boomerang+1","floor":25},{"not_picked":["Berserk","Perfected Strike"],"picked":"Metallicize","floor":27},{"not_picked":["Thunderclap","Feel No Pain"],"picked":"Ghostly Armor+1","floor":28},{"not_picked":["Armaments","Wild Strike+1"],"picked":"Shrug It Off+1","floor":30}],"player_experience":160383,"relics_obtained":[{"floor":6,"key":"Smiling Mask"},{"floor":9,"key":"Happy Flower"},{"floor":12,"key":"PreservedInsect"},{"floor":23,"key":"Centennial Puzzle"},{"floor":26,"key":"Juzu Bracelet"},{"floor":27,"key":"Art of War"}],"event_choices":[{"cards_removed":["Strike_R"],"damage_healed":0,"gold_gain":0,"player_choice":"Forget","damage_taken":0,"max_hp_gain":0,"max_hp_loss":0,"event_name":"Living Wall","floor":4,"gold_loss":0},{"cards_removed":["Defend_R"],"damage_healed":0,"gold_gain":0,"player_choice":"Card Removal","damage_taken":7,"max_hp_gain":0,"max_hp_loss":0,"event_name":"Golden Wing","floor":5,"gold_loss":0},{"cards_removed":["Strike_R"],"damage_healed":0,"gold_gain":0,"player_choice":"Purged","damage_taken":0,"max_hp_gain":0,"max_hp_loss":0,"event_name":"Purifier","floor":11,"gold_loss":0},{"cards_removed":["Defend_R"],"damage_healed":0,"gold_gain":0,"player_choice":"Gave Gold","damage_taken":0,"max_hp_gain":0,"max_hp_loss":0,"event_name":"Beggar","floor":29,"gold_loss":75},{"damage_healed":0,"gold_gain":0,"player_choice":"Smashed Altar","damage_taken":0,"max_hp_gain":0,"max_hp_loss":0,"event_name":"Forgotten Altar","floor":31,"gold_loss":0,"cards_obtained":["Decay"]}],"is_beta":false,"boss_relics":[{"not_picked":["Ectoplasm","Lizard Tail"],"picked":"Astrolabe"}],"items_purged_floors":[20],"is_endless":false,"potions_floor_spawned":[6,7,12,14,18,22,25,28,30],"killed_by":"Collector","ascension_level":0}