{"path_per_floor":["M","?","$","M","M","E","R","M","T","T","M","$","E","M","R","B",null,"M","M","$","?","?","R","M","M","T","?","R","M","M","$","R","B",null,"M","M","?","M","?","R","E","M","T","E","?","$","M","M","R","B"],"character_chosen":"IRONCLAD","items_purchased":["Carnage","Metallicize","Shrug It Off","Ghostly Armor","Pommel Strike","Rage","Fire Potion","Strawberry"],"gold_per_floor":[109,109,37,56,76,107,107,122,122,122,136,13,47,66,66,167,167,177,195,15,15,15,15,31,50,77,77,77,91,111,19,19,118,118,136,156,209,219,219,219,249,265,265,290,290,33,47,67,67,67],"floor_reached":51,"campfire_rested":3,"playtime":6029,"current_hp_per_floor":[80,80,80,80,80,40,40,46,46,46,48,48,44,54,78,73,80,80,44,44,44,44,44,17,30,30,58,58,71,80,80,80,85,89,89,83,57,26,26,53,56,59,59,62,50,57,70,67,96,73],"items_purged":["Normality","Fire Breathing"],"gold":67,"score":596,"play_id":"d4d01601-634a-4682-be10-1d8a89875b60","local_time":"20180306223454","is_prod":false,"is_daily":false,"is_ascension_mode":false,"campfire_upgraded":4,"timestamp":1520372094,"path_taken":["M","?","$","M","M","E","R","?","T","?","M","?","E","M","R","BOSS","M","M","$","?","?","R","M","M","T","?","R","M","?","$","R","BOSS","M","M","?","M","?","R","E","M","T","E","?","$","?","M","R","BOSS"],"build_version":"2018-03-01-PROD1","purchased_purges":3,"victory":true,"master_deck":["Strike_R","Strike_R","Strike_R","Strike_R","Defend_R","Defend_R","Defend_R","Defend_R","Bash","Offering+1","Entrench+1","Carnage","Shrug It Off","Body Slam+1","Barricade+1","Iron Wave","Metallicize","Shrug It Off","Body Slam+1","Pommel Strike","Feed","Headbutt","Pommel Strike","Ghostly Armor","Pommel Strike","Offering","Bloodletting+1","Flame Barrier","Rage","Brutality","Battle Trance+1","Flame Barrier+1","Entrench","Headbutt+1","Body Slam","Battle Trance","Madness","Madness","True Grit+1"],"max_hp_per_floor":[80,80,80,80,80,80,80,80,80,80,80,80,80,80,80,80,80,80,80,80,80,80,80,83,86,86,86,86,89,89,89,89,89,89,89,89,89,92,92,92,92,92,92,92,92,99,99,99,99,99],"relics":["Black Blood","Anchor","Girya","Unceasing Top","Bird Faced Urn","Oddly Smooth Stone","White Beast Statue","Sundial","Meat on the Bone","Ginger","Orichalcum","Strawberry"],"card_choices":[{"not_picked":["Evolve","Intimidate"],"picked":"Entrench"},{"not_picked":["Clothesline","Pommel Strike"],"picked":"Shrug It Off"},{"not_picked":["Anger","Perfected Strike"],"picked":"Fire Breathing"},{"not_picked":["Heavy Blade","Iron Wave"],"picked":"Body Slam"},{"not_picked":["Uppercut","Perfected Strike"],"picked":"Barricade"},{"not_picked":["Dropkick","Seeing Red"],"picked":"Iron Wave"},{"not_picked":["Sever Soul","Anger"],"picked":"Body Slam"},{"not_picked":["Thunderclap","Evolve"],"picked":"Pommel Strike"},{"not_picked":["Brutality","Limit Break"],"picked":"Feed"},{"not_picked":["Anger","Dropkick"],"picked":"Headbutt"},{"not_picked":["Sword Boomerang","Hemokinesis"],"picked":"Pommel Strike"},{"not_picked":["True Grit","Burning Pact"],"picked":"Headbutt"},{"not_picked":["Sword Boomerang","Carnage"],"picked":"Bloodletting"},{"not_picked":["Rampage","Body Slam"],"picked":"Flame Barrier"},{"not_picked":["Dark Embrace","Barricade"],"picked":"Brutality"},{"not_picked":["Pommel Strike","Headbutt"],"picked":"Battle Trance"},{"not_picked":["Sword Boomerang","Clash"],"picked":"Flame Barrier"},{"not_picked":["Heavy Blade","True Grit"],"picked":"Entrench"},{"not_picked":["Hemokinesis","Pummel"],"picked":"Headbutt"},{"not_picked":["Spot Weakness","Heavy Blade"],"picked":"Body Slam"},{"not_picked":["Thunderclap","Twin Strike"],"picked":"Battle Trance"},{"not_picked":["Twin Strike","Warcry"],"picked":"True Grit"}],"player_experience":23271,"potions_floor_usage":[8,13,16,19,19,36,37,38,41,42,48,50,50,50],"damage_taken":[{"damage":5,"enemies":"Jaw Worm","floor":1,"turns":5},{"damage":5,"enemies":"Cultist","floor":4,"turns":3},{"damage":6,"enemies":"Small Slimes","floor":5,"turns":3},{"damage":46,"enemies":"Lagavulin","floor":6,"turns":7},{"damage":0,"enemies":"2 Fungi Beasts","floor":8,"turns":2},{"damage":4,"enemies":"Large Slime","floor":11,"turns":8},{"damage":10,"enemies":"3 Sentries","floor":13,"turns":7},{"damage":0,"enemies":"Lots of Slimes","floor":14,"turns":6},{"damage":17,"enemies":"The Guardian","floor":16,"turns":9},{"damage":4,"enemies":"Spheric Guardian","floor":18,"turns":4},{"damage":52,"enemies":"Chosen","floor":19,"turns":10},{"damage":44,"enemies":"Sentry and Sphere","floor":24,"turns":13},{"damage":4,"enemies":"Centurion and Healer","floor":25,"turns":9},{"damage":4,"enemies":"Slaver and Parasite","floor":29,"turns":5},{"damage":1,"enemies":"Snake Plant","floor":30,"turns":4},{"damage":11,"enemies":"Champ","floor":33,"turns":7},{"damage":8,"enemies":"Orb Walker","floor":35,"turns":3},{"damage":18,"enemies":"3 Shapes","floor":36,"turns":5},{"damage":42,"enemies":"Mysterious Sphere","floor":37,"turns":8},{"damage":50,"enemies":"Sphere and 2 Shapes","floor":38,"turns":10},{"damage":15,"enemies":"2 Orb Walkers","floor":41,"turns":8},{"damage":13,"enemies":"Maw","floor":42,"turns":7},{"damage":25,"enemies":"Nemesis","floor":44,"turns":9},{"damage":15,"enemies":"3 Darklings","floor":47,"turns":8},{"damage":31,"enemies":"Sphere and 2 Shapes","floor":48,"turns":6},{"damage":39,"enemies":"Time Eater","floor":50,"turns":11}],"event_choices":[{"event_name":"Accursed Blacksmith","player_choice":"Forge","floor":2,"damage_taken":0},{"event_name":"Drug Dealer","player_choice":"Ignored","floor":21,"damage_taken":0},{"event_name":"Duplicator","player_choice":"One dupe","floor":22,"damage_taken":0},{"event_name":"The Library","player_choice":"Heal","floor":27,"damage_taken":0},{"event_name":"Mysterious Sphere","player_choice":"Fight","floor":37,"damage_taken":0},{"event_name":"Winding Halls","player_choice":"Embrace Madness","floor":45,"damage_taken":0}],"boss_relics":[{"not_picked":["Philosopher\u0027s Stone","Eternal Feather"],"picked":"Black Blood"},{"not_picked":["Runic Cube","Cursed Key"],"picked":"White Beast Statue"}],"potions_floor_spawned":[1,4,6,11,16,19,24,33,35,36,37,38,41,42,44,47,48],"seed_played":"178814495831924001","ascension_level":0,"is_trial":false}