{"gold_per_floor":[111,126,126,137,13,39,39,65,65,65,78,98,48,64,64,159,159,176,187,63,63,78,78,78,78],"floor_reached":25,"playtime":1175,"items_purged":[],"score":213,"play_id":"5446ee82-5ff9-4b3e-b038-1e15991f1ecb","local_time":"20181130011518","is_ascension_mode":false,"campfire_choices":[{"data":"Blizzard","floor":7,"key":"SMITH"},{"data":"Cold Snap","floor":10,"key":"SMITH"},{"data":"Creative AI","floor":15,"key":"SMITH"},{"data":"Finesse","floor":23,"key":"SMITH"}],"neow_cost":"NONE","seed_source_timestamp":1215877312860526,"circlet_count":0,"master_deck":["Strike_B","Strike_B","Strike_B","Defend_B","Defend_B","Defend_B","Zap","Dualcast","Blizzard+1","Redo","Glacier","Finesse+1","Rip and Tear","Rebound","Cold Snap+1","Leap","Creative AI+1","Compile Driver","Amplify","Cold Snap","Capacitor","Self Repair","Coolheaded","BootSequence"],"relics":["Cracked Core","NeowsBlessing","Gremlin Horn","Calipers","Bottled Flame","Eternal Feather"],"potions_floor_usage":[14,18,22,22,22],"damage_taken":[{"damage":0,"enemies":"2 Louse","floor":1,"turns":1},{"damage":0,"enemies":"Cultist","floor":2,"turns":1},{"damage":0,"enemies":"Jaw Worm","floor":4,"turns":1},{"damage":7,"enemies":"Gremlin Nob","floor":6,"turns":4},{"damage":19,"enemies":"Lagavulin","floor":8,"turns":8},{"damage":8,"enemies":"2 Fungi Beasts","floor":11,"turns":2},{"damage":0,"enemies":"Exordium Wildlife","floor":12,"turns":2},{"damage":3,"enemies":"Exordium Thugs","floor":14,"turns":6},{"damage":19,"enemies":"The Guardian","floor":16,"turns":11},{"damage":31,"enemies":"3 Byrds","floor":18,"turns":8},{"damage":10,"enemies":"Shell Parasite","floor":19,"turns":9},{"damage":9,"enemies":"Centurion and Healer","floor":22,"turns":9},{"damage":43,"enemies":"Colosseum Slavers","floor":24,"turns":7},{"damage":15,"enemies":"Slavers","floor":25,"turns":1}],"seed_played":"3964931607580477682","potions_obtained":[{"floor":4,"key":"Energy Potion"},{"floor":8,"key":"SpeedPotion"},{"floor":16,"key":"Weak Potion"},{"floor":18,"key":"Regen Potion"},{"floor":19,"key":"SneckoOil"}],"is_trial":false,"path_per_floor":["M","M","?","M","$","E","R","E","T","R","M","M","?","M","R","B",null,"M","M","$","?","M","R","?","E"],"character_chosen":"DEFECT","items_purchased":["Finesse","Rip and Tear","Self Repair","Coolheaded"],"campfire_rested":0,"item_purchase_floors":[5,5,20,20],"current_hp_per_floor":[75,75,75,75,75,68,68,49,49,49,41,41,41,38,38,19,75,44,34,34,20,33,45,9,0],"gold":78,"neow_bonus":"THREE_ENEMY_KILL","is_prod":false,"is_daily":false,"chose_seed":false,"campfire_upgraded":4,"win_rate":0,"timestamp":1543562118,"path_taken":["M","M","?","?","$","E","R","E","T","R","M","M","?","M","R","BOSS","M","M","$","?","M","R","?","E"],"build_version":"2018-11-15","purchased_purges":0,"victory":false,"max_hp_per_floor":[75,75,75,75,75,75,75,75,75,75,75,75,75,75,75,75,75,75,75,75,80,80,80,80,80],"card_choices":[{"not_picked":["Coolheaded","Barrage"],"picked":"Blizzard","floor":1},{"not_picked":["Loop","Gash"],"picked":"Redo","floor":2},{"not_picked":["Coolheaded","Streamline"],"picked":"Glacier","floor":4},{"not_picked":["Undo","Doom and Gloom"],"picked":"Rebound","floor":6},{"not_picked":["Compile Driver","Beam Cell"],"picked":"Cold Snap","floor":8},{"not_picked":["Gash","Compile Driver"],"picked":"Leap","floor":11},{"not_picked":["Sunder","Sweeping Beam"],"picked":"Creative AI","floor":12},{"not_picked":["Scrape","Go for the Eyes"],"picked":"Compile Driver","floor":14},{"not_picked":["Hyperbeam","Fission"],"picked":"Amplify","floor":16},{"not_picked":["Compile Driver+1","Rebound"],"picked":"Cold Snap","floor":18},{"not_picked":["Recycle","Turbo"],"picked":"Capacitor","floor":19},{"not_picked":["Auto Shields","Steam"],"picked":"BootSequence","floor":22}],"player_experience":293664,"relics_obtained":[{"floor":6,"key":"Gremlin Horn"},{"floor":8,"key":"Calipers"},{"floor":9,"key":"Bottled Flame"}],"event_choices":[{"cards_removed":["Strike_B"],"damage_healed":0,"gold_gain":0,"player_choice":"Offered Basic","damage_taken":0,"max_hp_gain":0,"max_hp_loss":0,"event_name":"Bonfire Elementals","floor":3,"gold_loss":0},{"cards_removed":["Defend_B"],"damage_healed":0,"gold_gain":0,"player_choice":"Card Removal","damage_taken":0,"max_hp_gain":0,"max_hp_loss":0,"event_name":"The Cleric","floor":13,"gold_loss":50},{"damage_healed":0,"gold_gain":0,"player_choice":"Shed Blood","damage_taken":19,"max_hp_gain":5,"max_hp_loss":0,"event_name":"Forgotten Altar","floor":21,"gold_loss":0},{"damage_healed":0,"gold_gain":0,"player_choice":"Fight","damage_taken":0,"max_hp_gain":0,"max_hp_loss":0,"event_name":"Colosseum","floor":24,"gold_loss":0},{"damage_healed":0,"gold_gain":0,"player_choice":"Fled From Nobs","damage_taken":0,"max_hp_gain":0,"max_hp_loss":0,"event_name":"Colosseum","floor":24,"gold_loss":0}],"is_beta":true,"boss_relics":[{"not_picked":["Runic Pyramid","Lizard Tail"],"picked":"Eternal Feather"}],"items_purged_floors":[],"is_endless":false,"potions_floor_spawned":[4,8,16,18,19,24],"killed_by":"Slavers","ascension_level":0}