{"gold_per_floor":[214,139,139,155,165,165,28,46,46,46,80,80,100,115,115,220,220,239,239,252,265,58,58,68,94,94,94,104,104,104,135,135,231,231,241,241,241,116,116,116,131,156,156,167,167,187,206,225,225,225],"floor_reached":51,"playtime":2082,"items_purged":["Strike_R","Defend_R","Defend_R"],"score":799,"play_id":"d591abcb-0223-4b37-ba89-eca5509dfe6c","local_time":"20190827181657","is_ascension_mode":false,"campfire_choices":[{"data":"Whirlwind","floor":6.0,"key":"SMITH"},{"data":"Bash","floor":10.0,"key":"SMITH"},{"data":"Ghostly Armor","floor":15.0,"key":"SMITH"},{"data":"Barricade","floor":23,"key":"SMITH"},{"data":"Flex","floor":27,"key":"SMITH"},{"data":"Twin Strike","floor":29,"key":"SMITH"},{"data":"Metallicize","floor":32,"key":"SMITH"},{"data":"Panacea","floor":40,"key":"SMITH"},{"data":"Double Tap","floor":45,"key":"SMITH"},{"data":"Entrench","floor":49,"key":"SMITH"}],"neow_cost":"NONE","seed_source_timestamp":980573118758600,"circlet_count":0,"master_deck":["Strike_R","Defend_R","Defend_R","Bash+1","Whirlwind+1","Flex+1","Metallicize+1","Intimidate","True Grit","Ghostly Armor+1","Barricade+1","Twin Strike+1","Disarm+1","Body Slam+1","Flame Barrier+1","Reaper","Panacea+1","Heavy Blade","Impervious","Double Tap+1","Parasite","Entrench+1"],"special_seed":0,"relics":["Burning Blood","Pear","Mercury Hourglass","Bag of Preparation","Empty Cage","Chemical X","Sundial","Bottled Flame","Red Mask","Sozu","Boot","Blood Vial"],"potions_floor_usage":[21,25,33,44,50],"damage_taken":[{"damage":1.0,"enemies":"Jaw Worm","floor":1.0,"turns":5.0},{"damage":5.0,"enemies":"Cultist","floor":4.0,"turns":4.0},{"damage":0.0,"enemies":"2 Louse","floor":5.0,"turns":1.0},{"damage":5.0,"enemies":"Looter","floor":8.0,"turns":3.0},{"damage":30.0,"enemies":"Lagavulin","floor":11.0,"turns":7.0},{"damage":13.0,"enemies":"Large Slime","floor":13.0,"turns":4.0},{"damage":5.0,"enemies":"Exordium Thugs","floor":14.0,"turns":3.0},{"damage":33.0,"enemies":"The Guardian","floor":16.0,"turns":14.0},{"damage":2.0,"enemies":"Shell Parasite","floor":18.0,"turns":6.0},{"damage":0,"enemies":"3 Byrds","floor":20,"turns":3},{"damage":9,"enemies":"Centurion and Healer","floor":21,"turns":4},{"damage":0,"enemies":"Chosen and Byrds","floor":24,"turns":4},{"damage":76,"enemies":"Gremlin Leader","floor":25,"turns":8},{"damage":1,"enemies":"Snake Plant","floor":28,"turns":4},{"damage":0,"enemies":"Masked Bandits","floor":31,"turns":2},{"damage":42,"enemies":"Automaton","floor":33,"turns":7},{"damage":0,"enemies":"3 Darklings","floor":35,"turns":1},{"damage":13,"enemies":"3 Shapes","floor":41,"turns":1},{"damage":66,"enemies":"Nemesis","floor":42,"turns":9},{"damage":0,"enemies":"Writhing Mass","floor":44,"turns":4},{"damage":0,"enemies":"Sphere and 2 Shapes","floor":46,"turns":1},{"damage":18,"enemies":"4 Shapes","floor":47,"turns":1},{"damage":18,"enemies":"Writhing Mass","floor":48,"turns":6},{"damage":48,"enemies":"Donu and Deca","floor":50,"turns":9}],"seed_played":"-486266386567370890","potions_obtained":[{"floor":1.0,"key":"SteroidPotion"},{"floor":3.0,"key":"PowerPotion"},{"floor":3.0,"key":"Ancient Potion"},{"floor":13.0,"key":"SteroidPotion"},{"floor":20,"key":"BloodPotion"},{"floor":25,"key":"Ancient Potion"},{"floor":28,"key":"Weak Potion"}],"is_trial":false,"path_per_floor":["M","$","?","M","M","R","$","M","T","R","E","T","M","M","R","B",null,"M","?","M","M","$","R","M","E","T","R","M","R","$","?","R","B",null,"M","?","?","$","?","R","M","E","T","M","R","M","M","M","R","B",null],"character_chosen":"IRONCLAD","items_purchased":["Metallicize","Chemical X"],"campfire_rested":0,"item_purchase_floors":[7,22],"current_hp_per_floor":[80,80,80,80,80,80,80,80,90,90,66,66,59,60,60,33,90,90,81,87,84,84,84,90,42,42,42,47,47,47,53,53,17,90,90,90,90,90,90,90,83,41,41,49,49,57,47,46,46,11],"gold":225,"neow_bonus":"HUNDRED_GOLD","is_prod":false,"is_daily":false,"chose_seed":false,"campfire_upgraded":10,"win_rate":0,"timestamp":1566897417,"path_taken":["M","$","?","M","M","R","?","M","T","R","E","?","?","M","R","BOSS","M","?","M","M","$","R","?","E","T","R","M","R","?","?","R","BOSS","M","?","?","$","?","R","M","E","T","M","R","M","?","M","R","BOSS"],"build_version":"2019-07-17","purchased_purges":3,"victory":true,"max_hp_per_floor":[80,80,80,80,80,80,80,80,90,90,90,90,90,90,90,90,90,90,90,90,90,90,90,90,90,90,90,90,90,90,90,90,90,90,90,90,90,90,90,90,90,90,90,90,90,90,90,90,90,90],"card_choices":[{"not_picked":["Evolve","Spot Weakness"],"picked":"Whirlwind","floor":1.0},{"not_picked":["Warcry","Heavy Blade"],"picked":"Flex","floor":4.0},{"not_picked":["Perfected Strike","Headbutt","Reckless Charge"],"picked":"SKIP","floor":5.0},{"not_picked":["Power Through","Second Wind"],"picked":"Intimidate","floor":8.0},{"not_picked":["Perfected Strike","Body Slam"],"picked":"True Grit","floor":11.0},{"not_picked":["Pommel Strike","Intimidate","Infernal Blade"],"picked":"SKIP","floor":13.0},{"not_picked":["Corruption","Intimidate"],"picked":"Ghostly Armor","floor":14.0},{"not_picked":["Offering","Impervious"],"picked":"Barricade","floor":16.0},{"not_picked":["Evolve+1","Clash","Anger"],"picked":"SKIP","floor":18.0},{"not_picked":["Headbutt","Twin Strike","Pommel Strike"],"picked":"SKIP","floor":20},{"not_picked":["Hemokinesis","Clash"],"picked":"Twin Strike","floor":21},{"not_picked":["Heavy Blade","Clash","Thunderclap+1"],"picked":"SKIP","floor":24},{"not_picked":["True Grit","Fiend Fire"],"picked":"Disarm+1","floor":25},{"not_picked":["Armaments","Twin Strike"],"picked":"Body Slam+1","floor":28},{"not_picked":["Shrug It Off","Bloodletting"],"picked":"Flame Barrier+1","floor":31},{"not_picked":["Juggernaut","Demon Form"],"picked":"Reaper","floor":33},{"not_picked":["Thunderclap+1","Corruption","Clothesline+1"],"picked":"SKIP","floor":35},{"not_picked":["Trip","Dark Shackles"],"picked":"Panacea","floor":36},{"not_picked":["Body Slam","Disarm","Blood for Blood+1"],"picked":"SKIP","floor":41},{"not_picked":["Whirlwind","Armaments+1"],"picked":"Double Tap","floor":42},{"not_picked":["Perfected Strike+1","True Grit","Shrug It Off"],"picked":"SKIP","floor":44},{"not_picked":["Armaments+1","Clothesline","True Grit+1"],"picked":"SKIP","floor":46},{"not_picked":["Burning Pact","Rampage"],"picked":"Entrench","floor":47},{"not_picked":["Rampage+1","Blood for Blood","Clash+1"],"picked":"SKIP","floor":48}],"player_experience":301016,"relics_obtained":[{"floor":9.0,"key":"Pear"},{"floor":11.0,"key":"Mercury Hourglass"},{"floor":12.0,"key":"Bag of Preparation"},{"floor":25,"key":"Sundial"},{"floor":26,"key":"Bottled Flame"},{"floor":31,"key":"Red Mask"},{"floor":42,"key":"Boot"},{"floor":43,"key":"Blood Vial"}],"event_choices":[{"damage_healed":0.0,"max_hp_gain":0.0,"max_hp_loss":0.0,"gold_gain":0.0,"event_name":"Lab","player_choice":"Got Potions","floor":3.0,"gold_loss":0.0,"damage_taken":0.0},{"damage_healed":0.0,"max_hp_gain":0.0,"max_hp_loss":0.0,"gold_gain":0.0,"event_name":"Knowing Skull","player_choice":"","floor":19.0,"potions_obtained":[],"gold_loss":0.0,"damage_taken":9.0,"cards_obtained":[]},{"damage_healed":0,"gold_gain":0,"player_choice":"Fought Bandits","damage_taken":0,"max_hp_gain":0,"max_hp_loss":0,"event_name":"Masked Bandits","floor":31,"gold_loss":0},{"damage_healed":0,"gold_gain":0,"player_choice":"Memory 1","damage_taken":0,"max_hp_gain":0,"max_hp_loss":0,"event_name":"SensoryStone","floor":36,"gold_loss":0},{"cards_removed":["Strike_R"],"damage_healed":0,"gold_gain":0,"player_choice":"Removed Attack","damage_taken":0,"max_hp_gain":0,"max_hp_loss":0,"event_name":"Falling","floor":37,"gold_loss":0},{"damage_healed":0,"gold_gain":0,"player_choice":"2 cards matched","damage_taken":0,"max_hp_gain":0,"max_hp_loss":0,"event_name":"Match and Keep!","floor":39,"gold_loss":0,"cards_obtained":["Heavy Blade","Impervious"]}],"is_beta":false,"boss_relics":[{"not_picked":["White Beast Statue","Black Star"],"picked":"Empty Cage"},{"not_picked":["Mark of Pain","Cursed Key"],"picked":"Sozu"}],"items_purged_floors":[2,7,38],"is_endless":false,"potions_floor_spawned":[1,4,13,14,20,25,28,41,47,48],"ascension_level":0}