{"gold_per_floor":[109,109,109,128,139,173,183,183,183,36,1,32,32,47,47,151,151,164,164,164,178,178,178,178,210,256,256,8,8,18,2,2,98,148,167,167,167,167,185,185,203,203,227,227,245,258,1,31,43,55],"floor_reached":51,"playtime":1779,"items_purged":["Decay","Writhe"],"score":1036,"play_id":"d2e57eee-0d90-418a-9d44-0432349a8f1c","local_time":"20190224010705","is_ascension_mode":true,"campfire_choices":[{"data":"Zap","floor":8,"key":"SMITH"},{"data":"Buffer","floor":15,"key":"SMITH"},{"data":"Hologram","floor":23,"key":"SMITH"},{"floor":27,"key":"REST"},{"floor":29,"key":"REST"},{"floor":32,"key":"REST"},{"data":"Trip","floor":40,"key":"SMITH"},{"data":"Creative AI","floor":42,"key":"SMITH"},{"floor":44,"key":"REST"},{"floor":49,"key":"REST"}],"neow_cost":"CURSE","seed_source_timestamp":854562162835230,"circlet_count":0,"master_deck":["Strike_B","Strike_B","Defend_B","Defend_B","Defend_B","Zap+1","Dualcast","Melter","Machine Learning","Lockon","Rebound","Leap","Doom and Gloom+1","Leap","FTL","Buffer+1","FTL","Creative AI+1","Hologram+1","Leap+1","Lockon","Conserve Battery","FTL","Loop","Seek","Conserve Battery+1","Storm","Flash of Steel","Flash of Steel","Trip+1","Defragment+1","Conserve Battery","Defragment","Biased Cognition","Heatsinks","Doom and Gloom+1"],"relics":["Cracked Core","Mercury Hourglass","Symbiotic Virus","Pear","Lantern","Sozu","Strawberry","Nilry\u0027s Codex","The Courier","Oddly Smooth Stone","Membership Card","Juzu Bracelet","Tiny House","Omamori","Runic Capacitor","MawBank"],"potions_floor_usage":[6,16],"damage_taken":[{"damage":7,"enemies":"Small Slimes","floor":1,"turns":3},{"damage":2,"enemies":"Jaw Worm","floor":4,"turns":3},{"damage":0,"enemies":"2 Louse","floor":5,"turns":2},{"damage":23,"enemies":"Lagavulin","floor":6,"turns":5},{"damage":3,"enemies":"2 Fungi Beasts","floor":7,"turns":3},{"damage":3,"enemies":"Gremlin Nob","floor":12,"turns":3},{"damage":0,"enemies":"Exordium Wildlife","floor":14,"turns":1},{"damage":28,"enemies":"The Guardian","floor":16,"turns":6},{"damage":0,"enemies":"Chosen","floor":18,"turns":3},{"damage":0,"enemies":"Spheric Guardian","floor":21,"turns":3},{"damage":40,"enemies":"Slavers","floor":25,"turns":3},{"damage":6,"enemies":"Centurion and Healer","floor":30,"turns":6},{"damage":77,"enemies":"Collector","floor":33,"turns":7},{"damage":11,"enemies":"3 Shapes","floor":35,"turns":2},{"damage":16,"enemies":"Orb Walker","floor":39,"turns":4},{"damage":17,"enemies":"Spire Growth","floor":41,"turns":6},{"damage":30,"enemies":"Transient","floor":45,"turns":5},{"damage":5,"enemies":"Sphere and 2 Shapes","floor":46,"turns":4},{"damage":0,"enemies":"Giant Head","floor":48,"turns":6},{"damage":81,"enemies":"Donu and Deca","floor":50,"turns":7}],"seed_played":"-1360781623155368285","potions_obtained":[{"floor":5,"key":"Strength Potion"},{"floor":7,"key":"LiquidBronze"}],"is_trial":false,"path_per_floor":["M","?","?","M","M","E","M","R","T","$","?","E","?","M","R","B",null,"M","?","?","M","T","R","?","E","T","R","$","R","M","$","R","B",null,"M","?","?","?","M","R","M","R","T","R","M","M","$","E","R","B",null],"character_chosen":"DEFECT","items_purchased":["FTL","Membership Card","Conserve Battery","Juzu Bracelet","Loop","Runic Capacitor","Defragment","Biased Cognition","Heatsinks"],"campfire_rested":5,"item_purchase_floors":[10,28,28,28,31,47,47,47,47],"current_hp_per_floor":[61,61,58,56,56,33,30,30,40,40,61,58,63,63,63,35,76,76,76,58,58,65,65,49,9,9,39,39,69,63,63,93,16,86,75,102,102,92,76,76,59,59,59,91,61,56,56,56,88,7],"gold":67,"neow_bonus":"TRANSFORM_TWO_CARDS","is_prod":false,"is_daily":false,"chose_seed":false,"campfire_upgraded":5,"win_rate":0,"timestamp":1550992025,"path_taken":["M","?","?","M","M","E","M","R","T","$","?","E","?","?","R","BOSS","M","?","?","M","?","R","?","E","T","R","?","R","M","$","R","BOSS","M","?","?","?","M","R","M","R","T","R","M","M","$","E","R","BOSS"],"build_version":"2019-02-06","purchased_purges":2,"victory":true,"max_hp_per_floor":[75,75,75,75,75,75,75,75,85,85,85,85,90,90,90,90,90,90,90,95,95,102,102,102,102,102,102,102,102,102,102,102,102,107,107,107,107,107,107,107,107,107,107,107,107,107,107,107,107,107],"card_choices":[{"not_picked":["Beam Cell","Compile Driver"],"picked":"Lockon","floor":1},{"not_picked":["Redo","Gash"],"picked":"Rebound","floor":4},{"not_picked":["Rip and Tear","Lockon"],"picked":"Leap","floor":5},{"not_picked":["Leap","Go for the Eyes"],"picked":"Doom and Gloom","floor":6},{"not_picked":["Steam","Gash"],"picked":"Leap","floor":7},{"not_picked":["Compile Driver","Blizzard"],"picked":"Buffer","floor":12},{"not_picked":["Chaos","Leap"],"picked":"FTL","floor":14},{"not_picked":["Meteor Strike","Fission"],"picked":"Creative AI","floor":16},{"not_picked":["Turbo","Recycle"],"picked":"Hologram","floor":18},{"not_picked":["Ball Lightning","Rip and Tear"],"picked":"Leap+1","floor":21},{"not_picked":["Skim","Sweeping Beam"],"picked":"Lockon","floor":25},{"not_picked":["Capacitor","Beam Cell+1"],"picked":"FTL","floor":30},{"not_picked":["Biased Cognition","All For One"],"picked":"Seek","floor":33},{"not_picked":["Tempest","Loop"],"picked":"Conserve Battery+1","floor":35},{"not_picked":["Good Instincts","Dark Shackles"],"picked":"Flash of Steel","floor":38},{"not_picked":["Forethought","Dark Shackles"],"picked":"Flash of Steel","floor":38},{"not_picked":["Impatience","Bandage Up"],"picked":"Trip","floor":38},{"not_picked":["Rebound","Steam+1"],"picked":"Defragment+1","floor":39},{"not_picked":["Ball Lightning+1","Leap+1"],"picked":"Conserve Battery","floor":41},{"not_picked":["Compile Driver","Double Energy","Coolheaded"],"picked":"SKIP","floor":45},{"not_picked":["Steam","Blizzard","Auto Shields+1"],"picked":"SKIP","floor":46},{"not_picked":["Doom and Gloom+1","Genetic Algorithm","Sweeping Beam"],"picked":"SKIP","floor":48},{"not_picked":["Genetic Algorithm","Sweeping Beam"],"picked":"Doom and Gloom+1","floor":48}],"player_experience":457938,"relics_obtained":[{"floor":6,"key":"Symbiotic Virus"},{"floor":9,"key":"Pear"},{"floor":12,"key":"Lantern"},{"floor":22,"key":"Strawberry"},{"floor":24,"key":"Nilry\u0027s Codex"},{"floor":25,"key":"The Courier"},{"floor":26,"key":"Oddly Smooth Stone"},{"floor":43,"key":"Omamori"},{"floor":48,"key":"MawBank"}],"event_choices":[{"damage_healed":0,"gold_gain":0,"player_choice":"Ignored","damage_taken":0,"max_hp_gain":0,"max_hp_loss":0,"event_name":"Liars Game","floor":2,"gold_loss":0},{"damage_healed":0,"gold_gain":0,"player_choice":"Success","damage_taken":3,"relics_obtained":["Mercury Hourglass"],"max_hp_gain":0,"max_hp_loss":0,"event_name":"Scrap Ooze","floor":3,"gold_loss":0},{"damage_healed":21,"gold_gain":0,"player_choice":"Healed","damage_taken":0,"max_hp_gain":0,"max_hp_loss":0,"event_name":"The Cleric","floor":11,"gold_loss":35},{"damage_healed":0,"gold_gain":0,"player_choice":"Donut","damage_taken":0,"max_hp_gain":5,"max_hp_loss":0,"event_name":"Big Fish","floor":13,"gold_loss":0},{"damage_healed":0,"gold_gain":0,"player_choice":"Ignored","damage_taken":0,"max_hp_gain":0,"max_hp_loss":0,"event_name":"Vampires","floor":19,"gold_loss":0},{"damage_healed":0,"gold_gain":0,"player_choice":"Shed Blood","damage_taken":23,"max_hp_gain":5,"max_hp_loss":0,"event_name":"Forgotten Altar","floor":20,"gold_loss":0},{"damage_healed":0,"gold_gain":0,"player_choice":"Obtained Book","damage_taken":16,"max_hp_gain":0,"max_hp_loss":0,"event_name":"Cursed Tome","floor":24,"gold_loss":0},{"damage_healed":27,"gold_gain":0,"player_choice":"Writhe","damage_taken":0,"max_hp_gain":0,"max_hp_loss":0,"event_name":"Winding Halls","floor":36,"gold_loss":0,"cards_obtained":["Writhe"]},{"damage_healed":0,"gold_gain":0,"cards_transformed":["Strike_B"],"player_choice":"Transformed","damage_taken":0,"max_hp_gain":0,"max_hp_loss":0,"event_name":"Transmorgrifier","floor":37,"gold_loss":0,"cards_obtained":["Storm"]},{"damage_healed":0,"gold_gain":0,"player_choice":"Memory 3","damage_taken":10,"max_hp_gain":0,"max_hp_loss":0,"event_name":"SensoryStone","floor":38,"gold_loss":0}],"is_beta":true,"boss_relics":[{"not_picked":["Eternal Feather","Fusion Hammer"],"picked":"Sozu"},{"not_picked":["Calling Bell","Empty Cage"],"picked":"Tiny House"}],"items_purged_floors":[10,47],"is_endless":false,"potions_floor_spawned":[5,7,25,30,33,35,46],"ascension_level":6}