{"gold_per_floor":[19,19,194,212,212,212,68,111,111,130,130,154,154,54,54,184,184,197,197,212,212,212,241,254,283,283,34,49,49,49,69,69,69],"floor_reached":33,"playtime":947,"items_purged":["Pain","Doubt"],"score":308,"play_id":"4cd260f9-5e73-4046-88c1-4e91acde8879","local_time":"20181130154927","is_ascension_mode":false,"campfire_choices":[{"data":"Electrodynamics","floor":6,"key":"SMITH"},{"data":"Defragment","floor":11,"key":"SMITH"},{"data":"Rip and Tear","floor":13,"key":"SMITH"},{"floor":15,"key":"REST"},{"data":"Biased Cognition","floor":29,"key":"SMITH"},{"floor":32,"key":"REST"}],"neow_cost":"NO_GOLD","seed_source_timestamp":1268553194198109,"circlet_count":0,"master_deck":["Zap","Dualcast","Electrodynamics+1","Consume","Rip and Tear+1","Defragment+1","Storm+1","Ball Lightning","Biased Cognition+1","Go for the Eyes","Chill","Ball Lightning","Ball Lightning","Rip and Tear","BootSequence","Double Energy+1","Ball Lightning","Gash","BootSequence","FTL+1","Hello World","Core Surge","Ball Lightning+1","Necronomicurse","Glacier"],"relics":["Cracked Core","Bloody Idol","WarpedTongs","Ancient Tea Set","Whetstone","Pandora\u0027s Box","Kunai","Calipers","Gremlin Horn","Frozen Egg 2","Necronomicon"],"potions_floor_usage":[8,8,23,23,33,33,33],"damage_taken":[{"damage":0,"enemies":"Small Slimes","floor":1,"turns":3},{"damage":6,"enemies":"Jaw Worm","floor":4,"turns":3},{"damage":14,"enemies":"Gremlin Nob","floor":8,"turns":3},{"damage":0,"enemies":"Cultist","floor":10,"turns":2},{"damage":8,"enemies":"Red Slaver","floor":12,"turns":2},{"damage":26,"enemies":"The Guardian","floor":16,"turns":7},{"damage":0,"enemies":"Spheric Guardian","floor":18,"turns":2},{"damage":17,"enemies":"2 Thieves","floor":20,"turns":3},{"damage":4,"enemies":"Slavers","floor":23,"turns":3},{"damage":0,"enemies":"Chosen and Byrds","floor":24,"turns":3},{"damage":18,"enemies":"Book of Stabbing","floor":25,"turns":3},{"damage":16,"enemies":"Snake Plant","floor":28,"turns":3},{"damage":0,"enemies":"Cultist and Chosen","floor":31,"turns":2},{"damage":57,"enemies":"Champ","floor":33,"turns":6}],"seed_played":"-2396971868274815283","potions_obtained":[{"floor":1,"key":"LiquidBronze"},{"floor":4,"key":"Strength Potion"},{"floor":12,"key":"SteroidPotion"},{"floor":18,"key":"Fire Potion"},{"floor":20,"key":"Explosive Potion"},{"floor":24,"key":"EssenceOfSteel"},{"floor":31,"key":"LiquidBronze"}],"is_trial":false,"path_per_floor":["M","?","?","M","?","R","$","E","T","M","R","M","R","$","R","B",null,"M","?","M","?","?","E","M","E","T","$","M","R","?","M","R","B"],"character_chosen":"DEFECT","items_purchased":["Defragment","Frozen Egg 2"],"campfire_rested":2,"item_purchase_floors":[7,27],"current_hp_per_floor":[75,57,57,51,51,51,51,37,37,37,37,29,29,29,51,25,75,75,75,58,58,58,59,64,51,51,51,40,40,24,29,51,0],"gold":69,"neow_bonus":"THREE_RARE_CARDS","is_prod":false,"is_daily":false,"chose_seed":false,"campfire_upgraded":4,"win_rate":0,"timestamp":1543614567,"path_taken":["M","?","?","M","?","R","$","E","T","?","R","M","R","?","R","BOSS","M","?","?","?","?","E","M","E","T","$","M","R","?","M","R","BOSS"],"build_version":"2018-11-15","purchased_purges":2,"victory":false,"max_hp_per_floor":[75,75,75,75,75,75,75,75,75,75,75,75,75,75,75,75,75,75,75,75,75,75,75,75,75,75,75,75,75,75,75,75,75],"card_choices":[{"not_picked":["Amplify","Machine Learning"],"picked":"Electrodynamics","floor":0},{"not_picked":["Beam Cell","Compile Driver"],"picked":"Consume","floor":1},{"not_picked":["Scrape","Leap"],"picked":"Rip and Tear","floor":4},{"not_picked":["Tempest","Scrape"],"picked":"Storm","floor":8},{"not_picked":["Barrage","Steam","Aggregate"],"picked":"SKIP","floor":10},{"not_picked":["Gash","Leap"],"picked":"Ball Lightning","floor":12},{"not_picked":["Multi-Cast","Electrodynamics"],"picked":"Biased Cognition","floor":16},{"not_picked":["Gash+1","Genetic Algorithm"],"picked":"Double Energy+1","floor":18},{"not_picked":["Aggregate+1","Gash"],"picked":"Ball Lightning","floor":20},{"not_picked":["Chill","Redo"],"picked":"FTL+1","floor":23},{"not_picked":["Hologram","Blizzard+1"],"picked":"Hello World","floor":24},{"not_picked":["Go for the Eyes","Coolheaded+1"],"picked":"Core Surge","floor":25},{"not_picked":["Cold Snap+1","Coolheaded+1"],"picked":"Ball Lightning+1","floor":28},{"not_picked":["Go for the Eyes+1","Stack"],"picked":"Glacier","floor":31}],"player_experience":310070,"relics_obtained":[{"floor":8,"key":"Ancient Tea Set"},{"floor":9,"key":"Whetstone"},{"floor":23,"key":"Kunai"},{"floor":25,"key":"Calipers"},{"floor":26,"key":"Gremlin Horn"},{"floor":30,"key":"Necronomicon"}],"event_choices":[{"damage_healed":0,"gold_gain":0,"player_choice":"Take Damage","damage_taken":18,"relics_obtained":["Golden Idol"],"max_hp_gain":0,"max_hp_loss":0,"event_name":"Golden Idol","floor":2,"gold_loss":0},{"damage_healed":0,"gold_gain":175,"player_choice":"AGREE","damage_taken":0,"max_hp_gain":0,"max_hp_loss":0,"event_name":"Liars Game","floor":3,"gold_loss":0,"cards_obtained":["Doubt"]},{"damage_healed":0,"gold_gain":0,"player_choice":"Rummage","damage_taken":0,"relics_obtained":["WarpedTongs"],"max_hp_gain":0,"max_hp_loss":0,"event_name":"Accursed Blacksmith","floor":5,"gold_loss":0,"cards_obtained":["Pain"]},{"damage_healed":0,"gold_gain":0,"player_choice":"Upgraded","damage_taken":0,"max_hp_gain":0,"max_hp_loss":0,"event_name":"Upgrade Shrine","floor":19,"gold_loss":0,"cards_upgraded":["Storm"]},{"damage_healed":0,"gold_gain":0,"cards_transformed":["Beam Cell","Beam Cell"],"player_choice":"Became Test Subject","damage_taken":0,"max_hp_gain":0,"max_hp_loss":0,"event_name":"Drug Dealer","floor":21,"gold_loss":0,"cards_obtained":["Gash","BootSequence"]},{"damage_healed":0,"gold_gain":0,"player_choice":"Gave Idol","damage_taken":0,"relics_obtained":["Bloody Idol"],"max_hp_gain":0,"max_hp_loss":0,"event_name":"Forgotten Altar","floor":22,"relics_lost":["Golden Idol"],"gold_loss":0},{"damage_healed":0,"gold_gain":0,"player_choice":"Obtained Book","damage_taken":16,"max_hp_gain":0,"max_hp_loss":0,"event_name":"Cursed Tome","floor":30,"gold_loss":0}],"is_beta":true,"boss_relics":[{"not_picked":["Ectoplasm","Fusion Hammer"],"picked":"Pandora\u0027s Box"}],"items_purged_floors":[7,14],"is_endless":false,"potions_floor_spawned":[1,4,12,18,20,24,31],"killed_by":"Champ","ascension_level":0}