{"gold_per_floor":[117,117,117,117,130,168,183,183,183,183,458,22,41,64,64,195,195,211,636,655,29,53,53,68,86,86,117,77,98,98,117,117,246,246,260,32,88,107,107,107],"floor_reached":40,"playtime":1479,"items_purged":["Regret"],"score":433,"play_id":"f9a9e290-c42c-4e00-ae3f-4f07afade433","local_time":"20181130014010","is_ascension_mode":false,"campfire_choices":[{"floor":8,"key":"REST"},{"data":"Self Repair","floor":10,"key":"SMITH"},{"data":"Ball Lightning","floor":15,"key":"SMITH"},{"data":"Anger","floor":23,"key":"SMITH"},{"floor":30,"key":"REST"},{"floor":32,"key":"REST"}],"neow_cost":"NONE","seed_source_timestamp":1217064010648948,"circlet_count":0,"master_deck":["Zap+1","Dualcast","Ball Lightning+1","Ball Lightning","Reboot","Self Repair+1","Sunder","Steam","Hyperbeam","Gash","Blizzard","Beam Cell","Streamline","Sweeping Beam","Compile Driver","Chill","Cold Snap","Go for the Eyes+1","Conserve Battery","Finesse","Anger+1","Flex+1","Recycle","Enlightenment+1","Gash","Steam","Magnetism","Sword Boomerang+1","FTL","All For One","Jack Of All Trades","Forethought+1","Slice+1","Swift Strike"],"relics":["Cracked Core","Boot","Golden Idol","Mercury Hourglass","Strawberry","Tiny Chest","Lee\u0027s Waffle","Pandora\u0027s Box","Old Coin","Matryoshka","Unceasing Top","PrismaticShard","Letter Opener","Shovel","Calipers","Empty Cage","Ice Cream"],"potions_floor_usage":[5,16,19,19,25,33,33,33,40],"damage_taken":[{"damage":5,"enemies":"2 Louse","floor":1,"turns":3},{"damage":8,"enemies":"Jaw Worm","floor":5,"turns":3},{"damage":26,"enemies":"3 Sentries","floor":6,"turns":7},{"damage":6,"enemies":"Cultist","floor":7,"turns":3},{"damage":7,"enemies":"Blue Slaver","floor":13,"turns":2},{"damage":4,"enemies":"Lots of Slimes","floor":14,"turns":2},{"damage":38,"enemies":"The Guardian","floor":16,"turns":8},{"damage":0,"enemies":"Spheric Guardian","floor":18,"turns":2},{"damage":33,"enemies":"Colosseum Slavers","floor":19,"turns":3},{"damage":24,"enemies":"Colosseum Nobs","floor":19,"turns":4},{"damage":16,"enemies":"2 Thieves","floor":20,"turns":3},{"damage":0,"enemies":"Cultist and Chosen","floor":22,"turns":4},{"damage":0,"enemies":"3 Cultists","floor":24,"turns":2},{"damage":21,"enemies":"Snake Plant","floor":25,"turns":3},{"damage":29,"enemies":"Book of Stabbing","floor":27,"turns":4},{"damage":23,"enemies":"Snecko","floor":29,"turns":4},{"damage":11,"enemies":"Cultist and Chosen","floor":31,"turns":5},{"damage":60,"enemies":"Automaton","floor":33,"turns":7},{"damage":10,"enemies":"3 Darklings","floor":35,"turns":2},{"damage":49,"enemies":"2 Orb Walkers","floor":37,"turns":4},{"damage":7,"enemies":"Orb Walker","floor":38,"turns":3},{"damage":61,"enemies":"Nemesis","floor":40,"turns":2}],"seed_played":"-7892329475402031680","potions_obtained":[{"floor":1,"key":"Weak Potion"},{"floor":13,"key":"FearPotion"},{"floor":14,"key":"FocusPotion"},{"floor":18,"key":"Poison Potion"},{"floor":20,"key":"Energy Potion"},{"floor":27,"key":"AttackPotion"},{"floor":28,"key":"Dexterity Potion"},{"floor":28,"key":"PowerPotion"},{"floor":38,"key":"Strength Potion"}],"is_trial":false,"path_per_floor":["M","?","?","?","M","E","M","R","T","R","?","$","M","M","R","B",null,"M","?","M","$","M","R","M","M","T","E","?","M","R","M","R","B",null,"M","$","?","M","?","E"],"character_chosen":"DEFECT","items_purchased":["Tiny Chest","Lee\u0027s Waffle","Sunder","Conserve Battery","Finesse","Unceasing Top","PrismaticShard","FTL","All For One","Jack Of All Trades"],"campfire_rested":3,"item_purchase_floors":[12,12,12,21,21,21,21,36,36,36],"current_hp_per_floor":[70,52,52,52,44,18,12,34,41,41,41,89,89,85,85,57,89,89,52,46,46,56,56,66,55,55,36,36,13,39,38,64,14,89,79,79,40,33,33,0],"gold":107,"neow_bonus":"RANDOM_COMMON_RELIC","is_prod":false,"is_daily":false,"chose_seed":false,"campfire_upgraded":3,"win_rate":0,"timestamp":1543563610,"path_taken":["M","?","?","?","?","E","M","R","T","R","?","$","M","?","R","BOSS","M","?","M","$","M","R","M","M","T","E","?","?","R","M","R","BOSS","M","$","?","M","?","E"],"build_version":"2018-11-15","purchased_purges":1,"victory":false,"max_hp_per_floor":[75,75,75,75,75,75,75,75,82,82,82,89,89,89,89,89,89,89,89,89,89,89,89,89,89,89,89,89,89,89,89,89,89,89,89,89,89,89,89,89],"card_choices":[{"not_picked":["BootSequence","Rebound"],"picked":"Ball Lightning","floor":1},{"not_picked":["FTL","Turbo"],"picked":"Ball Lightning","floor":5},{"not_picked":["Reinforced Body","Go for the Eyes"],"picked":"Reboot","floor":6},{"not_picked":["Capacitor","Doom and Gloom"],"picked":"Self Repair","floor":7},{"not_picked":["Force Field","Stack"],"picked":"Steam","floor":13},{"not_picked":["Gash","Glacier"],"picked":"Heatsinks","floor":14},{"not_picked":["Thunder Strike","Buffer"],"picked":"Hyperbeam","floor":16},{"not_picked":["Streamline","Rebound"],"picked":"Chill","floor":18},{"not_picked":["Compile Driver","Consume"],"picked":"Cold Snap","floor":19},{"not_picked":["Barrage+1","Beam Cell"],"picked":"Go for the Eyes+1","floor":20},{"not_picked":["Flame Barrier","Blade Dance+1"],"picked":"Anger","floor":22},{"not_picked":["Impervious","Cold Snap"],"picked":"Flex+1","floor":24},{"not_picked":["Conserve Battery","Blade Dance+1"],"picked":"Recycle","floor":25},{"not_picked":["Heavy Blade+1","Combust"],"picked":"Enlightenment+1","floor":27},{"not_picked":["Distraction","Choke"],"picked":"Gash","floor":29},{"not_picked":["PiercingWail+1","Hyperbeam"],"picked":"Steam","floor":31},{"not_picked":["Mayhem","Magnetism"],"picked":"Magnetism","floor":33},{"not_picked":["Searing Blow","Eviscerate+1"],"picked":"Sword Boomerang+1","floor":35},{"not_picked":["Loop","Cloak And Dagger+1"],"picked":"Forethought+1","floor":37},{"not_picked":["Forethought+1","Finisher+1"],"picked":"Slice+1","floor":38},{"not_picked":["Madness","PanicButton"],"picked":"Swift Strike","floor":39}],"player_experience":294839,"relics_obtained":[{"floor":6,"key":"Mercury Hourglass"},{"floor":9,"key":"Strawberry"},{"floor":19,"key":"Old Coin"},{"floor":19,"key":"Matryoshka"},{"floor":26,"key":"Letter Opener"},{"floor":26,"key":"Shovel"},{"floor":27,"key":"Calipers"},{"floor":37,"key":"Ice Cream"}],"event_choices":[{"damage_healed":0,"gold_gain":0,"player_choice":"Take Damage","damage_taken":18,"relics_obtained":["Golden Idol"],"max_hp_gain":0,"max_hp_loss":0,"event_name":"Golden Idol","floor":2,"gold_loss":0},{"damage_healed":0,"gold_gain":0,"player_choice":"Grow","damage_taken":0,"max_hp_gain":0,"max_hp_loss":0,"event_name":"Living Wall","floor":3,"gold_loss":0,"cards_upgraded":["Zap"]},{"cards_removed":["Strike_B"],"damage_healed":0,"gold_gain":0,"player_choice":"Purged","damage_taken":0,"max_hp_gain":0,"max_hp_loss":0,"event_name":"Purifier","floor":4,"gold_loss":0},{"damage_healed":0,"gold_gain":275,"player_choice":"Desecrate","damage_taken":0,"max_hp_gain":0,"max_hp_loss":0,"event_name":"Golden Shrine","floor":11,"gold_loss":0,"cards_obtained":["Regret"]},{"damage_healed":0,"gold_gain":0,"player_choice":"Fight","damage_taken":0,"max_hp_gain":0,"max_hp_loss":0,"event_name":"Colosseum","floor":19,"gold_loss":0},{"damage_healed":0,"gold_gain":0,"player_choice":"Fought Nobs","damage_taken":0,"max_hp_gain":0,"max_hp_loss":0,"event_name":"Colosseum","floor":19,"gold_loss":0},{"damage_healed":0,"gold_gain":0,"player_choice":"Bought 3 Potions","damage_taken":0,"max_hp_gain":0,"max_hp_loss":0,"event_name":"The Woman in Blue","floor":28,"gold_loss":0},{"damage_healed":0,"gold_gain":0,"player_choice":"Fight","damage_taken":0,"max_hp_gain":0,"max_hp_loss":0,"event_name":"Mysterious Sphere","floor":37,"gold_loss":0},{"damage_healed":0,"gold_gain":0,"player_choice":"Memory 1","damage_taken":0,"max_hp_gain":0,"max_hp_loss":0,"event_name":"SensoryStone","floor":39,"gold_loss":0}],"is_beta":true,"boss_relics":[{"not_picked":["Orrery","Nuclear Battery"],"picked":"Pandora\u0027s Box"},{"not_picked":["Black Star","Busted Crown"],"picked":"Empty Cage"}],"items_purged_floors":[12],"is_endless":false,"potions_floor_spawned":[1,13,14,18,19,20,27,38],"killed_by":"Nemesis","ascension_level":0}