{"gold_per_floor":[111,111,126,11,30,30,63,77,103,128,140,140,140,140,140,236,236,248,259,259,9,9,9,34,34,60,60,78,78,78],"floor_reached":30,"playtime":2036,"items_purged":[],"score":307,"play_id":"d823915d-f208-4d01-9123-442948af5ac6","local_time":"20190601163609","is_ascension_mode":true,"campfire_choices":[{"data":"Hemokinesis","floor":6,"key":"SMITH"},{"data":"Anger","floor":13,"key":"SMITH"},{"floor":15,"key":"REST"},{"data":"Armaments","floor":23,"key":"SMITH"},{"data":"Metallicize","floor":27,"key":"SMITH"}],"neow_cost":"NONE","seed_source_timestamp":23866659102786,"circlet_count":0,"master_deck":["Defend_R+1","Defend_R+1","Defend_R+1","Defend_R+1","Bash+1","Whirlwind","Uppercut","Hemokinesis+1","Anger+1","Armaments+1","Disarm","Metallicize+1","Immolate","Entrench+1","Evolve+1","Cleave+1","Power Through","True Grit+1","Carnage","Bite","Bite","Bite","Bite","Bite","Shrug It Off","True Grit+1"],"relics":["Burning Blood","FaceOfCleric","Strawberry","Potion Belt","Bag of Preparation","Darkstone Periapt","Astrolabe","Meat on the Bone","Prayer Wheel","Lantern"],"potions_floor_usage":[10,28,30,30],"damage_taken":[{"damage":0,"enemies":"Small Slimes","floor":1,"turns":3},{"damage":1,"enemies":"Cultist","floor":3,"turns":4},{"damage":6,"enemies":"2 Louse","floor":5,"turns":2},{"damage":15,"enemies":"Gremlin Nob","floor":7,"turns":4},{"damage":4,"enemies":"Blue Slaver","floor":8,"turns":3},{"damage":20,"enemies":"Lagavulin","floor":10,"turns":7},{"damage":9,"enemies":"Exordium Thugs","floor":11,"turns":5},{"damage":52,"enemies":"The Guardian","floor":16,"turns":12},{"damage":53,"enemies":"Spheric Guardian","floor":18,"turns":8},{"damage":8,"enemies":"Chosen","floor":19,"turns":5},{"damage":42,"enemies":"Book of Stabbing","floor":24,"turns":10},{"damage":35,"enemies":"Snake Plant","floor":28,"turns":7},{"damage":60,"enemies":"Slavers","floor":30,"turns":4}],"seed_played":"2303644147354713393","potions_obtained":[{"floor":1,"key":"Strength Potion"},{"floor":3,"key":"SteroidPotion"},{"floor":5,"key":"Fire Potion"},{"floor":24,"key":"Energy Potion"}],"is_trial":false,"path_per_floor":["M","?","M","$","M","R","E","M","T","E","M","?","R","?","R","B",null,"M","M","?","$","?","R","E","?","T","R","M","?","E"],"character_chosen":"IRONCLAD","items_purchased":["Uppercut","Hemokinesis","Meat on the Bone"],"campfire_rested":1,"item_purchase_floors":[4,4,21],"current_hp_per_floor":[80,80,81,81,82,82,81,84,84,71,69,62,62,50,77,32,94,48,47,47,47,47,47,42,42,42,42,43,43,0],"gold":78,"neow_bonus":"UPGRADE_CARD","is_prod":false,"is_daily":false,"chose_seed":false,"campfire_upgraded":4,"win_rate":0,"timestamp":1559421369,"path_taken":["M","?","M","?","M","R","E","M","T","E","M","?","R","?","R","BOSS","M","M","?","?","?","R","E","?","T","R","?","?","E"],"build_version":"2019-01-23","purchased_purges":0,"victory":false,"max_hp_per_floor":[80,80,81,81,82,82,90,91,91,92,93,93,93,93,93,94,94,95,96,96,96,67,67,68,68,68,68,69,69,69],"card_choices":[{"not_picked":["Dropkick","Thunderclap"],"picked":"Whirlwind","floor":1},{"not_picked":["Entrench","Sword Boomerang","Pummel"],"picked":"SKIP","floor":3},{"not_picked":["Body Slam","Cleave"],"picked":"Anger","floor":5},{"not_picked":["Cleave","Anger"],"picked":"Armaments","floor":7},{"not_picked":["Bludgeon","Anger"],"picked":"Disarm","floor":8},{"not_picked":["Infernal Blade","Havoc"],"picked":"Metallicize","floor":10},{"not_picked":["Havoc","Dual Wield"],"picked":"Bloodletting","floor":11},{"not_picked":["Double Tap","Exhume"],"picked":"Immolate","floor":16},{"not_picked":["Headbutt","Body Slam+1"],"picked":"Power Through","floor":18},{"not_picked":["Pommel Strike","Iron Wave+1"],"picked":"True Grit+1","floor":19},{"not_picked":["Dual Wield","Combust","Warcry"],"picked":"SKIP","floor":24},{"not_picked":["Flex","Clash"],"picked":"True Grit+1","floor":28},{"not_picked":["Rampage","Searing Blow","Warcry+1"],"picked":"SKIP","floor":28}],"player_experience":66010,"relics_obtained":[{"floor":7,"key":"Strawberry"},{"floor":9,"key":"Potion Belt"},{"floor":10,"key":"Bag of Preparation"},{"floor":24,"key":"Prayer Wheel"},{"floor":26,"key":"Lantern"}],"event_choices":[{"damage_healed":0,"gold_gain":0,"player_choice":"Trade","damage_taken":0,"relics_obtained":["FaceOfCleric"],"max_hp_gain":0,"max_hp_loss":0,"event_name":"FaceTrader","floor":2,"gold_loss":0},{"cards_removed":["Strike_R"],"damage_healed":0,"gold_gain":0,"player_choice":"Card Removal","damage_taken":7,"max_hp_gain":0,"max_hp_loss":0,"event_name":"Golden Wing","floor":12,"gold_loss":0},{"damage_healed":0,"gold_gain":0,"player_choice":"Success","damage_taken":12,"relics_obtained":["Darkstone Periapt"],"max_hp_gain":0,"max_hp_loss":0,"event_name":"Scrap Ooze","floor":14,"gold_loss":0},{"damage_healed":0,"gold_gain":0,"cards_transformed":["Strike_R"],"player_choice":"Transformed","damage_taken":0,"max_hp_gain":0,"max_hp_loss":0,"event_name":"Transmorgrifier","floor":20,"gold_loss":0,"cards_obtained":["Carnage"]},{"damage_healed":0,"gold_gain":0,"player_choice":"Became a vampire","damage_taken":0,"max_hp_gain":0,"max_hp_loss":29,"event_name":"Vampires","floor":22,"gold_loss":0,"cards_obtained":["Bite","Bite","Bite","Bite","Bite"]},{"damage_healed":0,"gold_gain":0,"player_choice":"Read","damage_taken":0,"max_hp_gain":0,"max_hp_loss":0,"event_name":"The Library","floor":25,"gold_loss":0,"cards_obtained":["Shrug It Off"]},{"damage_healed":0,"gold_gain":0,"player_choice":"Simplicity","damage_taken":0,"max_hp_gain":0,"max_hp_loss":0,"event_name":"Back to Basics","floor":29,"gold_loss":0,"cards_upgraded":["Defend_R","Defend_R","Defend_R","Defend_R"]}],"is_beta":false,"boss_relics":[{"not_picked":["Lizard Tail","Runic Dome"],"picked":"Astrolabe"}],"items_purged_floors":[],"is_endless":false,"potions_floor_spawned":[1,3,5,8,24],"killed_by":"Slavers","ascension_level":2}