{"gold_per_floor":[111,70,88,103,119,119,148,160,183,258,270,290,305,305,305,404,404,417,417],"floor_reached":19,"playtime":775,"items_purged":[],"score":234,"play_id":"4137e1e7-bd44-4327-9634-f5fde22e0f5f","local_time":"20190908235324","is_ascension_mode":true,"campfire_choices":[{"data":"Zap","floor":6,"key":"SMITH"},{"data":"Dualcast","floor":15,"key":"SMITH"}],"neow_cost":"NONE","seed_source_timestamp":132265870805100,"circlet_count":0,"master_deck":["Strike_B","Strike_B","Strike_B","Strike_B","Defend_B","Defend_B+1","Defend_B","Defend_B","Zap+1","Dualcast+1","Deep Breath","Ball Lightning","BootSequence","Glacier+1","Sunder","Conserve Battery","Defragment"],"relics":["FrozenCore","Darkstone Periapt","Anchor"],"potions_floor_usage":[7,18],"damage_taken":[{"damage":8,"enemies":"Small Slimes","floor":1,"turns":3},{"damage":0,"enemies":"2 Louse","floor":3,"turns":2},{"damage":0,"enemies":"Jaw Worm","floor":4,"turns":3},{"damage":0,"enemies":"Blue Slaver","floor":5,"turns":4},{"damage":10,"enemies":"3 Sentries","floor":7,"turns":6},{"damage":0,"enemies":"3 Louse","floor":8,"turns":3},{"damage":5,"enemies":"Lots of Slimes","floor":11,"turns":4},{"damage":0,"enemies":"Red Slaver","floor":12,"turns":4},{"damage":0,"enemies":"Blue Slaver","floor":13,"turns":3},{"damage":30,"enemies":"Slime Boss","floor":16,"turns":15},{"damage":17,"enemies":"3 Byrds","floor":18,"turns":6},{"damage":22,"enemies":"Masked Bandits","floor":19,"turns":4}],"seed_played":"-665378886732038392","potions_obtained":[{"floor":4,"key":"Regen Potion"},{"floor":8,"key":"Energy Potion"},{"floor":11,"key":"SmokeBomb"},{"floor":16,"key":"AttackPotion"}],"is_trial":false,"path_per_floor":["M","$","M","M","M","R","E","M","T","?","M","M","M","?","R","B",null,"M","?"],"character_chosen":"DEFECT","items_purchased":["BootSequence"],"campfire_rested":0,"item_purchase_floors":[2],"current_hp_per_floor":[60,60,60,60,60,60,65,65,65,54,49,49,49,34,34,4,57,40,18],"gold":417,"neow_bonus":"RANDOM_COLORLESS","is_prod":false,"is_daily":false,"chose_seed":false,"campfire_upgraded":2,"win_rate":0,"timestamp":1567954404,"path_taken":["M","$","M","M","M","R","E","M","T","?","M","M","M","?","R","BOSS","M","?"],"build_version":"2019-07-17","purchased_purges":0,"victory":false,"max_hp_per_floor":[75,75,75,75,75,75,75,75,75,75,75,75,75,75,75,75,75,75,75],"card_choices":[{"not_picked":["Stack","Rebound"],"picked":"Ball Lightning","floor":1},{"not_picked":["Streamline","Beam Cell","Steam Power"],"picked":"SKIP","floor":3},{"not_picked":["Compile Driver","Cold Snap"],"picked":"Glacier","floor":4},{"not_picked":["Consume","Rebound","Redo"],"picked":"SKIP","floor":5},{"not_picked":["Double Energy","Storm"],"picked":"Sunder","floor":7},{"not_picked":["Rebound","Fusion"],"picked":"Conserve Battery","floor":8},{"not_picked":["Beam Cell","Conserve Battery","Stack"],"picked":"SKIP","floor":11},{"not_picked":["Hologram","Melter"],"picked":"Defragment","floor":12},{"not_picked":["Beam Cell","Heatsinks","Genetic Algorithm"],"picked":"SKIP","floor":13},{"not_picked":["Beam Cell+1","Force Field","Genetic Algorithm"],"picked":"SKIP","floor":18}],"player_experience":377868,"relics_obtained":[{"floor":7,"key":"Darkstone Periapt"},{"floor":9,"key":"Anchor"}],"event_choices":[{"damage_healed":0,"gold_gain":75,"player_choice":"Gather Gold","damage_taken":11,"max_hp_gain":0,"max_hp_loss":0,"event_name":"World of Goop","floor":10,"gold_loss":0},{"damage_healed":0,"gold_gain":0,"player_choice":"Entered Light","damage_taken":15,"max_hp_gain":0,"max_hp_loss":0,"event_name":"Shining Light","floor":14,"gold_loss":0,"cards_upgraded":["Glacier","Defend_B"]},{"damage_healed":0,"gold_gain":0,"player_choice":"Fought Bandits","damage_taken":0,"max_hp_gain":0,"max_hp_loss":0,"event_name":"Masked Bandits","floor":19,"gold_loss":0}],"is_beta":false,"boss_relics":[{"not_picked":["Runic Dome","Black Star"],"picked":"FrozenCore"}],"items_purged_floors":[],"is_endless":false,"potions_floor_spawned":[4,8,11,16],"killed_by":"Masked Bandits","ascension_level":7}