{"gold_per_floor":[111,124,137,152,164,190,203,203,203,203,203,222,222,258,258,378,378,391,391,411,193,218,218,243,284,284,302,326,357,382,396,396,516,516,535,32,56,56,80,80,118,118,145,158,158,158,176,216,216,216],"floor_reached":50,"playtime":2406,"items_purged":["Strike_R","Strike_R"],"score":550,"play_id":"06e2388d-54ec-4bed-8030-fe328a9224d3","local_time":"20190213222932","is_ascension_mode":false,"campfire_choices":[{"data":"Body Slam","floor":8,"key":"SMITH"},{"data":"Rage","floor":10,"key":"SMITH"},{"data":"Bloodletting","floor":13,"key":"SMITH"},{"floor":15,"key":"REST"},{"data":"Shrug It Off","floor":23,"key":"SMITH"},{"floor":32,"key":"REST"},{"floor":40,"key":"RECALL"},{"floor":42,"key":"REST"},{"floor":45,"key":"REST"},{"floor":49,"key":"REST"}],"neow_cost":"NONE","seed_source_timestamp":535427566753091,"circlet_count":0,"master_deck":["Strike_R","Strike_R","Strike_R+1","Defend_R","Defend_R","Defend_R","Bash","Rage+1","Pummel","Pommel Strike","Body Slam+1","Bludgeon+1","Metallicize","Bloodletting+1","Immolate","Shrug It Off+1","Body Slam+1","Armaments+1","Seeing Red+1","Clothesline+1","Entrench+1","Uppercut+1","Impervious","Spot Weakness+1","Flame Barrier+1"],"relics":["Burning Blood","Happy Flower","Red Skull","Golden Idol","Odd Mushroom","Runic Cube","Bronze Scales","Boot","Omamori","Whetstone","Darkstone Periapt","Fusion Hammer","Anchor","Pantograph","Lantern","Vajra","Shuriken"],"potions_floor_usage":[4,4,6,16,18,18,24,25,25,29,50,50],"damage_taken":[{"damage":5,"enemies":"2 Louse","floor":1,"turns":3},{"damage":0,"enemies":"Small Slimes","floor":2,"turns":3},{"damage":0,"enemies":"Jaw Worm","floor":3,"turns":4},{"damage":0,"enemies":"Gremlin Gang","floor":4,"turns":1},{"damage":12,"enemies":"2 Fungi Beasts","floor":5,"turns":4},{"damage":18,"enemies":"3 Sentries","floor":6,"turns":6},{"damage":0,"enemies":"Large Slime","floor":7,"turns":4},{"damage":12,"enemies":"Gremlin Gang","floor":12,"turns":4},{"damage":18,"enemies":"The Mushroom Lair","floor":14,"turns":4},{"damage":16,"enemies":"Hexaghost","floor":16,"turns":9},{"damage":3,"enemies":"3 Byrds","floor":18,"turns":3},{"damage":17,"enemies":"2 Thieves","floor":20,"turns":3},{"damage":6,"enemies":"Centurion and Healer","floor":22,"turns":7},{"damage":13,"enemies":"Cultist and Chosen","floor":24,"turns":8},{"damage":8,"enemies":"Book of Stabbing","floor":25,"turns":4},{"damage":7,"enemies":"Snake Plant","floor":27,"turns":3},{"damage":0,"enemies":"Centurion and Healer","floor":28,"turns":6},{"damage":30,"enemies":"Slavers","floor":29,"turns":5},{"damage":8,"enemies":"Sentry and Sphere","floor":30,"turns":4},{"damage":13,"enemies":"Shelled Parasite and Fungi","floor":31,"turns":3},{"damage":44,"enemies":"Champ","floor":33,"turns":11},{"damage":0,"enemies":"Orb Walker","floor":35,"turns":3},{"damage":5,"enemies":"3 Darklings","floor":37,"turns":4},{"damage":15,"enemies":"Writhing Mass","floor":39,"turns":6},{"damage":47,"enemies":"Giant Head","floor":41,"turns":10},{"damage":7,"enemies":"4 Shapes","floor":44,"turns":6},{"damage":18,"enemies":"Maw","floor":47,"turns":7},{"damage":27,"enemies":"Nemesis","floor":48,"turns":8},{"damage":95,"enemies":"Donu and Deca","floor":50,"turns":9}],"seed_played":"-8325114796481235977","potions_obtained":[{"floor":0,"key":"Explosive Potion"},{"floor":0,"key":"EssenceOfSteel"},{"floor":0,"key":"Explosive Potion"},{"floor":3,"key":"PowerPotion"},{"floor":5,"key":"Explosive Potion"},{"floor":6,"key":"SkillPotion"},{"floor":7,"key":"Poison Potion"},{"floor":12,"key":"Swift Potion"},{"floor":16,"key":"Explosive Potion"},{"floor":20,"key":"SkillPotion"},{"floor":22,"key":"Fruit Juice"},{"floor":24,"key":"SpeedPotion"},{"floor":25,"key":"SkillPotion"},{"floor":29,"key":"BloodPotion"},{"floor":39,"key":"EssenceOfSteel"}],"is_trial":false,"path_per_floor":["M","M","M","M","M","E","M","R","T","R","?","M","R","?","R","B",null,"M","?","M","$","M","R","M","E","T","M","M","E","M","M","R","B",null,"M","$","M","?","M","R","E","R","T","M","R","?","M","E","R","B"],"character_chosen":"IRONCLAD","items_purchased":["Boot","Anchor","Pantograph"],"campfire_rested":5,"item_purchase_floors":[21,36,36],"current_hp_per_floor":[80,80,80,80,74,62,68,68,68,68,48,42,42,30,54,44,80,80,80,69,69,69,69,67,65,65,64,70,46,44,37,62,24,85,85,85,85,85,76,76,35,60,60,59,84,84,72,51,76,0],"gold":216,"neow_bonus":"THREE_SMALL_POTIONS","is_prod":false,"is_daily":false,"chose_seed":false,"campfire_upgraded":4,"win_rate":0,"timestamp":1550064572,"path_taken":["M","M","M","M","M","E","M","R","T","R","?","M","R","?","R","BOSS","M","?","M","$","M","R","M","E","T","M","M","E","M","M","R","BOSS","M","$","?","?","M","R","E","R","T","M","R","?","M","E","R","BOSS"],"build_version":"2019-01-23","purchased_purges":2,"victory":false,"max_hp_per_floor":[80,80,80,80,80,80,80,80,80,80,80,80,80,80,80,80,80,80,80,80,80,80,80,85,85,85,85,85,85,85,85,85,85,85,85,85,85,85,85,85,85,85,85,85,85,85,85,85,85,85],"card_choices":[{"not_picked":["Feel No Pain","Cleave"],"picked":"Rage","floor":1},{"not_picked":["Infernal Blade","Body Slam"],"picked":"Pummel","floor":2},{"not_picked":["Searing Blow","Anger"],"picked":"Pommel Strike","floor":3},{"not_picked":["Headbutt","Rage"],"picked":"Body Slam","floor":4},{"not_picked":["Warcry","Cleave","Thunderclap"],"picked":"SKIP","floor":5},{"not_picked":["Brutality","Body Slam"],"picked":"Bludgeon","floor":6},{"not_picked":["Anger","Warcry"],"picked":"Metallicize","floor":7},{"not_picked":["Sever Soul","Seeing Red"],"picked":"Bloodletting","floor":12},{"not_picked":["Reaper","Berserk"],"picked":"Immolate","floor":16},{"not_picked":["Iron Wave","Pommel Strike+1"],"picked":"Shrug It Off","floor":18},{"not_picked":["Searing Blow","Clash"],"picked":"Body Slam+1","floor":20},{"not_picked":["Headbutt","Power Through"],"picked":"Armaments+1","floor":22},{"not_picked":["Dropkick","Seeing Red+1","Shrug It Off"],"picked":"SKIP","floor":24},{"not_picked":["Dropkick","Shrug It Off"],"picked":"Seeing Red+1","floor":24},{"not_picked":["Warcry","Wild Strike"],"picked":"Clothesline+1","floor":25},{"not_picked":["Seeing Red","Anger"],"picked":"Entrench+1","floor":27},{"not_picked":["True Grit","Wild Strike","Pommel Strike+1"],"picked":"SKIP","floor":28},{"not_picked":["Offering","Iron Wave"],"picked":"Uppercut+1","floor":29},{"not_picked":["Body Slam","Bloodletting","Twin Strike"],"picked":"SKIP","floor":30},{"not_picked":["Heavy Blade","Shrug It Off","Pommel Strike"],"picked":"SKIP","floor":31},{"not_picked":["Reaper","Fiend Fire"],"picked":"Impervious","floor":33},{"not_picked":["Flame Barrier+1","Rampage"],"picked":"Spot Weakness","floor":35},{"not_picked":["Headbutt","Clash+1","Heavy Blade"],"picked":"SKIP","floor":37},{"not_picked":["Dropkick+1","Armaments","Heavy Blade"],"picked":"SKIP","floor":39},{"not_picked":["Iron Wave+1","True Grit","Headbutt+1"],"picked":"SKIP","floor":41},{"not_picked":["Shrug It Off","Feel No Pain","Seeing Red"],"picked":"SKIP","floor":44},{"not_picked":["Reaper","True Grit"],"picked":"Flame Barrier+1","floor":47},{"not_picked":["Shrug It Off+1","Iron Wave","Sever Soul"],"picked":"SKIP","floor":48}],"player_experience":236218,"relics_obtained":[{"floor":6,"key":"Happy Flower"},{"floor":9,"key":"Red Skull"},{"floor":14,"key":"Odd Mushroom"},{"floor":19,"key":"Bronze Scales"},{"floor":25,"key":"Omamori"},{"floor":26,"key":"Whetstone"},{"floor":29,"key":"Darkstone Periapt"},{"floor":41,"key":"Lantern"},{"floor":43,"key":"Vajra"},{"floor":48,"key":"Shuriken"}],"event_choices":[{"damage_healed":0,"gold_gain":0,"player_choice":"Take Damage","damage_taken":20,"relics_obtained":["Golden Idol"],"max_hp_gain":0,"max_hp_loss":0,"event_name":"Golden Idol","floor":11,"gold_loss":0},{"damage_healed":0,"gold_gain":0,"player_choice":"Fought Mushrooms","damage_taken":0,"max_hp_gain":0,"max_hp_loss":0,"event_name":"Mushrooms","floor":14,"gold_loss":0},{"damage_healed":0,"gold_gain":0,"player_choice":"Relic","damage_taken":0,"max_hp_gain":0,"max_hp_loss":0,"event_name":"Wheel of Change","floor":19,"gold_loss":0},{"cards_removed":["Defend_R"],"damage_healed":0,"gold_gain":0,"player_choice":"Removed Skill","damage_taken":0,"max_hp_gain":0,"max_hp_loss":0,"event_name":"Falling","floor":38,"gold_loss":0},{"damage_healed":0,"gold_gain":0,"player_choice":"Upgraded","damage_taken":0,"max_hp_gain":0,"max_hp_loss":0,"event_name":"Upgrade Shrine","floor":46,"gold_loss":0,"cards_upgraded":["Spot Weakness"]}],"is_beta":false,"boss_relics":[{"not_picked":["Pandora\u0027s Box","Snecko Eye"],"picked":"Runic Cube"},{"not_picked":["Runic Pyramid","Black Blood"],"picked":"Fusion Hammer"}],"items_purged_floors":[21,36],"is_endless":false,"potions_floor_spawned":[3,5,6,7,12,14,16,20,22,24,25,29,39,47,48],"killed_by":"Donu and Deca","ascension_level":0}