{"gold_per_floor":[109,10,30,30,43,43,73,90,90,106,117,144,144,157,157,256,256,271,171,185,199,124,124],"floor_reached":23,"playtime":1058,"items_purged":["Decay","Regret"],"score":205,"play_id":"7c48362b-315a-43bc-9df1-99070933bd4e","local_time":"20190215170721","is_ascension_mode":false,"campfire_choices":[{"data":"Neutralize","floor":6.0,"key":"SMITH"},{"data":"Catalyst","floor":13.0,"key":"SMITH"},{"data":"Cloak And Dagger","floor":15.0,"key":"SMITH"}],"neow_cost":"CURSE","seed_source_timestamp":0,"circlet_count":0,"master_deck":["Defend_G","Defend_G","Defend_G","Defend_G","Defend_G","Strike_G","Strike_G","Strike_G","Strike_G","Strike_G","Survivor","Neutralize+1","Poisoned Stab","Cloak And Dagger+1","PiercingWail","Backflip","Backstab","Catalyst+1","Accuracy","Poisoned Stab","Backstab","Prepared","After Image","Injury","Deadly Poison","Cloak And Dagger","Terror+1"],"special_seed":0,"relics":["Ring of the Snake","Ginger","Nunchaku","Meat on the Bone","Letter Opener","Calling Bell","Centennial Puzzle","Ninja Scroll","Turnip"],"potions_floor_usage":[],"damage_taken":[{"damage":3.0,"enemies":"2 Louse","floor":1.0,"turns":4.0},{"damage":1.0,"enemies":"Cultist","floor":3.0,"turns":4.0},{"damage":0.0,"enemies":"Jaw Worm","floor":5.0,"turns":5.0},{"damage":33.0,"enemies":"Lagavulin","floor":7.0,"turns":10.0},{"damage":0.0,"enemies":"3 Louse","floor":8.0,"turns":3.0},{"damage":1.0,"enemies":"Looter","floor":10.0,"turns":3.0},{"damage":1.0,"enemies":"Red Slaver","floor":11.0,"turns":3.0},{"damage":19.0,"enemies":"Gremlin Nob","floor":12.0,"turns":4.0},{"damage":5.0,"enemies":"Lots of Slimes","floor":14.0,"turns":3.0},{"damage":20.0,"enemies":"The Guardian","floor":16.0,"turns":8.0},{"damage":9.0,"enemies":"Chosen","floor":18.0,"turns":6.0},{"damage":2.0,"enemies":"3 Byrds","floor":20.0,"turns":5.0},{"damage":24.0,"enemies":"Snake Plant","floor":21.0,"turns":4.0},{"damage":0,"enemies":"Gremlin Leader","floor":23,"turns":3}],"seed_played":"3099221940283289908","potions_obtained":[{"floor":7.0,"key":"GamblersBrew"},{"floor":8.0,"key":"GamblersBrew"},{"floor":11.0,"key":"Energy Potion"},{"floor":12.0,"key":"Regen Potion"}],"is_trial":false,"path_per_floor":["M","$","M","?","M","R","E","M","T","M","M","E","R","M","R","B",null,"M","$","M","M","?","E"],"character_chosen":"THE_SILENT","items_purchased":["Cloak And Dagger"],"campfire_rested":0,"item_purchase_floors":[2],"current_hp_per_floor":[67,67,66,66,66,66,33,33,33,44,43,36,36,43,43,35,70,61,61,59,49,49,49],"gold":124,"neow_bonus":"ONE_RARE_RELIC","is_prod":false,"is_daily":false,"chose_seed":false,"campfire_upgraded":3,"win_rate":0,"timestamp":1550218041,"path_taken":["M","$","M","?","M","R","E","M","T","?","M","E","R","M","R","BOSS","M","$","M","M","?","E"],"build_version":"2019-01-23","purchased_purges":2,"victory":false,"max_hp_per_floor":[70,70,70,70,70,70,70,70,70,70,70,70,70,70,70,70,70,70,70,70,70,70,70],"card_choices":[{"not_picked":["Outmaneuver","Sucker Punch"],"picked":"Poisoned Stab","floor":1.0},{"not_picked":["Predator","Acrobatics"],"picked":"PiercingWail","floor":3.0},{"not_picked":["Eviscerate","Flechettes"],"picked":"Backflip","floor":5.0},{"not_picked":["Poisoned Stab","Expertise"],"picked":"Backstab","floor":7.0},{"not_picked":["Backflip","Dagger Spray"],"picked":"Catalyst","floor":8.0},{"not_picked":["Underhanded Strike","Endless Agony"],"picked":"Accuracy","floor":10.0},{"not_picked":["After Image","Escape Plan"],"picked":"Poisoned Stab","floor":11.0},{"not_picked":["Choke","Slice"],"picked":"Backstab","floor":12.0},{"not_picked":["Dagger Spray","Dodge and Roll"],"picked":"Prepared","floor":14.0},{"not_picked":["Phantasmal Killer","Tools of the Trade"],"picked":"After Image","floor":16.0},{"not_picked":["Acrobatics","Skewer"],"picked":"Deadly Poison","floor":18.0},{"not_picked":["Deflect","Poisoned Stab+1"],"picked":"Cloak And Dagger","floor":20.0},{"not_picked":["Slice","PiercingWail"],"picked":"Terror+1","floor":21.0}],"player_experience":249840,"relics_obtained":[{"floor":7.0,"key":"Nunchaku"},{"floor":9.0,"key":"Meat on the Bone"},{"floor":12.0,"key":"Letter Opener"},{"floor":17.0,"key":"Centennial Puzzle"},{"floor":17.0,"key":"Ninja Scroll"},{"floor":17.0,"key":"Turnip"}],"event_choices":[{"damage_healed":0.0,"max_hp_gain":0.0,"max_hp_loss":0.0,"gold_gain":0.0,"event_name":"NoteForYourself","player_choice":"Ignored","floor":4.0,"gold_loss":0.0,"damage_taken":0.0},{"cards_removed":["Regret"],"damage_healed":0.0,"max_hp_gain":0.0,"max_hp_loss":0.0,"gold_gain":0.0,"event_name":"Beggar","player_choice":"Gave Gold","floor":22.0,"gold_loss":75.0,"damage_taken":0.0}],"is_beta":false,"boss_relics":[{"not_picked":["Lizard Tail","White Beast Statue"],"picked":"Calling Bell"}],"items_purged_floors":[2,19],"is_endless":false,"potions_floor_spawned":[7,8,11,12,18,20],"killed_by":"Gremlin Leader","ascension_level":0}