{"gold_per_floor":[110,35,49,49,65,65,65,91,91,91,91,91,117,129,129,234,234,252,270,284,28,41,41,73,73,373,405,425,129,148,160,160,263,288,300,377,395,18,33,33,25,25,76,76,87,87,105,120,120,120],"floor_reached":51,"playtime":4184,"items_purged":["animator:Strike"],"score":674,"play_id":"e0864ffa-aff1-4bb6-a030-f45ac233f113","local_time":"20190622152855","is_ascension_mode":false,"campfire_choices":[{"data":"animator:Alexander","floor":7,"key":"SMITH"},{"data":"animator:Lancer","floor":10,"key":"SMITH"},{"data":"animator:Hitei","floor":15,"key":"SMITH"},{"data":"animator:RinTohsaka","floor":23,"key":"SMITH"},{"data":"animator:Strike_Fate","floor":25,"key":"SMITH"},{"floor":32,"key":"RECALL"},{"data":"animator:Eve","floor":40,"key":"SMITH"},{"data":"animator:Strike","floor":42,"key":"PURGE"},{"data":"animator:Strike","floor":46,"key":"PURGE"},{"data":"animator:Defend","floor":49,"key":"PURGE"}],"neow_cost":"NONE","seed_source_timestamp":1044928233955073,"circlet_count":0,"master_deck":["animator:Strike_Fate+1","animator:Defend_Fate","animator:Defend","animator:Defend","animator:RinTohsaka+1","animator:Alexander+1","animator:Hitei+1","animator:Lancer+1","animator:Aqua+1","animator:SwordMaiden+1","animator:RinTohsaka+1","animator:CowGirl+1","animator:Raven+1","animator:Alexander+1","animator:YunYun+1","animator:Tyuule+1","animator:MetalKnight+1","animator:Lancer+1","animator:Gilgamesh+4","animator:Souei+1","animator:Archer+1","animator:Kyubey+1","animator:Aqua+1","animator:MumenRider+1","animator:Eve+1","Finesse+1","animator:Illya+1","animator:Azekura+1","animator:Shichika+1"],"relics":["animator:LivingPicture","animator:PurgingStone_Cards","animator:TheMissingPiece","animator:Buoy","Toxic Egg 2","animator:EngravedStaff","Torii","Vajra","Black Star","Molten Egg 2","animator:BattleDrones","Bottled Lightning","Old Coin","Orichalcum","Pantograph","Sundial","Coffee Dripper","Peace Pipe","Centennial Puzzle","Red Mask"],"potions_floor_usage":[8,20,24,24,50,50],"damage_taken":[{"damage":0,"enemies":"2 Louse","floor":1,"turns":2},{"damage":0,"enemies":"Cultist","floor":3,"turns":3},{"damage":4,"enemies":"Jaw Worm","floor":5,"turns":5},{"damage":6,"enemies":"3 Sentries","floor":8,"turns":5},{"damage":2,"enemies":"Lagavulin","floor":13,"turns":4},{"damage":1,"enemies":"Exordium Wildlife","floor":14,"turns":3},{"damage":19,"enemies":"Hexaghost","floor":16,"turns":7},{"damage":2,"enemies":"Chosen","floor":18,"turns":4},{"damage":0,"enemies":"Spheric Guardian","floor":19,"turns":4},{"damage":0,"enemies":"3 Cultists","floor":20,"turns":6},{"damage":0,"enemies":"Snake Plant","floor":22,"turns":6},{"damage":1,"enemies":"Book of Stabbing","floor":24,"turns":7},{"damage":12,"enemies":"Slavers","floor":27,"turns":5},{"damage":1,"enemies":"Sentry and Sphere","floor":28,"turns":4},{"damage":0,"enemies":"Snecko","floor":30,"turns":4},{"damage":0,"enemies":"Centurion and Healer","floor":31,"turns":4},{"damage":15,"enemies":"Collector","floor":33,"turns":7},{"damage":6,"enemies":"3 Shapes","floor":35,"turns":4},{"damage":28,"enemies":"2 Orb Walkers","floor":36,"turns":3},{"damage":1,"enemies":"Orb Walker","floor":37,"turns":2},{"damage":1,"enemies":"Sphere and 2 Shapes","floor":39,"turns":4},{"damage":22,"enemies":"Jaw Worm Horde","floor":45,"turns":5},{"damage":0,"enemies":"Transient","floor":47,"turns":5},{"damage":0,"enemies":"Spire Growth","floor":48,"turns":2},{"damage":22,"enemies":"Awakened One","floor":50,"turns":7}],"seed_played":"1538320373328528186","potions_obtained":[{"floor":3,"key":"Block Potion"},{"floor":8,"key":"AttackPotion"},{"floor":14,"key":"SpeedPotion"},{"floor":18,"key":"Dexterity Potion"},{"floor":20,"key":"Ancient Potion"},{"floor":22,"key":"EssenceOfSteel"},{"floor":31,"key":"LiquidBronze"},{"floor":36,"key":"SpeedPotion"}],"is_trial":false,"path_per_floor":["M","$","M","?","M","$","R","E","T","R","T","$","E","M","R","B",null,"M","M","M","$","M","R","E","R","T","E","M","$","M","M","R","B",null,"M","?","M","$","M","R","?","R","T","?","M","R","M","M","R","B",null],"character_chosen":"THE_ANIMATOR","items_purchased":["Molten Egg 2","Sundial","animator:Tyuule+1","animator:Kyubey+1","animator:Aqua+1","animator:MumenRider+1","Centennial Puzzle"],"campfire_rested":0,"item_purchase_floors":[21,29,29,38,38,38,38],"current_hp_per_floor":[72,72,72,72,68,68,68,62,62,62,62,62,60,67,67,57,72,72,72,72,72,72,72,72,72,72,68,71,71,71,72,72,62,72,71,48,47,47,56,56,56,56,56,56,47,47,60,60,60,63],"gold":120,"neow_bonus":"RANDOM_COMMON_RELIC","is_prod":false,"is_daily":false,"chose_seed":false,"campfire_upgraded":6,"win_rate":0,"timestamp":1561231735,"path_taken":["M","$","M","?","M","?","R","E","T","R","?","$","E","M","R","BOSS","M","M","M","$","M","R","E","R","T","E","M","$","M","M","R","BOSS","M","?","M","$","M","R","?","R","T","?","M","R","M","M","R","BOSS"],"build_version":"2019-01-23","purchased_purges":1,"victory":true,"max_hp_per_floor":[72,72,72,72,72,72,72,72,72,72,72,72,72,72,72,72,72,72,72,72,72,72,72,72,72,72,72,72,72,72,72,72,72,72,72,72,72,72,72,72,72,72,72,72,72,72,72,72,72,72],"card_choices":[{"not_picked":["animator:DwarfShaman","animator:AcuraTooru"],"picked":"animator:Hitei","floor":1},{"not_picked":["animator:Gillette","animator:ElricEdward","animator:Darkness"],"picked":"SKIP","floor":3},{"not_picked":["animator:Witch","animator:ZankiKiguchi","animator:Sloth"],"picked":"SKIP","floor":5},{"not_picked":["animator:RinTohsaka","animator:Caster"],"picked":"animator:Lancer","floor":8},{"not_picked":["animator:AcuraAkari+1","animator:Priestess+1"],"picked":"animator:Aqua+1","floor":13},{"not_picked":["animator:Tet+1","animator:Shinoa+1","animator:Kuribayashi"],"picked":"SKIP","floor":14},{"not_picked":["animator:Wiz+1","animator:Sora+1"],"picked":"animator:SwordMaiden+1","floor":16},{"not_picked":["animator:Berserker","animator:Archer"],"picked":"animator:RinTohsaka+1","floor":18},{"not_picked":["animator:Fredrika+1","animator:ChaikaBohdan","animator:Tatsumaki+1"],"picked":"SKIP","floor":19},{"not_picked":["animator:SilverFang","animator:Azekura+1"],"picked":"animator:CowGirl+1","floor":20},{"not_picked":["animator:Shinoa+1","animator:Sonic+1"],"picked":"animator:Raven+1","floor":22},{"not_picked":["animator:Illya+1","animator:Berserker+1"],"picked":"animator:Alexander+1","floor":24},{"not_picked":["animator:RinTohsaka+1","animator:Hakurou+1"],"picked":"animator:YunYun+1","floor":27},{"not_picked":["animator:LeleiLaLalena+1","animator:Evileye+1","animator:Gillette+1"],"picked":"SKIP","floor":28},{"not_picked":["animator:Emonzaemon+1","animator:Guren+1"],"picked":"animator:MetalKnight+1","floor":30},{"not_picked":["animator:RinTohsaka+1","animator:Illya+1"],"picked":"animator:Lancer+1","floor":31},{"not_picked":["animator:Guren+1","animator:ItamiYouji+1"],"picked":"animator:Gilgamesh+1","floor":33},{"not_picked":["animator:HighElfArcher+1","animator:EmiyaShirou+1"],"picked":"animator:Souei+1","floor":35},{"not_picked":["animator:Berserker+1","animator:Gilgamesh+1"],"picked":"animator:Archer+1","floor":37},{"not_picked":["animator:SilverFang+1","animator:Priestess+1"],"picked":"animator:Eve","floor":39},{"not_picked":["Discovery+1","animator:Hibiki+1"],"picked":"Finesse+1","floor":44},{"not_picked":["animator:Kazuma+1","animator:IzunaHatsuse+1"],"picked":"animator:Illya+1","floor":45},{"not_picked":["animator:Rena+1","animator:CrowleyEusford+1"],"picked":"animator:Azekura+1","floor":47},{"not_picked":["animator:Azekura+1","animator:Nanami+1"],"picked":"animator:Shichika+1","floor":48}],"player_experience":534776,"relics_obtained":[{"floor":8,"key":"Toxic Egg 2"},{"floor":9,"key":"animator:EngravedStaff"},{"floor":11,"key":"Torii"},{"floor":13,"key":"Vajra"},{"floor":24,"key":"animator:BattleDrones"},{"floor":24,"key":"Bottled Lightning"},{"floor":26,"key":"Old Coin"},{"floor":27,"key":"Orichalcum"},{"floor":27,"key":"Pantograph"},{"floor":36,"key":"Peace Pipe"}],"event_choices":[{"cards_removed":["Doubt"],"damage_healed":0,"gold_gain":0,"player_choice":"Took Card","damage_taken":0,"max_hp_gain":0,"max_hp_loss":0,"event_name":"NoteForYourself","floor":4,"gold_loss":0,"cards_obtained":["Doubt"]},{"damage_healed":0,"gold_gain":0,"player_choice":"Fight","damage_taken":0,"max_hp_gain":0,"max_hp_loss":0,"event_name":"Mysterious Sphere","floor":36,"gold_loss":0},{"damage_healed":0,"gold_gain":0,"player_choice":"Paid","damage_taken":0,"relics_obtained":["Red Mask"],"max_hp_gain":0,"max_hp_loss":0,"event_name":"Tomb of Lord Red Mask","floor":41,"gold_loss":33},{"damage_healed":0,"gold_gain":0,"player_choice":"Memory 1","damage_taken":0,"max_hp_gain":0,"max_hp_loss":0,"event_name":"SensoryStone","floor":44,"gold_loss":0}],"is_beta":false,"boss_relics":[{"not_picked":["Tiny House","Eternal Feather"],"picked":"Black Star"},{"not_picked":["Philosopher\u0027s Stone","Lizard Tail"],"picked":"Coffee Dripper"}],"items_purged_floors":[2],"is_endless":false,"potions_floor_spawned":[3,8,14,18,20,22,31,36,45,48],"ascension_level":0}