{"path_per_floor":["M","?","M","M","$","R","$","R","T","T","M","R","M","?","R"],"character_chosen":"THE_SILENT","items_purchased":["Cloak And Dagger"],"gold_per_floor":[113,113,133,152,77,77,51,51,51,51,64,64,80,80,80,80],"floor_reached":16,"campfire_rested":0,"playtime":3989,"item_purchase_floors":[7],"current_hp_per_floor":[70,70,53,53,53,53,53,53,53,53,46,46,56,56,56,0],"items_purged":["Defend_G"],"gold":80,"score":90,"play_id":"23aa3e6b-78ef-40ff-b6a2-2d7527de1532","local_time":"20180609220007","is_prod":false,"is_daily":false,"chose_seed":false,"is_ascension_mode":false,"campfire_upgraded":4,"win_rate":0,"timestamp":1528574407,"campfire_choices":[{"data":"Neutralize","floor":6,"key":"SMITH"},{"data":"Cloak And Dagger","floor":8,"key":"SMITH"},{"data":"Burst","floor":12,"key":"SMITH"},{"data":"Survivor","floor":15,"key":"SMITH"}],"path_taken":["M","?","?","M","$","R","?","R","T","?","M","R","M","?","R","BOSS"],"build_version":"2018-06-08","seed_source_timestamp":2963534994070,"purchased_purges":1,"victory":false,"master_deck":["Defend_G","Defend_G","Defend_G","Defend_G","Strike_G","Strike_G","Strike_G","Strike_G","Strike_G","Survivor+1","Neutralize+1","Acrobatics","Regret","Backflip+1","Cloak And Dagger+1","Burst+1","Injury"],"max_hp_per_floor":[70,70,70,70,70,70,70,70,70,70,70,70,70,70,70,70],"relics":["Ring of the Snake","Meat on the Bone","The Courier","Kunai"],"card_choices":[{"not_picked":["Bane","Escape Plan"],"picked":"Acrobatics","floor":1},{"not_picked":["Acrobatics","Finisher"],"picked":"Backflip","floor":3},{"not_picked":["Prepared","Calculated Gamble","Dodge and Roll"],"picked":"SKIP","floor":4},{"not_picked":["Acrobatics","Flying Knee"],"picked":"Burst","floor":11},{"not_picked":["Backflip","Bane","Eviscerate"],"picked":"SKIP","floor":13}],"player_experience":152558,"potions_floor_usage":[13],"damage_taken":[{"damage":0,"enemies":"Jaw Worm","floor":1,"turns":5},{"damage":17,"enemies":"Cultist","floor":3,"turns":7},{"damage":0,"enemies":"2 Louse","floor":4,"turns":3},{"damage":7,"enemies":"Exordium Thugs","floor":11,"turns":7},{"damage":5,"enemies":"Gremlin Gang","floor":13,"turns":6},{"damage":57,"enemies":"Hexaghost","floor":16,"turns":12}],"relics_obtained":[{"floor":9,"key":"The Courier"},{"floor":10,"key":"Kunai"}],"event_choices":[{"event_name":"Big Fish","player_choice":"Box","floor":2,"damage_taken":0},{"event_name":"Accursed Blacksmith","player_choice":"Forge","floor":14,"damage_taken":0}],"boss_relics":[],"items_purged_floors":[5],"potions_floor_spawned":[1,11],"seed_played":"-3722173208522884300","killed_by":"Hexaghost","ascension_level":0,"potions_obtained":[{"floor":1,"key":"GhostInAJar"},{"floor":11,"key":"Regen Potion"}],"is_trial":false}