{"gold_per_floor":[112,112,127,127,146,146,172,172,219,219],"floor_reached":10,"playtime":521,"items_purged":[],"score":66,"play_id":"e40551a5-614e-417c-86e0-cb10a9d76362","local_time":"20190202103605","is_ascension_mode":false,"campfire_choices":[{"data":"Neutralize","floor":6,"key":"SMITH"}],"neow_cost":"NONE","seed_source_timestamp":435607484372413,"circlet_count":0,"master_deck":["Defend_G","Defend_G","Defend_G","Defend_G","Defend_G","Strike_G","Strike_G","Strike_G","Survivor","Neutralize+1","Heel Hook","Poisoned Stab","Discovery","Neutralize","Deadly Poison","Terror","Poisoned Stab"],"relics":["Ring of the Snake","Anchor","Dream Catcher"],"potions_floor_usage":[],"damage_taken":[{"damage":2,"enemies":"Small Slimes","floor":1,"turns":4},{"damage":0,"enemies":"Cultist","floor":3,"turns":3},{"damage":1,"enemies":"2 Louse","floor":5,"turns":2},{"damage":26,"enemies":"Gremlin Nob","floor":7,"turns":5},{"damage":36,"enemies":"3 Sentries","floor":10,"turns":10}],"seed_played":"-6390097711452365097","potions_obtained":[{"floor":5,"key":"LiquidBronze"},{"floor":7,"key":"SpeedPotion"}],"is_trial":false,"path_per_floor":["M","?","M","?","M","R","E","?","T","E"],"character_chosen":"THE_SILENT","items_purchased":[],"campfire_rested":0,"item_purchase_floors":[],"current_hp_per_floor":[68,68,68,61,60,60,34,34,34,0],"gold":219,"neow_bonus":"TRANSFORM_CARD","is_prod":false,"is_daily":false,"chose_seed":false,"campfire_upgraded":1,"win_rate":0,"timestamp":1549071365,"path_taken":["M","?","?","?","M","R","E","?","T","E"],"build_version":"2019-01-23","purchased_purges":0,"victory":false,"max_hp_per_floor":[70,70,70,70,70,70,70,70,70,70],"card_choices":[{"not_picked":["Deflect","Skewer"],"picked":"Poisoned Stab","floor":1},{"not_picked":["Dodge and Roll","Outmaneuver"],"picked":"Deadly Poison","floor":3},{"not_picked":["Dash","Poisoned Stab"],"picked":"Terror","floor":5},{"not_picked":["Dagger Throw","Finisher"],"picked":"Poisoned Stab","floor":7}],"player_experience":72941,"relics_obtained":[{"floor":7,"key":"Anchor"},{"floor":9,"key":"Dream Catcher"}],"event_choices":[{"damage_healed":0,"gold_gain":0,"player_choice":"2 cards matched","damage_taken":0,"max_hp_gain":0,"max_hp_loss":0,"event_name":"Match and Keep!","floor":2,"gold_loss":0,"cards_obtained":["Discovery","Neutralize"]},{"cards_removed":["Strike_G"],"damage_healed":0,"gold_gain":0,"player_choice":"Card Removal","damage_taken":7,"max_hp_gain":0,"max_hp_loss":0,"event_name":"Golden Wing","floor":4,"gold_loss":0},{"damage_healed":0,"gold_gain":0,"player_choice":"Ignored","damage_taken":0,"max_hp_gain":0,"max_hp_loss":0,"event_name":"Liars Game","floor":8,"gold_loss":0}],"is_beta":false,"boss_relics":[],"items_purged_floors":[],"is_endless":false,"potions_floor_spawned":[5,7],"killed_by":"3 Sentries","ascension_level":0}