{"gold_per_floor":[115,115,115,115,40,40,75,92,116,136,156,231,251,270,270,372,372,389,401,416,53,53,53,78,91,91,91,91,25,25,42,42,144,144,159,173,193,468,487,521,531,564,564,564,15,15],"floor_reached":46,"playtime":4058,"items_purged":["animator:Defend"],"score":627,"play_id":"d36d6931-2c70-4114-82c1-212a967306dc","local_time":"20190625145637","is_ascension_mode":true,"campfire_choices":[{"data":"animator:Mikaela","floor":6,"key":"SMITH"},{"data":"animator:MetalKnight","floor":15,"key":"SMITH"},{"data":"animator:FeridBathory","floor":23,"key":"SMITH"},{"data":"animator:Shigure","floor":27,"key":"SMITH"},{"floor":32,"key":"REST"}],"neow_cost":"NONE","seed_source_timestamp":1164458996005713,"circlet_count":0,"master_deck":["animator:Strike_OwariNoSeraph+1","animator:Defend_OwariNoSeraph+1","animator:Strike+1","animator:Defend","animator:Defend+1","animator:Shinoa+1","animator:Mikaela+1","animator:KrulTepes+1","animator:Emonzaemon+1","animator:DolaStephanie+1","animator:Mitsuba+1","animator:Scar+1","animator:MetalKnight+1","animator:FeridBathory+1","animator:Shigure","animator:Mitsurugi","animator:MaesHughes","animator:Shigure+1","animator:HigakiRinne","animator:Saber+1","animator:Mitsuba+1","animator:Mitsurugi+1","animator:Azekura","Injury","Enlightenment","animator:Mikaela","animator:Saber","animator:Entoma+1","animator:Togame+1","animator:Chung+1","animator:HigakiRinne","animator:MaesHughes","Regret","animator:Emonzaemon+1","Writhe","Madness","Madness","Thinking Ahead","animator:Urushihara"],"relics":["animator:LivingPicture","animator:PurgingStone_Cards","animator:TheMissingPiece","Blood Vial","The Courier","Centennial Puzzle","Cursed Key","Prayer Wheel","Juzu Bracelet","Torii","Nilry\u0027s Codex","Sozu","The Specimen","Ancient Tea Set","Blood Vial","Happy Flower","Shuriken","animator:WizardHat","animator:ShionDessert","Kunai"],"potions_floor_usage":[13,20,25,39,46],"damage_taken":[{"damage":2,"enemies":"Jaw Worm","floor":1,"turns":4},{"damage":6,"enemies":"Lagavulin","floor":7,"turns":8},{"damage":0,"enemies":"2 Louse","floor":8,"turns":2},{"damage":0,"enemies":"Small Slimes","floor":10,"turns":2},{"damage":0,"enemies":"2 Fungi Beasts","floor":11,"turns":3},{"damage":2,"enemies":"Exordium Wildlife","floor":13,"turns":6},{"damage":12,"enemies":"3 Louse","floor":14,"turns":3},{"damage":7,"enemies":"The Guardian","floor":16,"turns":9},{"damage":4,"enemies":"Shell Parasite","floor":18,"turns":4},{"damage":14,"enemies":"2 Thieves","floor":19,"turns":4},{"damage":18,"enemies":"Shelled Parasite and Fungi","floor":20,"turns":4},{"damage":25,"enemies":"Book of Stabbing","floor":24,"turns":4},{"damage":0,"enemies":"Snecko","floor":25,"turns":2},{"damage":0,"enemies":"Sentry and Sphere","floor":31,"turns":2},{"damage":38,"enemies":"Automaton","floor":33,"turns":7},{"damage":19,"enemies":"3 Darklings","floor":35,"turns":4},{"damage":22,"enemies":"3 Shapes","floor":36,"turns":4},{"damage":12,"enemies":"Jaw Worm Horde","floor":37,"turns":3},{"damage":22,"enemies":"Sphere and 2 Shapes","floor":39,"turns":4},{"damage":16,"enemies":"Reptomancer","floor":40,"turns":5},{"damage":13,"enemies":"4 Shapes","floor":41,"turns":4},{"damage":37,"enemies":"Giant Head","floor":42,"turns":7},{"damage":17,"enemies":"Reptomancer","floor":46,"turns":3}],"seed_played":"3991174038758017999","potions_obtained":[{"floor":7,"key":"GamblersBrew"},{"floor":10,"key":"SneckoOil"},{"floor":11,"key":"EssenceOfSteel"},{"floor":18,"key":"AttackPotion"},{"floor":20,"key":"Fire Potion"},{"floor":25,"key":"FearPotion"}],"is_trial":false,"path_per_floor":["M","?","?","?","$","R","E","M","T","M","M","?","M","M","R","B",null,"M","M","M","$","?","R","E","M","T","R","?","$","?","M","R","B",null,"M","M","M","?","M","E","M","E","T","?","$","E"],"character_chosen":"THE_ANIMATOR","items_purchased":["animator:Shigure","Prayer Wheel","animator:HigakiRinne","Enlightenment","animator:ShionDessert","Kunai","Thinking Ahead","animator:Urushihara"],"campfire_rested":1,"item_purchase_floors":[21,21,21,29,45,45,45,45],"current_hp_per_floor":[76,69,53,53,53,53,47,49,49,51,53,42,42,32,32,27,78,76,64,50,50,50,50,29,31,31,31,15,15,15,17,40,18,78,75,65,59,59,39,31,26,13,13,3,3,0],"gold":15,"neow_bonus":"TEN_PERCENT_HP_BONUS","is_prod":false,"is_daily":false,"chose_seed":false,"campfire_upgraded":4,"win_rate":0,"timestamp":1561488997,"path_taken":["M","?","?","?","?","R","E","M","T","?","M","?","M","M","R","BOSS","M","M","M","$","?","R","E","M","T","R","?","?","?","M","R","BOSS","M","M","M","?","M","E","M","E","T","?","$","E"],"build_version":"2019-01-23","purchased_purges":1,"victory":false,"max_hp_per_floor":[78,78,78,78,78,78,78,78,78,78,78,78,78,78,78,78,78,78,78,78,78,78,78,78,78,78,78,78,78,78,78,78,78,78,78,78,78,78,78,78,78,78,78,78,78,78],"card_choices":[{"not_picked":["animator:TukaLunaMarceau","animator:RoryMercury"],"picked":"animator:KrulTepes","floor":1},{"not_picked":["animator:Tet","animator:Kazuma"],"picked":"animator:Emonzaemon","floor":7},{"not_picked":["animator:ElricEdward","animator:HighElfArcher"],"picked":"animator:DolaStephanie","floor":8},{"not_picked":["animator:Mikaela","animator:Shinoa"],"picked":"animator:Mitsuba","floor":10},{"not_picked":["animator:Priestess","animator:Gillette"],"picked":"animator:Scar","floor":11},{"not_picked":["animator:LizardPriest","animator:Hakurou"],"picked":"animator:MetalKnight","floor":13},{"not_picked":["animator:Millim","animator:Berserker","animator:Tatsumaki"],"picked":"SKIP","floor":14},{"not_picked":["animator:Greed","animator:Ainz"],"picked":"animator:FeridBathory","floor":16},{"not_picked":["animator:Geryuganshoop","animator:Demiurge+1"],"picked":"animator:Shigure","floor":18},{"not_picked":["animator:Shichika","animator:Gluttony"],"picked":"animator:Mitsurugi","floor":19},{"not_picked":["animator:Kazuma","animator:PandorasActor"],"picked":"animator:MaesHughes","floor":20},{"not_picked":["animator:Mikaela+1","animator:HiiragiShinya"],"picked":"animator:Mitsuba+1","floor":24},{"not_picked":["animator:Ara","animator:Shigure"],"picked":"animator:Mitsurugi+1","floor":25},{"not_picked":["animator:ElricAlphonse+1","animator:Pride"],"picked":"animator:Azekura","floor":25},{"not_picked":["animator:Tyuule","animator:Aqua"],"picked":"animator:Eris","floor":31},{"not_picked":["animator:ElricEdward","animator:ZankiKiguchi"],"picked":"animator:Mikaela","floor":31},{"not_picked":["animator:Greed","animator:Biyorigo"],"picked":"animator:Saber","floor":33},{"not_picked":["animator:Tyuule","animator:Aqua"],"picked":"animator:Entoma+1","floor":35},{"not_picked":["animator:Vanir","animator:MaesHughes"],"picked":"animator:Togame+1","floor":36},{"not_picked":["animator:Togame","animator:SilverFang+1"],"picked":"animator:Chung+1","floor":36},{"not_picked":["animator:ZankiKiguchi+1","animator:Nanami"],"picked":"animator:HigakiRinne","floor":37},{"not_picked":["animator:Caster+1","animator:Lancer+1"],"picked":"animator:MaesHughes","floor":37},{"not_picked":["animator:Millim","animator:RoryMercury+1","animator:Sloth"],"picked":"SKIP","floor":39},{"not_picked":["animator:Mikaela","animator:LeleiLaLalena","animator:AcuraTooru"],"picked":"SKIP","floor":39},{"not_picked":["animator:Aqua+1","animator:Shinoa+1"],"picked":"animator:Emonzaemon+1","floor":41},{"not_picked":["animator:Azekura","animator:Sebas","animator:Konayuki+1"],"picked":"SKIP","floor":41},{"not_picked":["animator:Guy","animator:Sonic","animator:Biyorigo"],"picked":"SKIP","floor":42}],"player_experience":567686,"relics_obtained":[{"floor":7,"key":"Blood Vial"},{"floor":7,"key":"The Courier"},{"floor":9,"key":"Centennial Puzzle"},{"floor":24,"key":"Juzu Bracelet"},{"floor":26,"key":"Torii"},{"floor":28,"key":"Nilry\u0027s Codex"},{"floor":35,"key":"The Specimen"},{"floor":36,"key":"Ancient Tea Set"},{"floor":40,"key":"Blood Vial"},{"floor":40,"key":"Happy Flower"},{"floor":41,"key":"Shuriken"},{"floor":42,"key":"animator:WizardHat"}],"event_choices":[{"cards_removed":["animator:Strike"],"damage_healed":0,"gold_gain":0,"player_choice":"Card Removal","damage_taken":7,"max_hp_gain":0,"max_hp_loss":0,"event_name":"Golden Wing","floor":2,"gold_loss":0},{"damage_healed":0,"gold_gain":0,"player_choice":"Entered Light","damage_taken":16,"max_hp_gain":0,"max_hp_loss":0,"event_name":"Shining Light","floor":3,"gold_loss":0,"cards_upgraded":["animator:Defend_OwariNoSeraph","animator:Defend"]},{"cards_removed":["animator:Strike"],"damage_healed":0,"gold_gain":0,"player_choice":"Forget","damage_taken":0,"max_hp_gain":0,"max_hp_loss":0,"event_name":"Living Wall","floor":4,"gold_loss":0},{"damage_healed":0,"gold_gain":75,"player_choice":"Gather Gold","damage_taken":11,"max_hp_gain":0,"max_hp_loss":0,"event_name":"World of Goop","floor":12,"gold_loss":0},{"damage_healed":0,"gold_gain":0,"player_choice":"Read","damage_taken":0,"max_hp_gain":0,"max_hp_loss":0,"event_name":"The Library","floor":22,"gold_loss":0,"cards_obtained":["animator:Saber"]},{"damage_healed":0,"gold_gain":0,"player_choice":"Obtained Book","damage_taken":16,"max_hp_gain":0,"max_hp_loss":0,"event_name":"Cursed Tome","floor":28,"gold_loss":0},{"damage_healed":0,"gold_gain":0,"player_choice":"Ignored","damage_taken":0,"max_hp_gain":0,"max_hp_loss":0,"event_name":"Beggar","floor":30,"gold_loss":0},{"damage_healed":0,"gold_gain":275,"player_choice":"Desecrate","damage_taken":0,"max_hp_gain":0,"max_hp_loss":0,"event_name":"Golden Shrine","floor":38,"gold_loss":0,"cards_obtained":["Regret"]},{"damage_healed":0,"gold_gain":0,"player_choice":"Embrace Madness","damage_taken":10,"max_hp_gain":0,"max_hp_loss":0,"event_name":"Winding Halls","floor":44,"gold_loss":0,"cards_obtained":["Madness","Madness"]}],"is_beta":false,"boss_relics":[{"not_picked":["Lizard Tail","Empty Cage"],"picked":"Cursed Key"},{"not_picked":["Black Star","Runic Pyramid"],"picked":"Sozu"}],"items_purged_floors":[5],"is_endless":false,"potions_floor_spawned":[7,10,11,18,20,25,37,39,40,41],"killed_by":"Reptomancer","ascension_level":3}