{"gold_per_floor":[142,157,172,197,122,122,153,153,202,152,168,178,178,192,192,296,296,312,324,398,45,59,59,59,88,136,136,156,106,56,66,66,162,162,174,192,192,192,142,142],"floor_reached":40,"playtime":1401,"items_purged":["Strike_B","Defend_B","Strike_B","Defend_B","Strike_B","Strike_B"],"score":456,"play_id":"ffe3ffd1-8034-4ef7-8923-5f85f394c4fb","local_time":"20190830125636","is_ascension_mode":false,"campfire_choices":[{"data":"Zap","floor":6,"key":"SMITH"},{"data":"Defragment","floor":8,"key":"SMITH"},{"data":"Dualcast","floor":13,"key":"SMITH"},{"floor":15,"key":"REST"},{"data":"Creative AI","floor":23,"key":"SMITH"},{"floor":27,"key":"REST"},{"data":"Force Field","floor":32,"key":"SMITH"}],"neow_cost":"NONE","seed_source_timestamp":1221279632505800,"circlet_count":0,"master_deck":["Defend_B","Defend_B","Zap+1","Dualcast+1","White Noise","Go for the Eyes","Defragment+1","Streamline","Steam","Creative AI+1","Loop","Self Repair+1","Force Field+1","Rainbow","Rebound+1","Madness"],"relics":["Cracked Core","Tiny Chest","Anchor","Bag of Marbles","Smiling Mask","Sozu","Pantograph","Ice Cream","WingedGreaves","Bronze Scales","Black Star"],"potions_floor_usage":[7,22,25],"damage_taken":[{"damage":0,"enemies":"Cultist","floor":1,"turns":3},{"damage":10,"enemies":"Small Slimes","floor":2,"turns":3},{"damage":3,"enemies":"Jaw Worm","floor":3,"turns":5},{"damage":26,"enemies":"3 Sentries","floor":7,"turns":6},{"damage":0,"enemies":"Large Slime","floor":11,"turns":3},{"damage":0,"enemies":"Looter","floor":12,"turns":2},{"damage":14,"enemies":"Exordium Wildlife","floor":14,"turns":3},{"damage":0,"enemies":"Slime Boss","floor":16,"turns":6},{"damage":16,"enemies":"2 Thieves","floor":18,"turns":3},{"damage":14,"enemies":"Shell Parasite","floor":19,"turns":5},{"damage":8,"enemies":"Snecko","floor":22,"turns":5},{"damage":13,"enemies":"Slavers","floor":25,"turns":5},{"damage":6,"enemies":"Centurion and Healer","floor":28,"turns":6},{"damage":0,"enemies":"Chosen and Byrds","floor":31,"turns":4},{"damage":20,"enemies":"Automaton","floor":33,"turns":9},{"damage":40,"enemies":"3 Darklings","floor":35,"turns":6},{"damage":0,"enemies":"Orb Walker","floor":36,"turns":4},{"damage":54,"enemies":"Reptomancer","floor":40,"turns":2}],"seed_played":"-893461637075890050","potions_obtained":[{"floor":1,"key":"SpeedPotion"},{"floor":3,"key":"Explosive Potion"},{"floor":14,"key":"Fire Potion"}],"is_trial":false,"path_per_floor":["M","M","M","T","$","R","E","R","T","$","M","M","R","M","R","B",null,"M","M","T","$","M","R","?","E","T","R","M","$","$","M","R","B",null,"M","M","?","?","$","E"],"character_chosen":"DEFECT","items_purchased":["Ice Cream"],"campfire_rested":2,"item_purchase_floors":[21],"current_hp_per_floor":[75,65,62,62,62,62,36,36,36,36,36,36,36,22,44,44,75,59,45,45,45,37,37,23,10,10,34,38,38,38,48,48,63,80,50,60,50,50,50,0],"gold":142,"neow_bonus":"RANDOM_COMMON_RELIC","is_prod":false,"is_daily":false,"chose_seed":false,"campfire_upgraded":5,"win_rate":0,"timestamp":1567137396,"path_taken":["M","M","M","?","$","R","E","R","T","$","M","M","R","M","R","BOSS","M","M","?","$","M","R","?","E","T","R","M","?","$","M","R","BOSS","M","M","?","?","$","E"],"build_version":"2019-07-17","purchased_purges":6,"victory":false,"max_hp_per_floor":[75,75,75,75,75,75,75,75,75,75,75,75,75,75,75,75,75,75,75,75,75,75,75,80,80,80,80,80,80,80,80,80,80,80,80,80,80,80,80,80],"card_choices":[{"not_picked":["Loop","Sweeping Beam"],"picked":"White Noise","floor":1},{"not_picked":["Stack","Genetic Algorithm","Reprogram"],"picked":"SKIP","floor":2},{"not_picked":["Barrage","Sweeping Beam"],"picked":"Go for the Eyes","floor":3},{"not_picked":["Rebound","Sweeping Beam"],"picked":"Defragment","floor":7},{"not_picked":["Go for the Eyes","Barrage","Thunder Strike"],"picked":"SKIP","floor":11},{"not_picked":["Barrage","Rebound"],"picked":"Streamline","floor":12},{"not_picked":["Rebound","Redo"],"picked":"Steam","floor":14},{"not_picked":["Seek","Thunder Strike"],"picked":"Creative AI","floor":16},{"not_picked":["Coolheaded","Fusion"],"picked":"Loop","floor":18},{"not_picked":["Rebound+1","Go for the Eyes+1","Hologram+1"],"picked":"SKIP","floor":19},{"not_picked":["Consume","Barrage","Beam Cell+1"],"picked":"SKIP","floor":22},{"not_picked":["Double Energy+1","Capacitor"],"picked":"Self Repair+1","floor":25},{"not_picked":["Compile Driver","Darkness","Loop"],"picked":"SKIP","floor":28},{"not_picked":["Go for the Eyes+1","Barrage"],"picked":"Force Field","floor":31},{"not_picked":["Buffer","Meteor Strike"],"picked":"Rainbow","floor":33},{"not_picked":["Steam","Undo"],"picked":"Rebound+1","floor":35},{"not_picked":["Rebound+1","Redo","Hello World"],"picked":"SKIP","floor":36}],"player_experience":318009,"relics_obtained":[{"floor":4,"key":"Anchor"},{"floor":7,"key":"Bag of Marbles"},{"floor":9,"key":"Smiling Mask"},{"floor":20,"key":"Pantograph"},{"floor":25,"key":"WingedGreaves"},{"floor":26,"key":"Bronze Scales"}],"event_choices":[{"damage_healed":0,"gold_gain":0,"player_choice":"Shed Blood","damage_taken":19,"max_hp_gain":5,"max_hp_loss":0,"event_name":"Forgotten Altar","floor":24,"gold_loss":0},{"damage_healed":0,"gold_gain":0,"player_choice":"Embrace Madness","damage_taken":10,"max_hp_gain":0,"max_hp_loss":0,"event_name":"Winding Halls","floor":37,"gold_loss":0,"cards_obtained":["Madness","Madness"]},{"cards_removed":["Madness"],"damage_healed":0,"gold_gain":0,"player_choice":"Removed Skill","damage_taken":0,"max_hp_gain":0,"max_hp_loss":0,"event_name":"Falling","floor":38,"gold_loss":0}],"is_beta":false,"boss_relics":[{"not_picked":["FrozenCore","Cursed Key"],"picked":"Sozu"},{"not_picked":["Orrery","Velvet Choker"],"picked":"Black Star"}],"items_purged_floors":[5,10,21,29,30,39],"is_endless":false,"potions_floor_spawned":[1,3,14,18,19,25],"killed_by":"Reptomancer","ascension_level":0}