{"gold_per_floor":[110,110,121,121,6,32,51,62,88,88,88,113,136,155,155,257,257,267,192,39,50,67,67,96,195,195,212,212,240,251,264,264,264],"floor_reached":33,"playtime":1521,"items_purged":["Strike_R"],"score":386,"play_id":"bd0deba5-f54d-456a-8a9f-1cd0fce0e688","local_time":"20190714154145","is_ascension_mode":true,"campfire_choices":[{"floor":11,"key":"REST"},{"floor":15,"key":"REST"},{"data":"Armaments","floor":23,"key":"SMITH"},{"floor":28,"key":"REST"},{"floor":32,"key":"REST"}],"neow_cost":"NONE","seed_source_timestamp":20025955555796,"circlet_count":0,"master_deck":["Strike_R+1","Defend_R","Defend_R+1","Defend_R+1","Bash","Inflame","Sword Boomerang","Twin Strike+1","Uppercut","Flame Barrier","Flex","Spot Weakness","Second Wind","Headbutt","Battle Trance","Shockwave","Immolate","Armaments+1","Power Through","Havoc","Demon Form","Anger","Exhume"],"relics":["Burning Blood","War Paint","Pen Nib","Blood Vial","Odd Mushroom","Lizard Tail","Mercury Hourglass","Dodecahedron"],"potions_floor_usage":[6,12,12,18,22,31,33],"damage_taken":[{"damage":16,"enemies":"2 Louse","floor":1,"turns":3},{"damage":5,"enemies":"Small Slimes","floor":3,"turns":3},{"damage":40,"enemies":"3 Sentries","floor":6,"turns":10},{"damage":0,"enemies":"Jaw Worm","floor":7,"turns":3},{"damage":10,"enemies":"3 Louse","floor":8,"turns":4},{"damage":12,"enemies":"Gremlin Nob","floor":12,"turns":4},{"damage":35,"enemies":"The Mushroom Lair","floor":13,"turns":4},{"damage":0,"enemies":"2 Fungi Beasts","floor":14,"turns":3},{"damage":22,"enemies":"Hexaghost","floor":16,"turns":6},{"damage":0,"enemies":"3 Byrds","floor":18,"turns":3},{"damage":12,"enemies":"2 Thieves","floor":21,"turns":4},{"damage":24,"enemies":"Snecko","floor":22,"turns":5},{"damage":78,"enemies":"Slavers","floor":24,"turns":8},{"damage":21,"enemies":"Centurion and Healer","floor":27,"turns":4},{"damage":26,"enemies":"Book of Stabbing","floor":29,"turns":5},{"damage":13,"enemies":"3 Cultists","floor":30,"turns":3},{"damage":18,"enemies":"Snake Plant","floor":31,"turns":4},{"damage":38,"enemies":"Champ","floor":33,"turns":6}],"seed_played":"7449010234687961557","potions_obtained":[{"floor":1,"key":"Ancient Potion"},{"floor":3,"key":"BloodPotion"},{"floor":8,"key":"PowerPotion"},{"floor":14,"key":"Fire Potion"},{"floor":21,"key":"Fire Potion"},{"floor":29,"key":"GamblersBrew"}],"is_trial":false,"path_per_floor":["M","?","M","?","$","E","M","M","T","?","R","E","?","M","R","B",null,"M","?","$","M","M","R","E","?","T","M","R","E","M","M","R","B"],"character_chosen":"IRONCLAD","items_purchased":["Uppercut","Power Through","Ancient Potion"],"campfire_rested":4,"item_purchase_floors":[5,20,20],"current_hp_per_floor":[62,55,56,40,40,26,32,28,28,28,52,46,19,27,51,37,69,77,77,77,73,57,57,30,30,30,17,41,23,18,8,32,0],"gold":264,"neow_bonus":"TRANSFORM_CARD","is_prod":false,"is_daily":false,"chose_seed":false,"campfire_upgraded":1,"win_rate":0,"timestamp":1563133305,"path_taken":["M","?","M","?","$","E","M","M","T","?","R","E","?","M","R","BOSS","M","?","$","M","M","R","E","?","T","M","R","E","M","M","R","BOSS"],"build_version":"2019-07-05","purchased_purges":1,"victory":false,"max_hp_per_floor":[80,80,80,80,80,80,80,80,80,80,80,80,80,80,80,80,80,80,80,80,80,80,80,80,80,80,80,80,80,80,80,80,80],"card_choices":[{"not_picked":["Bloodletting","Seeing Red"],"picked":"Sword Boomerang","floor":1},{"not_picked":["Seeing Red","Havoc"],"picked":"Twin Strike","floor":3},{"not_picked":["Shrug It Off","Warcry"],"picked":"Flame Barrier","floor":6},{"not_picked":["Warcry","Wild Strike"],"picked":"Flex","floor":7},{"not_picked":["Headbutt","Bludgeon"],"picked":"Spot Weakness","floor":8},{"not_picked":["Armaments","Clothesline"],"picked":"Headbutt","floor":12},{"not_picked":["Thunderclap","Perfected Strike"],"picked":"Battle Trance","floor":13},{"not_picked":["Wild Strike","Twin Strike"],"picked":"Shockwave","floor":14},{"not_picked":["Impervious","Bludgeon"],"picked":"Immolate","floor":16},{"not_picked":["Uppercut","Infernal Blade"],"picked":"Armaments","floor":18},{"not_picked":["Headbutt+1","Thunderclap"],"picked":"Havoc","floor":21},{"not_picked":["Corruption","Pommel Strike","Combust"],"picked":"SKIP","floor":22},{"not_picked":["Warcry","Headbutt"],"picked":"Demon Form","floor":24},{"not_picked":["Rupture","Corruption"],"picked":"Anger","floor":27},{"not_picked":["Reckless Charge","Second Wind+1"],"picked":"Exhume","floor":29},{"not_picked":["Perfected Strike","Headbutt","Warcry"],"picked":"SKIP","floor":30},{"not_picked":["Anger+1","Armaments","Warcry"],"picked":"SKIP","floor":31}],"player_experience":291013,"relics_obtained":[{"floor":6,"key":"War Paint"},{"floor":9,"key":"Pen Nib"},{"floor":12,"key":"Blood Vial"},{"floor":13,"key":"Odd Mushroom"},{"floor":24,"key":"Mercury Hourglass"},{"floor":29,"key":"Dodecahedron"}],"event_choices":[{"cards_removed":["Strike_R"],"damage_healed":0,"gold_gain":0,"player_choice":"Card Removal","damage_taken":7,"max_hp_gain":0,"max_hp_loss":0,"event_name":"Golden Wing","floor":2,"gold_loss":0},{"damage_healed":0,"gold_gain":0,"player_choice":"Entered Light","damage_taken":16,"max_hp_gain":0,"max_hp_loss":0,"event_name":"Shining Light","floor":4,"gold_loss":0,"cards_upgraded":["Strike_R","Twin Strike"]},{"damage_healed":0,"gold_gain":0,"cards_transformed":["Strike_R"],"player_choice":"Change","damage_taken":0,"max_hp_gain":0,"max_hp_loss":0,"event_name":"Living Wall","floor":10,"gold_loss":0,"cards_obtained":["Second Wind"]},{"damage_healed":0,"gold_gain":0,"player_choice":"Fought Mushrooms","damage_taken":0,"max_hp_gain":0,"max_hp_loss":0,"event_name":"Mushrooms","floor":13,"gold_loss":0},{"cards_removed":["Defend_R"],"damage_healed":0,"gold_gain":0,"player_choice":"Gave Gold","damage_taken":0,"max_hp_gain":0,"max_hp_loss":0,"event_name":"Beggar","floor":19,"gold_loss":75},{"damage_healed":0,"gold_gain":99,"player_choice":"Stole From Cult","damage_taken":0,"max_hp_gain":0,"max_hp_loss":0,"event_name":"Nest","floor":25,"gold_loss":0}],"is_beta":false,"boss_relics":[{"not_picked":["Eternal Feather","Runic Dome"],"picked":"Lizard Tail"}],"items_purged_floors":[5],"is_endless":false,"potions_floor_spawned":[1,3,8,14,21,29],"killed_by":"Champ","ascension_level":6}