{"path_per_floor":["M","?","M","?","?","R","E","R","T","R","M","?","$","M","R","B",null,"M","?","M","?","M","E","R","M","T","M","R","$","R","M","R"],"character_chosen":"THE_SILENT","items_purchased":["Block Potion"],"gold_per_floor":[114,114,129,129,129,129,159,159,234,234,249,249,174,189,189,289,289,304,254,269,269,284,314,314,329,329,344,344,194,194,209,209],"floor_reached":33,"campfire_rested":5,"playtime":2773,"current_hp_per_floor":[70,70,70,70,70,70,52,52,52,52,52,52,52,52,70,57,70,56,56,56,70,35,9,30,27,27,12,33,33,54,49,70],"items_purged":["Catalyst","Injury"],"gold":209,"score":341,"play_id":"3e526441-387e-43f0-b276-2bab446ef13f","local_time":"20180313124835","daily_mods":["Diverse","Insanity","Binary"],"is_prod":false,"is_daily":true,"is_ascension_mode":false,"campfire_upgraded":3,"timestamp":1520941715,"path_taken":["M","?","M","?","?","R","E","R","T","R","?","?","?","M","R","BOSS","M","?","M","?","M","E","R","M","T","M","R","$","R","M","R","BOSS"],"build_version":"2018-03-09","purchased_purges":2,"victory":false,"master_deck":["Neutralize","Heel Hook","Slice","Backstab","Footwork","Tools of the Trade","Prepared+1","Infinite Blades","Corpse Explosion","Catalyst","Eviscerate","Eviscerate","Finisher","Burst+1","Doppelganger","Heel Hook","Sucker Punch","Glass Knife","Expertise","All Out Attack","Defend_G","Eviscerate","Quick Slash","Blade Dance","Glass Knife","Dodge and Roll","Flechettes","Storm of Steel","Expertise","Blade Dance","Masterful Stab","Distraction","Dagger Spray","Reflex","Tools of the Trade","A Thousand Cuts","Eviscerate","Cloak And Dagger","Flechettes","PiercingWail","Choke+1","Acrobatics","Backstab","Phantasmal Killer+1","Escape Plan","Survivor","Outmaneuver","Terror","Glass Knife","Fire Breathing","Havoc","Underhanded Strike","Tactician","Night Terror","Neutralize","Slice","Calculated Gamble"],"max_hp_per_floor":[70,70,70,70,70,70,70,70,70,70,70,70,70,70,70,70,70,70,70,70,70,70,70,70,70,70,70,70,70,70,70,70],"relics":["Ring of the Snake","Vajra","Tough Bandages","Black Star","Centennial Puzzle","Ninja Scroll","Dead Branch"],"card_choices":[{"not_picked":["Cloak And Dagger"],"picked":"Underhanded Strike"},{"not_picked":["Dagger Spray"],"picked":"Tactician"},{"not_picked":["Reflex"],"picked":"Slice"},{"not_picked":["Bane"],"picked":"Calculated Gamble"}],"player_experience":34962,"potions_floor_usage":[7,16,20,22,22,33,33,33],"damage_taken":[{"damage":0,"enemies":"Jaw Worm","floor":1,"turns":1},{"damage":0,"enemies":"Cultist","floor":3,"turns":3},{"damage":18,"enemies":"Lagavulin","floor":7,"turns":3},{"damage":0,"enemies":"2 Louse","floor":11,"turns":1},{"damage":0,"enemies":"2 Fungi Beasts","floor":14,"turns":4},{"damage":13,"enemies":"Hexaghost","floor":16,"turns":7},{"damage":14,"enemies":"2 Thieves","floor":18,"turns":4},{"damage":0,"enemies":"Spheric Guardian","floor":20,"turns":2},{"damage":38,"enemies":"Centurion and Healer","floor":22,"turns":8},{"damage":26,"enemies":"Slavers","floor":23,"turns":6},{"damage":3,"enemies":"Chosen and Byrds","floor":25,"turns":3},{"damage":15,"enemies":"Snecko","floor":27,"turns":4},{"damage":5,"enemies":"Slaver and Parasite","floor":31,"turns":3},{"damage":70,"enemies":"Champ","floor":33,"turns":11}],"event_choices":[{"event_name":"The Lab","player_choice":"Got Potions","floor":2,"damage_taken":0},{"event_name":"Accursed Blacksmith","player_choice":"Forge","floor":4,"damage_taken":0},{"event_name":"Wheel of Change","player_choice":"Full Heal","floor":5,"damage_taken":0},{"event_name":"Match and Keep!","player_choice":"2 cards matched","floor":12,"damage_taken":0},{"event_name":"The Joust","player_choice":"Bet on Murderer","floor":19,"damage_taken":0},{"event_name":"Wheel of Change","player_choice":"Full Heal","floor":21,"damage_taken":0}],"boss_relics":[{"not_picked":["The Specimen","Snecko Eye"],"picked":"Black Star"}],"potions_floor_spawned":[3,11,18,23,31],"seed_played":"5990498444709922547","killed_by":"Champ","ascension_level":0,"is_trial":false}