{"gold_per_floor":[119,119,131,147,159,159,190,206,284,298,316,347,347,372,372,372],"floor_reached":16,"playtime":693,"items_purged":[],"score":167,"play_id":"7a420596-fdeb-40b2-80b5-abf33ea5cf7e","local_time":"20190720090135","is_ascension_mode":true,"campfire_choices":[{"data":"Bash","floor":6,"key":"SMITH"},{"floor":15,"key":"REST"}],"neow_cost":"NONE","seed_source_timestamp":441735430665,"circlet_count":0,"master_deck":["Strike_R","Strike_R","Strike_R","Strike_R","Strike_R","Defend_R","Defend_R","Defend_R","Defend_R","Bash+1","Bludgeon","Anger","Cleave","Offering","Clothesline","Feed","Exhume","True Grit","Spot Weakness"],"relics":["Burning Blood","Prayer Wheel","Kunai","Champion Belt","PreservedInsect"],"potions_floor_usage":[7,11,12,14,16],"damage_taken":[{"damage":7,"enemies":"Jaw Worm","floor":1,"turns":2},{"damage":0,"enemies":"Cultist","floor":3,"turns":2},{"damage":0,"enemies":"2 Louse","floor":4,"turns":2},{"damage":7,"enemies":"Looter","floor":5,"turns":2},{"damage":26,"enemies":"3 Sentries","floor":7,"turns":4},{"damage":11,"enemies":"Gremlin Gang","floor":8,"turns":4},{"damage":0,"enemies":"Large Slime","floor":10,"turns":4},{"damage":16,"enemies":"Exordium Wildlife","floor":11,"turns":4},{"damage":20,"enemies":"Lagavulin","floor":12,"turns":5},{"damage":26,"enemies":"Gremlin Nob","floor":14,"turns":4},{"damage":48,"enemies":"Hexaghost","floor":16,"turns":9}],"seed_played":"-5882794394766771563","potions_obtained":[{"floor":1,"key":"Strength Potion"},{"floor":3,"key":"PowerPotion"},{"floor":10,"key":"Energy Potion"},{"floor":11,"key":"Fire Potion"},{"floor":12,"key":"SneckoOil"},{"floor":14,"key":"Dexterity Potion"}],"is_trial":false,"path_per_floor":["M","?","M","M","M","R","E","M","T","M","M","E","?","E","R","B"],"character_chosen":"IRONCLAD","items_purchased":[],"campfire_rested":1,"item_purchase_floors":[],"current_hp_per_floor":[71,71,77,80,79,79,59,54,54,63,56,42,42,22,47,0],"gold":372,"neow_bonus":"ONE_RANDOM_RARE_CARD","is_prod":false,"is_daily":false,"chose_seed":false,"campfire_upgraded":1,"win_rate":0,"timestamp":1563627695,"path_taken":["M","?","M","M","M","R","E","?","T","?","M","E","?","E","R","BOSS"],"build_version":"2019-07-17","purchased_purges":0,"victory":false,"max_hp_per_floor":[80,80,80,80,80,80,80,80,80,83,86,86,86,86,86,86],"card_choices":[{"not_picked":["Body Slam","Combust"],"picked":"Anger","floor":1},{"not_picked":["Sword Boomerang","Blood for Blood","Anger"],"picked":"SKIP","floor":3},{"not_picked":["Sever Soul","Intimidate"],"picked":"Offering","floor":4},{"not_picked":["Intimidate","Clash","Sword Boomerang"],"picked":"SKIP","floor":5},{"not_picked":["Pummel","Feel No Pain","Burning Pact"],"picked":"SKIP","floor":7},{"not_picked":["Anger","Perfected Strike"],"picked":"Clothesline","floor":8},{"not_picked":["Body Slam","Cleave"],"picked":"Feed","floor":8},{"not_picked":["Anger","Havoc"],"picked":"Exhume","floor":10},{"not_picked":["Second Wind","Pummel","Blood for Blood"],"picked":"SKIP","floor":10},{"not_picked":["Searing Blow","Combust"],"picked":"True Grit","floor":11},{"not_picked":["True Grit","Bloodletting","Flex"],"picked":"SKIP","floor":11},{"not_picked":["Sword Boomerang","Thunderclap"],"picked":"Spot Weakness","floor":12},{"not_picked":["Dual Wield","Cleave","Barricade"],"picked":"SKIP","floor":14}],"player_experience":303071,"relics_obtained":[{"floor":7,"key":"Prayer Wheel"},{"floor":9,"key":"Kunai"},{"floor":12,"key":"Champion Belt"},{"floor":14,"key":"PreservedInsect"}],"event_choices":[{"damage_healed":0,"gold_gain":0,"player_choice":"1 cards matched","damage_taken":0,"max_hp_gain":0,"max_hp_loss":0,"event_name":"Match and Keep!","floor":2,"gold_loss":0,"cards_obtained":["Cleave"]},{"damage_healed":0,"gold_gain":0,"player_choice":"Ignored","damage_taken":0,"max_hp_gain":0,"max_hp_loss":0,"event_name":"Liars Game","floor":13,"gold_loss":0}],"is_beta":false,"boss_relics":[],"items_purged_floors":[],"is_endless":false,"potions_floor_spawned":[1,3,10,11,12,14],"killed_by":"Hexaghost","ascension_level":7}