{"path_per_floor":["M","?","?","M","M","R","$","M","T","R","E","$","R","M","R","B",null,"M","M","M","M","?","R","?","M","T","M","$","M","M","M","R","B",null,"M","M","M","M","$","R","M","R","T","M","R","M","E","?","R","B"],"character_chosen":"THE_SILENT","items_purchased":["Predator","Trip","Flash of Steel","Apotheosis"],"gold_per_floor":[116,116,66,83,99,99,29,44,89,89,123,22,22,35,35,134,134,150,163,181,194,194,194,109,123,123,141,39,58,69,79,79,180,180,194,214,224,235,57,57,68,68,68,78,78,90,123,123,123,123],"floor_reached":51,"campfire_rested":3,"playtime":2603,"item_purchase_floors":[7,12,28,39],"current_hp_per_floor":[63,63,63,62,62,62,62,62,62,62,50,50,50,50,50,36,63,54,54,39,39,39,39,39,39,39,39,39,34,34,34,52,9,63,63,63,58,57,57,63,7,37,37,36,63,63,58,58,63,31],"items_purged":[],"gold":123,"score":783,"play_id":"2d3406ee-1d43-49eb-aa0b-294bdd6c69d4","local_time":"20180523000533","is_prod":false,"is_daily":false,"chose_seed":false,"is_ascension_mode":true,"campfire_upgraded":4,"timestamp":1527051933,"campfire_choices":[{"data":"1","floor":6,"key":"LIFT"},{"data":"2","floor":10,"key":"LIFT"},{"data":"3","floor":13,"key":"LIFT"},{"data":"Distraction","floor":15,"key":"SMITH"},{"data":"Trip","floor":23,"key":"SMITH"},{"floor":32,"key":"REST"},{"data":"Apotheosis","floor":40,"key":"SMITH"},{"floor":42,"key":"REST"},{"floor":45,"key":"REST"},{"data":"Neutralize","floor":49,"key":"SMITH"}],"path_taken":["M","?","?","M","M","R","$","M","T","R","E","$","R","M","R","BOSS","M","M","?","M","?","R","?","?","T","M","?","M","M","M","R","BOSS","M","?","?","M","$","R","?","R","T","M","R","M","E","?","R","BOSS"],"build_version":"2018-05-21v2","seed_source_timestamp":538406927959566,"purchased_purges":0,"victory":true,"master_deck":["Defend_G","Defend_G","Defend_G","Defend_G+1","Defend_G","Strike_G","Strike_G","Strike_G","Strike_G","Survivor","Neutralize+1","Slice","Riddle With Holes","Quick Slash","Predator","Backstab","Backflip","Trip+1","Distraction+1","Die Die Die","Dagger Spray","Escape Plan+1","Flash of Steel","Cloak And Dagger+1","Escape Plan","Phantasmal Killer+1","Endless Agony+1","Apotheosis+1","Quick Slash+1","Finisher+1","Endless Agony"],"max_hp_per_floor":[63,63,63,63,63,63,63,63,63,63,63,63,63,63,63,63,63,63,63,63,63,63,63,63,63,63,63,63,63,63,63,63,63,63,63,63,63,63,63,63,63,63,63,63,63,63,63,63,63,63],"relics":["Ring of the Snake","Girya","Bronze Scales","Dream Catcher","Sozu","Orichalcum","Gremlin Horn","Eternal Feather","Prayer Wheel","War Paint"],"card_choices":[{"not_picked":["Acrobatics","Catalyst"],"picked":"Slice","floor":1},{"not_picked":["Cloak And Dagger","Calculated Gamble"],"picked":"Riddle With Holes","floor":4},{"not_picked":["Dash","Dodge and Roll"],"picked":"Quick Slash","floor":5},{"not_picked":["Quick Slash","Eviscerate"],"picked":"Backstab","floor":8},{"not_picked":["Envenom","Dodge and Roll"],"picked":"Backflip","floor":11},{"not_picked":["Backflip","Deadly Poison"],"picked":"Distraction","floor":14},{"not_picked":["Grand Finale","Envenom"],"picked":"Die Die Die","floor":16},{"not_picked":["Acrobatics","Dodge and Roll","Underhanded Strike"],"picked":"SKIP","floor":18},{"not_picked":["Infinite Blades","Footwork+1","Blur"],"picked":"SKIP","floor":19},{"not_picked":["Setup","Cloak And Dagger","Dodge and Roll"],"picked":"SKIP","floor":20},{"not_picked":["Expertise","Dagger Throw"],"picked":"Dagger Spray","floor":21},{"not_picked":["Noxious Fumes","Catalyst+1","Leg Sweep+1"],"picked":"SKIP","floor":25},{"not_picked":["Prepared","Slice"],"picked":"Escape Plan+1","floor":27},{"not_picked":["Backflip","Distraction"],"picked":"Cloak And Dagger+1","floor":29},{"not_picked":["Deadly Poison","All Out Attack"],"picked":"Cloak And Dagger+1","floor":30},{"not_picked":["Quick Slash+1","Cloak And Dagger"],"picked":"Escape Plan","floor":31},{"not_picked":["A Thousand Cuts","Tools of the Trade"],"picked":"Phantasmal Killer","floor":33},{"not_picked":["Quick Slash+1","Flying Knee","Dash+1"],"picked":"SKIP","floor":35},{"not_picked":["Flying Knee","Dagger Throw+1","Acrobatics"],"picked":"SKIP","floor":36},{"not_picked":["Backstab","Dagger Throw","Dagger Spray+1"],"picked":"SKIP","floor":37},{"not_picked":["Flying Knee","Bullet Time"],"picked":"Endless Agony+1","floor":38},{"not_picked":["Bane","Dagger Spray"],"picked":"Quick Slash+1","floor":41},{"not_picked":["Deflect","Predator+1","Flying Knee+1"],"picked":"SKIP","floor":44},{"not_picked":["Dagger Throw","Bane+1","Sucker Punch+1"],"picked":"SKIP","floor":44},{"not_picked":["Prepared","Blade Dance"],"picked":"Finisher+1","floor":45},{"not_picked":["Grand Finale","Deflect+1","Slice"],"picked":"SKIP","floor":46},{"not_picked":["Setup","Eviscerate+1","Concentrate"],"picked":"SKIP","floor":46},{"not_picked":["Prepared+1","Bane"],"picked":"Endless Agony","floor":47}],"player_experience":159174,"potions_floor_usage":[14,16,21,21],"damage_taken":[{"damage":0,"enemies":"Cultist","floor":1,"turns":4},{"damage":1,"enemies":"Small Slimes","floor":4,"turns":4},{"damage":0,"enemies":"2 Louse","floor":5,"turns":2},{"damage":0,"enemies":"Blue Slaver","floor":8,"turns":4},{"damage":12,"enemies":"Lagavulin","floor":11,"turns":4},{"damage":0,"enemies":"Red Slaver","floor":14,"turns":1},{"damage":14,"enemies":"The Guardian","floor":16,"turns":8},{"damage":9,"enemies":"Shell Parasite","floor":18,"turns":2},{"damage":0,"enemies":"Spheric Guardian","floor":19,"turns":1},{"damage":15,"enemies":"3 Cultists","floor":20,"turns":4},{"damage":0,"enemies":"Snake Plant","floor":21,"turns":3},{"damage":0,"enemies":"Cultist and Chosen","floor":25,"turns":3},{"damage":0,"enemies":"Sentry and Sphere","floor":27,"turns":2},{"damage":5,"enemies":"Snecko","floor":29,"turns":4},{"damage":0,"enemies":"Centurion and Healer","floor":30,"turns":2},{"damage":0,"enemies":"3 Cultists","floor":31,"turns":2},{"damage":43,"enemies":"Automaton","floor":33,"turns":8},{"damage":0,"enemies":"Orb Walker","floor":35,"turns":1},{"damage":0,"enemies":"3 Shapes","floor":36,"turns":2},{"damage":5,"enemies":"Spire Growth","floor":37,"turns":4},{"damage":1,"enemies":"3 Darklings","floor":38,"turns":3},{"damage":56,"enemies":"Transient","floor":41,"turns":5},{"damage":1,"enemies":"Sphere and 2 Shapes","floor":44,"turns":3},{"damage":0,"enemies":"4 Shapes","floor":46,"turns":2},{"damage":5,"enemies":"2 Orb Walkers","floor":47,"turns":2},{"damage":32,"enemies":"Donu and Deca","floor":50,"turns":6}],"relics_obtained":[{"floor":9,"key":"Bronze Scales"},{"floor":11,"key":"Dream Catcher"},{"floor":26,"key":"Gremlin Horn"},{"floor":43,"key":"Prayer Wheel"},{"floor":47,"key":"War Paint"}],"event_choices":[{"event_name":"Transmorgrifier","player_choice":"Transform","floor":2,"damage_taken":0},{"event_name":"The Cleric","player_choice":"Card Removal","floor":3,"damage_taken":0},{"event_name":"Vampires","player_choice":"Ignored","floor":22,"damage_taken":0},{"event_name":"Addict","player_choice":"Obtained Relic","floor":24,"damage_taken":0}],"boss_relics":[{"not_picked":["Black Star","Philosopher\u0027s Stone"],"picked":"Sozu"},{"not_picked":["Astrolabe","Orrery"],"picked":"Eternal Feather"}],"items_purged_floors":[],"potions_floor_spawned":[5,11,14,16,18,20,27,29,31,36,41,44,46],"seed_played":"-9172023143538153036","ascension_level":3,"potions_obtained":[{"floor":5,"key":"SpeedPotion"},{"floor":11,"key":"FearPotion"},{"floor":14,"key":"SkillPotion"},{"floor":16,"key":"EssenceOfSteel"}],"is_trial":false}