{"gold_per_floor":[111,36,50,67,67,67,99,99,126,126,139,151,151,72,72,171,171,189,209,209,209,62,121,121,132,132,148,148,159,179,179],"floor_reached":31,"playtime":2290,"items_purged":["Strike_B"],"score":367,"play_id":"786e4275-220a-44b8-8a20-9c16d934f9db","local_time":"20190908211520","is_ascension_mode":true,"campfire_choices":[{"data":"Zap","floor":6.0,"key":"SMITH"},{"data":"Dualcast","floor":10.0,"key":"SMITH"},{"data":"White Noise","floor":13.0,"key":"SMITH"},{"data":"Go for the Eyes","floor":15.0,"key":"SMITH"},{"data":"Echo Form","floor":24.0,"key":"SMITH"},{"data":"Recycle","floor":28.0,"key":"SMITH"}],"neow_cost":"NONE","seed_source_timestamp":120916263364000,"circlet_count":0,"master_deck":["Strike_B","Strike_B","Strike_B","Defend_B+1","Defend_B","Defend_B+1","Defend_B","Zap+1","Dualcast+1","Coolheaded+1","Go for the Eyes+1","Self Repair","Beam Cell","Conserve Battery+1","White Noise+1","Glacier","Echo Form+1","Redo+1","Recycle+1"],"special_seed":0,"relics":["Cracked Core","Centennial Puzzle","Oddly Smooth Stone","Nuclear Battery","Nilry\u0027s Codex","War Paint","Tiny Chest","Pear"],"potions_floor_usage":[31],"damage_taken":[{"damage":2.0,"enemies":"2 Louse","floor":1.0,"turns":2.0},{"damage":0.0,"enemies":"Jaw Worm","floor":3.0,"turns":3.0},{"damage":0.0,"enemies":"Small Slimes","floor":4.0,"turns":3.0},{"damage":15.0,"enemies":"3 Sentries","floor":7.0,"turns":10.0},{"damage":0.0,"enemies":"Blue Slaver","floor":11.0,"turns":3.0},{"damage":0.0,"enemies":"Looter","floor":12.0,"turns":3.0},{"damage":34.0,"enemies":"Hexaghost","floor":16.0,"turns":16.0},{"damage":2.0,"enemies":"Chosen","floor":18.0,"turns":6.0},{"damage":0.0,"enemies":"3 Byrds","floor":19.0,"turns":7.0},{"damage":0.0,"enemies":"Book of Stabbing","floor":23.0,"turns":6.0},{"damage":8.0,"enemies":"Centurion and Healer","floor":25.0,"turns":12.0},{"damage":5.0,"enemies":"Snake Plant","floor":27.0,"turns":5.0},{"damage":2.0,"enemies":"Snecko","floor":29.0,"turns":5.0},{"damage":13.0,"enemies":"Shelled Parasite and Fungi","floor":30.0,"turns":9.0},{"damage":31,"enemies":"Colosseum Slavers","floor":31,"turns":5},{"damage":69,"enemies":"Colosseum Nobs","floor":31,"turns":7}],"seed_played":"7932697879455928155","potions_obtained":[{"floor":4.0,"key":"FearPotion"},{"floor":7.0,"key":"Explosive Potion"},{"floor":23.0,"key":"FearPotion"},{"floor":25.0,"key":"FearPotion"},{"floor":27.0,"key":"Dexterity Potion"}],"is_trial":false,"path_per_floor":["M","$","M","M","?","R","E","?","T","R","M","M","R","$","R","B",null,"M","M","?","?","$","E","R","M","T","M","R","M","M","?"],"character_chosen":"DEFECT","items_purchased":["Glacier","War Paint"],"campfire_rested":0,"item_purchase_floors":[14,22],"current_hp_per_floor":[66,66,66,73,58,58,50,50,50,50,57,64,64,64,64,37,66,71,75,75,59,59,66,66,65,75,77,77,82,76,0],"gold":179,"neow_bonus":"THREE_CARDS","is_prod":false,"is_daily":false,"chose_seed":false,"campfire_upgraded":6,"win_rate":0,"timestamp":1567944920,"path_taken":["M","$","M","M","?","R","E","?","T","R","M","M","R","$","R","BOSS","M","M","?","?","$","E","R","M","T","M","R","M","?","?"],"build_version":"2019-07-17","purchased_purges":1,"victory":false,"max_hp_per_floor":[75,75,75,75,75,75,75,75,75,75,75,75,75,75,75,75,75,75,75,75,75,75,75,75,75,85,85,85,85,85,85],"card_choices":[{"not_picked":["Cold Snap","Rebound"],"picked":"Coolheaded","floor":0.0},{"not_picked":["Beam Cell","Aggregate"],"picked":"Go for the Eyes","floor":1.0},{"not_picked":["Ball Lightning","Streamline"],"picked":"Self Repair","floor":3.0},{"not_picked":["Rebound","Hello World","Go for the Eyes"],"picked":"SKIP","floor":4.0},{"not_picked":["Force Field","Barrage"],"picked":"Beam Cell","floor":7.0},{"not_picked":["Gash","Static Discharge"],"picked":"Conserve Battery","floor":11.0},{"not_picked":["Compile Driver","Streamline"],"picked":"White Noise","floor":12.0},{"not_picked":["Rainbow","Hyperbeam"],"picked":"Echo Form","floor":16.0},{"not_picked":["Gash","Self Repair+1"],"picked":"Redo+1","floor":18.0},{"not_picked":["Stack","Tempest+1","Redo"],"picked":"SKIP","floor":19.0},{"not_picked":["Darkness","Gash+1","Cold Snap"],"picked":"SKIP","floor":23.0},{"not_picked":["Hello World","Cold Snap","Steam"],"picked":"SKIP","floor":25.0},{"not_picked":["Hello World","Cold Snap","Steam"],"picked":"SKIP","floor":25.0},{"not_picked":["Coolheaded","Beam Cell"],"picked":"Recycle","floor":27.0},{"not_picked":["Leap","Thunder Strike","Aggregate"],"picked":"SKIP","floor":29.0},{"not_picked":["Stack","Static Discharge","Self Repair"],"picked":"SKIP","floor":30.0}],"player_experience":370053,"relics_obtained":[{"floor":7.0,"key":"Centennial Puzzle"},{"floor":9.0,"key":"Oddly Smooth Stone"},{"floor":21.0,"key":"Nilry\u0027s Codex"},{"floor":23.0,"key":"Tiny Chest"},{"floor":26.0,"key":"Pear"}],"event_choices":[{"damage_healed":0.0,"max_hp_gain":0.0,"max_hp_loss":0.0,"gold_gain":0.0,"event_name":"Shining Light","player_choice":"Entered Light","floor":5.0,"gold_loss":0.0,"damage_taken":15.0,"cards_upgraded":["Defend_B","Coolheaded"]},{"damage_healed":0.0,"max_hp_gain":0.0,"max_hp_loss":0.0,"gold_gain":0.0,"event_name":"Liars Game","player_choice":"Ignored","floor":8.0,"gold_loss":0.0,"damage_taken":0.0},{"damage_healed":0.0,"max_hp_gain":0.0,"max_hp_loss":0.0,"gold_gain":0.0,"event_name":"Vampires","player_choice":"Ignored","floor":20.0,"gold_loss":0.0,"damage_taken":0.0},{"damage_healed":0.0,"max_hp_gain":0.0,"max_hp_loss":0.0,"gold_gain":0.0,"event_name":"Cursed Tome","player_choice":"Obtained Book","floor":21.0,"gold_loss":0.0,"damage_taken":16.0},{"damage_healed":0,"gold_gain":0,"player_choice":"Fight","damage_taken":0,"max_hp_gain":0,"max_hp_loss":0,"event_name":"Colosseum","floor":31,"gold_loss":0},{"damage_healed":0,"gold_gain":0,"player_choice":"Fought Nobs","damage_taken":0,"max_hp_gain":0,"max_hp_loss":0,"event_name":"Colosseum","floor":31,"gold_loss":0}],"is_beta":false,"boss_relics":[{"not_picked":["Lizard Tail","Coffee Dripper"],"picked":"Nuclear Battery"}],"items_purged_floors":[2],"is_endless":false,"potions_floor_spawned":[4,7,23,25,27,31],"killed_by":"Colosseum Nobs","ascension_level":6}