{"path_per_floor":["M","?","M","M","$","E","R","E","T","R","M","$","M","E","R","B",null,"M","M","M","M","M","E","R","M","T","$","?","M","R","M","R","B",null,"M","M","?","M","$","E","M","R","T","M","M","E","?","T","R","B"],"character_chosen":"THE_SILENT","items_purchased":["Happy Flower","Crippling Poison","Backflip","Shuriken","Vajra"],"gold_per_floor":[119,294,312,327,61,87,87,117,117,117,130,5,20,45,45,140,140,155,173,192,204,218,250,250,261,287,32,32,43,43,56,56,153,153,173,187,187,200,46,73,93,93,116,128,138,163,163,163,163,163],"floor_reached":51,"campfire_rested":3,"playtime":5683,"current_hp_per_floor":[70,70,66,62,62,43,43,37,37,37,25,25,13,9,30,24,70,55,55,55,55,47,22,22,22,22,22,22,22,22,22,22,5,70,29,35,35,37,37,26,13,34,34,34,13,11,11,11,32,14],"items_purged":["Doubt","Defend_G"],"gold":163,"play_id":"157eab05-682d-4f9c-9f36-f35534480cdf","is_prod":false,"is_daily":false,"is_ascension_mode":false,"campfire_upgraded":5,"path_taken":["M","?","?","M","?","E","R","E","T","R","M","$","M","E","R","BOSS","M","?","M","M","M","E","R","M","T","$","?","M","R","M","R","BOSS","M","M","?","M","$","E","M","R","T","M","M","E","?","?","R","BOSS"],"build_version":"2018-01-23-BETA1","purchased_purges":3,"victory":true,"master_deck":["Defend_G","Defend_G","Defend_G","Strike_G","Strike_G","Strike_G","Survivor","Neutralize","Quick Slash","Infinite Blades","Slice","Crippling Poison","Finisher","Blade Dance","Backflip","Backstab","Endless Agony","Venomology","Poisoned Stab","Expertise","Infinite Blades","Calculated Gamble","Prepared","Acrobatics","Blade Dance","Writhe","Backflip","Prepared","Adrenaline","Sucker Punch","Heel Hook","Poisoned Stab","Infinite Blades","Crippling Poison","Deflect"],"max_hp_per_floor":[70,70,70,70,70,70,70,70,70,70,70,70,70,70,70,70,70,70,70,70,70,70,70,70,70,70,70,70,70,70,70,70,70,70,70,70,70,70,70,70,70,70,70,70,70,70,70,70,70,70],"relics":["Ring of the Snake","Happy Flower","Whetstone","Ornamental Fan","Tingsha","Paper Crane","Astrolabe","Centennial Puzzle","Orichalcum","Shuriken","Bag of Preparation","Runic Dome","Vajra","Juzu Bracelet","Lantern","Bronze Scales","Girya"],"card_choices":[{"not_picked":["Crippling Poison","Skewer"],"picked":"Quick Slash"},{"not_picked":["Leg Sweep","Masterful Stab"],"picked":"Infinite Blades"},{"not_picked":["Sucker Punch","Riddle With Holes"],"picked":"Slice"},{"not_picked":["Dodge and Roll","Outmaneuver"],"picked":"Slice"},{"not_picked":["Distraction","Phantasmal Killer"],"picked":"Finisher"},{"not_picked":["Acrobatics","PiercingWail"],"picked":"Blade Dance"},{"not_picked":["Flechettes","Dagger Spray"],"picked":"Backstab"},{"not_picked":["Dagger Spray","Deadly Poison"],"picked":"Endless Agony"},{"not_picked":["A Thousand Cuts","Die Die Die"],"picked":"Venomology"},{"not_picked":["Backstab","Acrobatics"],"picked":"Calculated Gamble"},{"not_picked":["Backstab","Leg Sweep"],"picked":"Prepared"},{"not_picked":["Sucker Punch","Quick Slash"],"picked":"Acrobatics"},{"not_picked":["Phantasmal Killer","PiercingWail"],"picked":"Blade Dance"},{"not_picked":["Infinite Blades","Terror"],"picked":"Backflip"},{"not_picked":["Slice","Dodge and Roll"],"picked":"Prepared"},{"not_picked":["Bullet Time","Tools of the Trade"],"picked":"Adrenaline"},{"not_picked":["Acrobatics","Dodge and Roll"],"picked":"Sucker Punch"},{"not_picked":["Flying Knee","Dodge and Roll"],"picked":"Heel Hook"},{"not_picked":["PiercingWail","Choke"],"picked":"Poisoned Stab"},{"not_picked":["Dodge and Roll","Dagger Spray"],"picked":"Infinite Blades"},{"not_picked":["PiercingWail","Dodge and Roll"],"picked":"Crippling Poison"},{"not_picked":["Malaise","Quick Slash"],"picked":"Deflect"}],"player_experience":0,"potions_floor_usage":[6,6,16,16,18,19,20,20,21,23,23,25,29,29,31,33,33,35,36,38,40,40,41,41,44,45,46,50,50],"damage_taken":[{"damage":0,"enemies":"Cultist","floor":1,"turns":3},{"damage":4,"enemies":"2 Louse","floor":3,"turns":3},{"damage":4,"enemies":"Blue Slaver","floor":4,"turns":5},{"damage":19,"enemies":"3 Sentries","floor":6,"turns":8},{"damage":6,"enemies":"Gremlin Nob","floor":8,"turns":3},{"damage":12,"enemies":"Lots of Slimes","floor":11,"turns":4},{"damage":12,"enemies":"Gremlin Gang","floor":13,"turns":4},{"damage":4,"enemies":"Lagavulin","floor":14,"turns":5},{"damage":6,"enemies":"Slime Boss","floor":16,"turns":9},{"damage":15,"enemies":"3 Byrds","floor":18,"turns":5},{"damage":0,"enemies":"Chosen","floor":19,"turns":2},{"damage":0,"enemies":"Snecko","floor":20,"turns":4},{"damage":0,"enemies":"Centurion and Healer","floor":21,"turns":5},{"damage":8,"enemies":"Sentry and Sphere","floor":22,"turns":3},{"damage":25,"enemies":"Slavers","floor":23,"turns":4},{"damage":0,"enemies":"Snake Plant","floor":25,"turns":2},{"damage":0,"enemies":"3 Cultists","floor":29,"turns":3},{"damage":0,"enemies":"Chosen and Byrds","floor":31,"turns":3},{"damage":17,"enemies":"Automaton","floor":33,"turns":5},{"damage":41,"enemies":"3 Shapes","floor":35,"turns":3},{"damage":0,"enemies":"Flame Bruiser 1 Orb","floor":36,"turns":3},{"damage":4,"enemies":"Sphere and 2 Shapes","floor":38,"turns":3},{"damage":11,"enemies":"2 Orb Walkers","floor":40,"turns":3},{"damage":13,"enemies":"Spire Growth","floor":41,"turns":3},{"damage":0,"enemies":"Maw","floor":44,"turns":3},{"damage":21,"enemies":"Sphere and 2 Shapes","floor":45,"turns":3},{"damage":2,"enemies":"Giant Head","floor":46,"turns":5},{"damage":18,"enemies":"Donu and Deca","floor":50,"turns":5}],"event_choices":[{"event_name":"Liars Game","player_choice":"agreed","floor":2,"damage_taken":0},{"event_name":"The Mausoleum","player_choice":"Yes","floor":28,"damage_taken":0},{"event_name":"Accursed Blacksmith","player_choice":"Forge","floor":47,"damage_taken":0}],"boss_relics":[{"not_picked":["Cursed Key","Question Card"],"picked":"Astrolabe"},{"not_picked":["Tiny House","Philosopher\u0027s Stone"],"picked":"Runic Dome"}],"potions_floor_spawned":[1,3,8,11,19,25,29,33,38,40,46],"seed_played":"-7370341952953045284","ascension_level":0,"is_trial":false}