{"gold_per_floor":[118,118,136,136,151,151,167,179,179,179,15,15,34,51,51,151,151,163,77,77,177,193,219,219,234,234,252,252,271,271,18,18,117,117,128,139,159,159,178,205,205,219,219,219],"floor_reached":44,"playtime":1956,"items_purged":["Strike_B","Strike_B"],"score":454,"play_id":"a4f5627a-80ad-49b5-987b-08d0c03fcb57","local_time":"20190907104601","is_ascension_mode":false,"campfire_choices":[{"data":"Zap","floor":6,"key":"SMITH"},{"data":"Dualcast","floor":10,"key":"SMITH"},{"data":"Chaos","floor":12,"key":"SMITH"},{"data":"White Noise","floor":15,"key":"SMITH"},{"data":"Echo Form","floor":24,"key":"SMITH"},{"data":"Defragment","floor":30,"key":"SMITH"},{"data":"Stack","floor":32,"key":"SMITH"},{"floor":41,"key":"REST"}],"neow_cost":"NONE","seed_source_timestamp":1904106942907100,"circlet_count":0,"master_deck":["Defend_B+1","Defend_B","Defend_B+1","Zap+1","Dualcast+1","Cold Snap","Chaos+1","Conserve Battery","White Noise+1","Self Repair","Ball Lightning+1","Seek","Gash","Echo Form+1","Compile Driver","Panacea","Gash+1","Stack+1","Barrage","Defragment+1","Leap+1","Force Field+1","Consume+1"],"relics":["Cracked Core","Happy Flower","Shuriken","Busted Crown","Mercury Hourglass","Whetstone","Inserter","Vajra"],"potions_floor_usage":[18,25,42,44],"damage_taken":[{"damage":0,"enemies":"Small Slimes","floor":1,"turns":3},{"damage":0,"enemies":"2 Louse","floor":3,"turns":1},{"damage":0,"enemies":"Cultist","floor":5,"turns":3},{"damage":0,"enemies":"Exordium Wildlife","floor":7,"turns":3},{"damage":0,"enemies":"Large Slime","floor":8,"turns":7},{"damage":4,"enemies":"Exordium Thugs","floor":13,"turns":5},{"damage":0,"enemies":"Blue Slaver","floor":14,"turns":3},{"damage":27,"enemies":"Hexaghost","floor":16,"turns":9},{"damage":22,"enemies":"2 Thieves","floor":18,"turns":4},{"damage":0,"enemies":"3 Byrds","floor":22,"turns":3},{"damage":36,"enemies":"Book of Stabbing","floor":23,"turns":6},{"damage":3,"enemies":"Centurion and Healer","floor":25,"turns":7},{"damage":3,"enemies":"Cultist and Chosen","floor":27,"turns":6},{"damage":16,"enemies":"3 Cultists","floor":29,"turns":4},{"damage":29,"enemies":"Automaton","floor":33,"turns":10},{"damage":6,"enemies":"Orb Walker","floor":35,"turns":4},{"damage":35,"enemies":"3 Darklings","floor":36,"turns":5},{"damage":19,"enemies":"4 Shapes","floor":37,"turns":4},{"damage":14,"enemies":"Sphere and 2 Shapes","floor":39,"turns":4},{"damage":13,"enemies":"Giant Head","floor":40,"turns":7},{"damage":36,"enemies":"Spire Growth","floor":42,"turns":6},{"damage":36,"enemies":"Nemesis","floor":44,"turns":2}],"seed_played":"-1482469508000522689","potions_obtained":[{"floor":1,"key":"EssenceOfSteel"},{"floor":7,"key":"GamblersBrew"},{"floor":14,"key":"EssenceOfSteel"},{"floor":25,"key":"SpeedPotion"},{"floor":27,"key":"SneckoOil"},{"floor":36,"key":"Dexterity Potion"},{"floor":37,"key":"AttackPotion"}],"is_trial":false,"path_per_floor":["M","?","M","?","M","R","M","M","T","R","$","R","M","M","R","B",null,"M","$","?","?","M","E","R","M","T","M","?","M","R","$","R","B",null,"M","M","M","?","M","E","R","M","T","E"],"character_chosen":"DEFECT","items_purchased":["Self Repair","Ball Lightning","Panacea","Whetstone"],"campfire_rested":1,"item_purchase_floors":[11,11,19,31],"current_hp_per_floor":[75,60,60,60,60,60,60,60,60,60,60,60,63,70,70,50,75,60,60,46,46,53,31,31,42,42,53,53,51,51,51,51,29,80,80,52,47,47,40,34,58,36,36,0],"gold":219,"neow_bonus":"RANDOM_COMMON_RELIC","is_prod":false,"is_daily":false,"chose_seed":false,"campfire_upgraded":7,"win_rate":0,"timestamp":1567820761,"path_taken":["M","?","M","?","M","R","M","?","T","R","$","R","M","M","R","BOSS","M","$","?","?","M","E","R","?","T","M","?","M","R","$","R","BOSS","M","M","M","?","M","E","R","M","T","E"],"build_version":"2019-07-17","purchased_purges":2,"victory":false,"max_hp_per_floor":[75,75,75,75,75,75,75,75,75,75,75,75,75,75,75,75,75,75,75,80,80,80,80,80,80,80,80,80,80,80,80,80,80,80,80,80,80,80,80,80,80,80,80,80],"card_choices":[{"not_picked":["Force Field","Reprogram","Steam"],"picked":"SKIP","floor":1},{"not_picked":["Scrape","Redo"],"picked":"Cold Snap","floor":3},{"not_picked":["Rebound","Steam"],"picked":"Chaos","floor":5},{"not_picked":["Streamline","Turbo"],"picked":"Conserve Battery","floor":7},{"not_picked":["Sweeping Beam","Rebound"],"picked":"White Noise","floor":8},{"not_picked":["Self Repair","Static Discharge"],"picked":"Seek","floor":13},{"not_picked":["Streamline","Reprogram"],"picked":"Gash","floor":14},{"not_picked":["Creative AI","Hyperbeam"],"picked":"Echo Form","floor":16},{"not_picked":[],"picked":"Compile Driver","floor":18},{"not_picked":["Compile Driver"],"picked":"SKIP","floor":22},{"not_picked":["Turbo"],"picked":"SKIP","floor":23},{"not_picked":["Beam Cell"],"picked":"SKIP","floor":25},{"not_picked":[],"picked":"Gash+1","floor":27},{"not_picked":[],"picked":"Defragment","floor":29},{"not_picked":["Redo"],"picked":"SKIP","floor":35},{"not_picked":[],"picked":"Leap+1","floor":36},{"not_picked":["Gash+1"],"picked":"SKIP","floor":37},{"not_picked":["Barrage"],"picked":"SKIP","floor":39},{"not_picked":[],"picked":"Force Field+1","floor":40},{"not_picked":[],"picked":"Consume+1","floor":42}],"player_experience":339154,"relics_obtained":[{"floor":9,"key":"Shuriken"},{"floor":23,"key":"Mercury Hourglass"},{"floor":40,"key":"Vajra"}],"event_choices":[{"damage_healed":0,"gold_gain":0,"player_choice":"Entered Light","damage_taken":15,"max_hp_gain":0,"max_hp_loss":0,"event_name":"Shining Light","floor":2,"gold_loss":0,"cards_upgraded":["Defend_B","Defend_B"]},{"damage_healed":0,"gold_gain":0,"player_choice":"Ignored","damage_taken":0,"max_hp_gain":0,"max_hp_loss":0,"event_name":"NoteForYourself","floor":4,"gold_loss":0},{"damage_healed":0,"gold_gain":0,"player_choice":"Shed Blood","damage_taken":19,"max_hp_gain":5,"max_hp_loss":0,"event_name":"Forgotten Altar","floor":20,"gold_loss":0},{"damage_healed":0,"gold_gain":100,"player_choice":"Pray","damage_taken":0,"max_hp_gain":0,"max_hp_loss":0,"event_name":"Golden Shrine","floor":21,"gold_loss":0},{"damage_healed":0,"gold_gain":0,"cards_transformed":["Strike_B","Defend_B"],"player_choice":"Became Test Subject","damage_taken":0,"max_hp_gain":0,"max_hp_loss":0,"event_name":"Drug Dealer","floor":28,"gold_loss":0,"cards_obtained":["Stack","Barrage"]},{"cards_removed":["Strike_B"],"damage_healed":0,"gold_gain":0,"player_choice":"Removed Attack","damage_taken":0,"max_hp_gain":0,"max_hp_loss":0,"event_name":"Falling","floor":38,"gold_loss":0}],"is_beta":false,"boss_relics":[{"not_picked":["Eternal Feather","Runic Dome"],"picked":"Busted Crown"},{"not_picked":["Snecko Eye","Philosopher\u0027s Stone"],"picked":"Inserter"}],"items_purged_floors":[11,31],"is_endless":false,"potions_floor_spawned":[1,7,14,25,27,29,36,37],"killed_by":"Nemesis","ascension_level":0}