{"gold_per_floor":[114,125,137,152,171,206,206,236,236,236,116,134,134,145,145,247,247,260,277,295,314,60,60,76,76,128,218,235,255,255,273,273,377,377,390,407,134,152,166,166,186,198,198,198,298,311,311,343,343,343],"floor_reached":51,"playtime":4591,"items_purged":["Strike_R","Strike_R","Strike_R"],"score":699,"play_id":"03e1a0a0-1694-49d4-acb7-e38791250bd4","local_time":"20190130162442","is_ascension_mode":false,"campfire_choices":[{"data":"Flame Barrier","floor":7.0,"key":"SMITH"},{"data":"Body Slam","floor":10.0,"key":"SMITH"},{"data":"Armaments","floor":15.0,"key":"SMITH"},{"data":"Flame Barrier","floor":23.0,"key":"SMITH"},{"data":"Offering","floor":25.0,"key":"SMITH"},{"data":"Body Slam","floor":30.0,"key":"SMITH"},{"floor":32.0,"key":"REST"},{"data":"Sentinel","floor":40.0,"key":"SMITH"},{"data":"Flame Barrier","floor":44.0,"key":"SMITH"},{"data":"Flex","floor":49,"key":"SMITH"}],"neow_cost":"NONE","seed_source_timestamp":0,"circlet_count":0,"master_deck":["Strike_R","Strike_R+1","Defend_R","Defend_R+1","Defend_R+1","Defend_R","Bash","Battle Trance","Shrug It Off","Flame Barrier+1","Cleave+1","Flex+1","Anger","Body Slam+1","Armaments+1","Body Slam+1","Shrug It Off","Offering+1","Twin Strike+1","Shrug It Off","Flame Barrier+1","Sentinel+1","True Grit+1","Battle Trance+1","Feed","Shrug It Off","Seeing Red+1","Shrug It Off+1","Shockwave+1","Flame Barrier+1","Body Slam+1","Flame Barrier+1"],"special_seed":0,"relics":["Burning Blood","Unceasing Top","Paper Frog","Shuriken","Sozu","Happy Flower","Red Skull","Runic Pyramid","Whetstone","Meat on the Bone","Pocketwatch","War Paint"],"potions_floor_usage":[],"damage_taken":[{"damage":11.0,"enemies":"Jaw Worm","floor":1.0,"turns":5.0},{"damage":4.0,"enemies":"Cultist","floor":2.0,"turns":5.0},{"damage":0.0,"enemies":"Small Slimes","floor":3.0,"turns":3.0},{"damage":5.0,"enemies":"Looter","floor":4.0,"turns":5.0},{"damage":11.0,"enemies":"Blue Slaver","floor":5.0,"turns":6.0},{"damage":31.0,"enemies":"Lagavulin","floor":6.0,"turns":12.0},{"damage":17.0,"enemies":"Gremlin Nob","floor":8.0,"turns":4.0},{"damage":1.0,"enemies":"2 Fungi Beasts","floor":12.0,"turns":3.0},{"damage":0.0,"enemies":"Lots of Slimes","floor":14.0,"turns":2.0},{"damage":38.0,"enemies":"The Guardian","floor":16.0,"turns":11.0},{"damage":8.0,"enemies":"Spheric Guardian","floor":18.0,"turns":4.0},{"damage":27.0,"enemies":"Chosen","floor":19.0,"turns":5.0},{"damage":9.0,"enemies":"Shelled Parasite and Fungi","floor":20.0,"turns":5.0},{"damage":3.0,"enemies":"Snecko","floor":21.0,"turns":6.0},{"damage":0.0,"enemies":"Snake Plant","floor":24.0,"turns":4.0},{"damage":12.0,"enemies":"Centurion and Healer","floor":28.0,"turns":4.0},{"damage":4.0,"enemies":"3 Cultists","floor":29.0,"turns":6.0},{"damage":6.0,"enemies":"Shelled Parasite and Fungi","floor":31.0,"turns":3.0},{"damage":11.0,"enemies":"Champ","floor":33.0,"turns":8.0},{"damage":0.0,"enemies":"Orb Walker","floor":35.0,"turns":3.0},{"damage":6.0,"enemies":"3 Darklings","floor":36.0,"turns":6.0},{"damage":4.0,"enemies":"Transient","floor":38.0,"turns":5.0},{"damage":21.0,"enemies":"Spire Growth","floor":39.0,"turns":6.0},{"damage":0.0,"enemies":"4 Shapes","floor":41.0,"turns":5.0},{"damage":0.0,"enemies":"Jaw Worm Horde","floor":42.0,"turns":3.0},{"damage":0.0,"enemies":"Mind Bloom Boss Battle","floor":45.0,"turns":7.0},{"damage":0.0,"enemies":"Sphere and 2 Shapes","floor":46.0,"turns":6.0},{"damage":10.0,"enemies":"Reptomancer","floor":48.0,"turns":5.0},{"damage":50,"enemies":"Donu and Deca","floor":50,"turns":12}],"seed_played":"-8110214858473498146","potions_obtained":[{"floor":1.0,"key":"EssenceOfSteel"},{"floor":4.0,"key":"BloodPotion"},{"floor":5.0,"key":"AttackPotion"},{"floor":8.0,"key":"SteroidPotion"},{"floor":13.0,"key":"AttackPotion"},{"floor":13.0,"key":"Block Potion"}],"is_trial":false,"path_per_floor":["M","M","M","M","M","E","R","E","T","R","$","M","?","M","R","B",null,"M","M","M","M","$","R","M","R","T","?","M","M","R","M","R","B",null,"M","M","$","M","M","R","M","M","T","R","?","M","?","E","R","B",null],"character_chosen":"IRONCLAD","items_purchased":["Armaments","Happy Flower","Whetstone"],"campfire_rested":1,"item_purchase_floors":[11,22,37],"current_hp_per_floor":[75,77,80,80,75,50,50,39,39,39,39,44,44,50,50,18,80,78,57,54,57,57,57,63,63,63,47,41,43,43,43,67,62,80,80,80,80,80,69,69,75,85,85,85,88,91,91,87,87,55],"gold":343,"neow_bonus":"THREE_CARDS","is_prod":false,"is_daily":false,"chose_seed":false,"campfire_upgraded":9,"win_rate":0,"timestamp":1548833082,"path_taken":["M","M","M","M","M","E","R","E","T","R","$","M","?","?","R","BOSS","M","M","?","M","$","R","M","R","T","?","M","M","R","M","R","BOSS","M","?","$","M","M","R","M","M","T","R","?","M","?","E","R","BOSS"],"build_version":"2019-01-23","purchased_purges":3,"victory":true,"max_hp_per_floor":[80,80,80,80,80,80,80,80,80,80,80,80,80,80,80,80,80,80,80,80,80,80,80,80,80,80,80,80,80,80,80,80,80,80,80,80,80,80,84,84,84,88,88,88,88,91,91,91,91,91],"card_choices":[{"not_picked":["Thunderclap","Body Slam"],"picked":"Battle Trance","floor":0.0},{"not_picked":["Dropkick","Infernal Blade"],"picked":"Shrug It Off","floor":1.0},{"not_picked":["Battle Trance","Perfected Strike"],"picked":"Flame Barrier","floor":2.0},{"not_picked":["Pommel Strike","Havoc"],"picked":"Cleave","floor":3.0},{"not_picked":["Havoc","Feel No Pain"],"picked":"Flex","floor":4.0},{"not_picked":["Second Wind","Clothesline"],"picked":"Rampage","floor":5.0},{"not_picked":["Demon Form","Headbutt"],"picked":"Anger","floor":6.0},{"not_picked":["Flex","Sword Boomerang"],"picked":"Body Slam","floor":8.0},{"not_picked":["Exhume","True Grit"],"picked":"Body Slam","floor":12.0},{"not_picked":["Iron Wave","Headbutt"],"picked":"Shrug It Off","floor":14.0},{"not_picked":["Exhume","Demon Form"],"picked":"Offering","floor":16.0},{"not_picked":["Combust","Inflame"],"picked":"Twin Strike+1","floor":18.0},{"not_picked":["Pommel Strike","Armaments","Cleave"],"picked":"SKIP","floor":19.0},{"not_picked":["Bloodletting","Dual Wield"],"picked":"Shrug It Off","floor":20.0},{"not_picked":["Bloodletting+1","Reckless Charge"],"picked":"Flame Barrier","floor":21.0},{"not_picked":["Wild Strike+1","Perfected Strike","Iron Wave"],"picked":"SKIP","floor":24.0},{"not_picked":["Heavy Blade","Thunderclap"],"picked":"Sentinel","floor":28.0},{"not_picked":["Clash","Iron Wave"],"picked":"True Grit+1","floor":29.0},{"not_picked":["Ghostly Armor","Havoc"],"picked":"Battle Trance+1","floor":31.0},{"not_picked":["Demon Form","Limit Break"],"picked":"Feed","floor":33.0},{"not_picked":["Seeing Red","Blood for Blood+1"],"picked":"Shrug It Off","floor":35.0},{"not_picked":["Whirlwind","Shrug It Off"],"picked":"Seeing Red+1","floor":36.0},{"not_picked":["Fire Breathing","Clash"],"picked":"Shrug It Off+1","floor":38.0},{"not_picked":["Sword Boomerang+1","Wild Strike+1"],"picked":"Shockwave+1","floor":39.0},{"not_picked":["Sentinel+1","Berserk"],"picked":"Flame Barrier","floor":41.0},{"not_picked":["Pummel","Twin Strike+1"],"picked":"Body Slam+1","floor":42.0},{"not_picked":["Second Wind","Bloodletting"],"picked":"Flame Barrier+1","floor":45.0},{"not_picked":["Rampage+1","Havoc+1","Hemokinesis+1"],"picked":"SKIP","floor":46.0},{"not_picked":["Havoc","Burning Pact","Sword Boomerang"],"picked":"SKIP","floor":48.0}],"player_experience":36877,"relics_obtained":[{"floor":6.0,"key":"Unceasing Top"},{"floor":8.0,"key":"Paper Frog"},{"floor":9.0,"key":"Shuriken"},{"floor":26.0,"key":"Red Skull"},{"floor":43.0,"key":"Meat on the Bone"},{"floor":45.0,"key":"Pocketwatch"},{"floor":48.0,"key":"War Paint"}],"event_choices":[{"damage_healed":0.0,"max_hp_gain":0.0,"max_hp_loss":0.0,"gold_gain":0.0,"event_name":"Lab","player_choice":"Got Potions","floor":13.0,"gold_loss":0.0,"damage_taken":0.0},{"damage_healed":0.0,"max_hp_gain":0.0,"max_hp_loss":0.0,"gold_gain":90.0,"event_name":"Knowing Skull","player_choice":"GOLD ","floor":27.0,"potions_obtained":[],"gold_loss":0.0,"damage_taken":16.0,"cards_obtained":[]},{"damage_healed":0.0,"max_hp_gain":0.0,"max_hp_loss":0.0,"gold_gain":0.0,"event_name":"MindBloom","player_choice":"Fight","floor":45.0,"gold_loss":0.0,"damage_taken":0.0},{"cards_removed":["Rampage"],"damage_healed":0.0,"max_hp_gain":0.0,"max_hp_loss":0.0,"gold_gain":0.0,"event_name":"Falling","player_choice":"Removed Attack","floor":47.0,"gold_loss":0.0,"damage_taken":0.0}],"is_beta":false,"boss_relics":[{"not_picked":["Busted Crown","Snecko Eye"],"picked":"Sozu"},{"not_picked":["Runic Cube","Black Star"],"picked":"Runic Pyramid"}],"items_purged_floors":[11,22,37],"is_endless":false,"potions_floor_spawned":[1,4,5,8,14,19,20,33,39,46],"ascension_level":0}