{"gold_per_floor":[117,135,135,148,98,98,131,150,150,2,17,37,37,69,69,167,167,177,177,30,47,47,82,82,95,118,118,118],"floor_reached":28,"playtime":1074,"items_purged":["Strike_R+1"],"score":322,"play_id":"bd2c042f-c8c0-492e-9068-ef71a78d75a0","local_time":"20190713173548","is_ascension_mode":true,"campfire_choices":[{"floor":13,"key":"REST"},{"floor":15,"key":"REST"},{"floor":24,"key":"REST"}],"neow_cost":"NONE","seed_source_timestamp":30630421868559,"circlet_count":0,"master_deck":["Strike_R+1","Strike_R+1","Defend_R+1","Defend_R+1","Defend_R+1","Defend_R+1","Bash","Offering","Clothesline","Twin Strike","Feel No Pain","Cleave","Pommel Strike","Demon Form","Thunderclap","Shrug It Off","Heavy Blade","Impervious+1","Flex+1","Power Through+1","Sword Boomerang","Armaments+1","Corruption","Shrug It Off+1","Flame Barrier+1","Necronomicurse"],"relics":["Burning Blood","Darkstone Periapt","Thread and Needle","Incense Burner","Toxic Egg 2","Orrery","Self Forming Clay","Necronomicon"],"potions_floor_usage":[7,14,21,23],"damage_taken":[{"damage":6,"enemies":"Small Slimes","floor":1,"turns":3},{"damage":6,"enemies":"2 Louse","floor":2,"turns":2},{"damage":8,"enemies":"Jaw Worm","floor":4,"turns":3},{"damage":30,"enemies":"Gremlin Nob","floor":7,"turns":4},{"damage":6,"enemies":"2 Fungi Beasts","floor":8,"turns":2},{"damage":11,"enemies":"3 Louse","floor":11,"turns":3},{"damage":7,"enemies":"Looter","floor":12,"turns":4},{"damage":22,"enemies":"3 Sentries","floor":14,"turns":5},{"damage":23,"enemies":"Hexaghost","floor":16,"turns":8},{"damage":0,"enemies":"Chosen","floor":18,"turns":7},{"damage":5,"enemies":"Spheric Guardian","floor":21,"turns":6},{"damage":70,"enemies":"Gremlin Leader","floor":23,"turns":11},{"damage":6,"enemies":"Snake Plant","floor":25,"turns":5},{"damage":26,"enemies":"Book of Stabbing","floor":28,"turns":6}],"seed_played":"4964282290647455780","potions_obtained":[{"floor":4,"key":"Regen Potion"},{"floor":11,"key":"AttackPotion"},{"floor":12,"key":"Swift Potion"},{"floor":16,"key":"Block Potion"}],"is_trial":false,"path_per_floor":["M","M","?","M","?","?","E","M","T","$","M","M","R","E","R","B",null,"M","?","$","M","$","E","R","M","T","?","E"],"character_chosen":"IRONCLAD","items_purchased":["Demon Form","Corruption"],"campfire_rested":3,"item_purchase_floors":[10,20],"current_hp_per_floor":[72,72,65,63,63,38,26,26,26,26,21,20,44,28,52,35,69,75,75,75,76,76,12,36,36,36,26,0],"gold":118,"neow_bonus":"ONE_RANDOM_RARE_CARD","is_prod":false,"is_daily":false,"chose_seed":false,"campfire_upgraded":0,"win_rate":0,"timestamp":1563053748,"path_taken":["M","M","?","M","?","?","E","M","T","?","?","M","R","E","R","BOSS","M","?","$","M","$","E","R","M","T","?","E"],"build_version":"2019-07-05","purchased_purges":1,"victory":false,"max_hp_per_floor":[80,80,80,80,80,80,80,80,80,80,80,80,80,80,80,80,80,80,80,80,80,80,80,80,80,80,86,86],"card_choices":[{"not_picked":["Corruption","Sentinel"],"picked":"Clothesline","floor":1},{"not_picked":["Clash","Thunderclap"],"picked":"Twin Strike","floor":2},{"not_picked":["Entrench","Infernal Blade"],"picked":"Feel No Pain","floor":4},{"not_picked":["Perfected Strike","Flex"],"picked":"Cleave","floor":7},{"not_picked":["Hemokinesis","Cleave"],"picked":"Pommel Strike","floor":8},{"not_picked":["Infernal Blade","Wild Strike"],"picked":"Thunderclap","floor":11},{"not_picked":["Corruption","Twin Strike"],"picked":"Shrug It Off","floor":12},{"not_picked":["Sentinel","Demon Form"],"picked":"Heavy Blade","floor":14},{"not_picked":["Feed","Juggernaut"],"picked":"Impervious+1","floor":16},{"not_picked":["Pommel Strike","Perfected Strike"],"picked":"Flex+1","floor":17},{"not_picked":["Perfected Strike","Clothesline"],"picked":"Power Through+1","floor":17},{"not_picked":["Clothesline","Thunderclap"],"picked":"Sword Boomerang","floor":17},{"not_picked":["Thunderclap","Power Through+1"],"picked":"Armaments+1","floor":18},{"not_picked":["Pommel Strike","Perfected Strike"],"picked":"Shrug It Off+1","floor":21},{"not_picked":["Anger","Shrug It Off+1"],"picked":"Flame Barrier+1","floor":23},{"not_picked":["Clothesline","Heavy Blade","Dropkick"],"picked":"SKIP","floor":25},{"not_picked":["Clothesline","Heavy Blade","Dropkick"],"picked":"SKIP","floor":25}],"player_experience":287685,"relics_obtained":[{"floor":7,"key":"Thread and Needle"},{"floor":9,"key":"Incense Burner"},{"floor":14,"key":"Toxic Egg 2"},{"floor":23,"key":"Self Forming Clay"},{"floor":27,"key":"Necronomicon"}],"event_choices":[{"cards_removed":["Strike_R"],"damage_healed":0,"gold_gain":0,"player_choice":"Card Removal","damage_taken":7,"max_hp_gain":0,"max_hp_loss":0,"event_name":"Golden Wing","floor":3,"gold_loss":0},{"cards_removed":["Strike_R"],"damage_healed":0,"gold_gain":0,"player_choice":"Card Removal","damage_taken":0,"max_hp_gain":0,"max_hp_loss":0,"event_name":"The Cleric","floor":5,"gold_loss":50},{"damage_healed":0,"gold_gain":0,"player_choice":"Success","damage_taken":25,"relics_obtained":["Darkstone Periapt"],"max_hp_gain":0,"max_hp_loss":0,"event_name":"Scrap Ooze","floor":6,"gold_loss":0},{"damage_healed":0,"gold_gain":0,"player_choice":"Simplicity","damage_taken":0,"max_hp_gain":0,"max_hp_loss":0,"event_name":"Back to Basics","floor":19,"gold_loss":0,"cards_upgraded":["Strike_R","Strike_R","Strike_R","Defend_R","Defend_R","Defend_R","Defend_R"]},{"damage_healed":0,"gold_gain":0,"player_choice":"Obtained Book","damage_taken":16,"max_hp_gain":0,"max_hp_loss":0,"event_name":"Cursed Tome","floor":27,"gold_loss":0}],"is_beta":false,"boss_relics":[{"not_picked":["Sozu","Runic Dome"],"picked":"Orrery"}],"items_purged_floors":[20],"is_endless":false,"potions_floor_spawned":[4,11,12,16],"killed_by":"Book of Stabbing","ascension_level":6}