{"gold_per_floor":[121,151,175,187,214,226,249,261,273,62,91,102,120,137,137,233,233,218,237,255],"floor_reached":20,"playtime":875,"items_purged":["Defend_B"],"score":182,"play_id":"1afc6abf-4777-454a-9e62-77312ad730cf","local_time":"20190216215048","is_ascension_mode":false,"campfire_choices":[{"data":"Dualcast","floor":6,"key":"SMITH"},{"data":"Chaos","floor":8,"key":"SMITH"},{"floor":15,"key":"REST"}],"neow_cost":"NONE","seed_source_timestamp":215539916697815,"circlet_count":0,"master_deck":["Strike_B","Strike_B","Strike_B","Defend_B","Defend_B","Defend_B","Zap","Dualcast+1","Leap","Static Discharge","Ball Lightning","Machine Learning","Loop","Chaos+1","Redo","Auto Shields","Recycle","Cold Snap","Echo Form","FTL","Stack+1"],"relics":["Cracked Core","MawBank","Mummified Hand","Omamori","Pocketwatch","Coffee Dripper"],"potions_floor_usage":[14],"damage_taken":[{"damage":3,"enemies":"Jaw Worm","floor":1,"turns":4},{"damage":0,"enemies":"Cultist","floor":2,"turns":4},{"damage":2,"enemies":"Small Slimes","floor":3,"turns":4},{"damage":2,"enemies":"Blue Slaver","floor":5,"turns":3},{"damage":0,"enemies":"Large Slime","floor":7,"turns":5},{"damage":12,"enemies":"3 Sentries","floor":11,"turns":4},{"damage":11,"enemies":"Exordium Wildlife","floor":12,"turns":4},{"damage":13,"enemies":"Red Slaver","floor":13,"turns":3},{"damage":0,"enemies":"Gremlin Gang","floor":14,"turns":3},{"damage":9,"enemies":"Slime Boss","floor":16,"turns":8},{"damage":19,"enemies":"2 Thieves","floor":18,"turns":4},{"damage":8,"enemies":"3 Byrds","floor":19,"turns":5},{"damage":19,"enemies":"Cultist and Chosen","floor":20,"turns":6}],"seed_played":"4974814091278215477","potions_obtained":[{"floor":2,"key":"GamblersBrew"},{"floor":11,"key":"Explosive Potion"},{"floor":12,"key":"LiquidBronze"},{"floor":14,"key":"Ancient Potion"}],"is_trial":false,"path_per_floor":["M","M","M","?","M","R","M","R","T","$","E","M","M","M","R","B",null,"M","M","M"],"character_chosen":"DEFECT","items_purchased":["Omamori"],"campfire_rested":1,"item_purchase_floors":[10],"current_hp_per_floor":[72,72,70,70,68,68,68,68,68,68,56,45,32,32,54,45,75,56,48,29],"gold":255,"neow_bonus":"RANDOM_COMMON_RELIC","is_prod":false,"is_daily":false,"chose_seed":false,"campfire_upgraded":2,"win_rate":0,"timestamp":1550321448,"path_taken":["M","M","M","?","M","R","M","R","T","?","E","M","M","M","R","BOSS","M","?","M"],"build_version":"2019-01-23","purchased_purges":1,"victory":false,"max_hp_per_floor":[75,75,75,75,75,75,75,75,75,75,75,75,75,75,75,75,75,75,75,75],"card_choices":[{"not_picked":["Turbo","Cold Snap"],"picked":"Leap","floor":1},{"not_picked":["Cold Snap","Redo"],"picked":"Static Discharge","floor":2},{"not_picked":["Beam Cell","Barrage"],"picked":"Ball Lightning","floor":3},{"not_picked":["Scrape","Hologram"],"picked":"Loop","floor":5},{"not_picked":["Sweeping Beam","Hologram"],"picked":"Chaos","floor":7},{"not_picked":["Aggregate","Ball Lightning"],"picked":"Redo","floor":11},{"not_picked":["Reboot","Rebound"],"picked":"Auto Shields","floor":12},{"not_picked":["Compile Driver","Loop"],"picked":"Recycle","floor":13},{"not_picked":["Compile Driver","Genetic Algorithm"],"picked":"Cold Snap","floor":14},{"not_picked":["Biased Cognition","Thunder Strike"],"picked":"Echo Form","floor":16},{"not_picked":["Barrage+1","Redo"],"picked":"FTL","floor":18},{"not_picked":["Redo","Conserve Battery"],"picked":"Stack+1","floor":19}],"player_experience":236363,"relics_obtained":[{"floor":9,"key":"Mummified Hand"},{"floor":11,"key":"Pocketwatch"}],"event_choices":[{"damage_healed":0,"gold_gain":0,"cards_transformed":["Strike_B"],"player_choice":"Transformed","damage_taken":0,"max_hp_gain":0,"max_hp_loss":0,"event_name":"Transmorgrifier","floor":4,"gold_loss":0,"cards_obtained":["Machine Learning"]}],"is_beta":false,"boss_relics":[{"not_picked":["Velvet Choker","Philosopher\u0027s Stone"],"picked":"Coffee Dripper"}],"items_purged_floors":[10],"is_endless":false,"potions_floor_spawned":[2,11,12,14,16,18],"killed_by":"Cultist and Chosen","ascension_level":0}