{"path_per_floor":["M","?","$","M","M","E","R","?","T","M","E","M","M","E","R","B",null,"M","M","?","?","M","R","E","?","T","M","$","E","M","M","R","B",null,"M","?","$","?","M","M","R","E","T","M","M","$","M","E","R","B"],"character_chosen":"THE_SILENT","items_purchased":["War Paint","Blood Vial","Ornamental Fan"],"gold_per_floor":[111,111,36,56,75,109,109,109,109,128,159,172,183,213,213,312,312,328,339,339,339,349,349,375,290,313,330,29,55,74,93,93,196,226,243,294,194,194,206,221,221,256,256,267,280,41,52,84,84,84],"floor_reached":51,"campfire_rested":0,"playtime":5070,"current_hp_per_floor":[69,69,69,69,69,65,65,62,62,62,46,46,46,46,46,39,70,70,63,63,47,40,40,29,29,29,31,31,35,38,38,38,35,85,85,71,71,71,75,79,79,81,81,85,95,95,77,92,92,75],"items_purged":["Writhe","Dodge and Roll"],"gold":84,"play_id":"8e67f400-7aaa-4eac-b57e-7cad54f89748","is_prod":false,"is_daily":false,"is_ascension_mode":true,"campfire_upgraded":6,"path_taken":["M","?","$","M","?","E","R","?","T","?","E","M","M","E","R","BOSS","M","M","?","?","?","R","E","?","T","M","?","E","?","M","R","BOSS","M","?","?","?","M","M","R","E","T","M","M","$","M","E","R","BOSS"],"build_version":"2018-01-30-BETA2","purchased_purges":2,"victory":true,"master_deck":["Defend_G+1","Defend_G+1","Defend_G+1","Strike_G+1","Strike_G+1","Strike_G+1","Strike_G+1","Survivor","Neutralize+1","Venomology+1","Quick Slash+1","Dagger Throw","Blade Dance","Prepared+1","Masterful Stab+1","Malaise+1","Prepared+1","Prepared+1","A Thousand Cuts+1","Dash+1","Eviscerate+1","A Thousand Cuts+1","Malaise+1","Prepared+1","Prepared+1","Poisoned Stab+1","Malaise+1"],"max_hp_per_floor":[70,70,70,70,70,70,70,70,70,70,70,70,70,70,70,70,70,70,70,70,70,70,70,70,70,70,72,72,74,76,76,76,78,85,87,89,89,89,91,93,93,93,93,95,95,95,97,109,109,109],"relics":["Ring of the Snake","Letter Opener","Tough Bandages","Torii","Bronze Scales","Regal Pillow","Astrolabe","Enchiridion","Snake Skull","Matryoshka","Ancient Tea Set","Singing Bowl","War Paint","Blood Vial","Toolbox","Tiny House","Gambling Chip","Anchor","Whetstone","Tingsha","Ornamental Fan","Pear"],"card_choices":[{"not_picked":["Burst","Bullet Time"],"picked":"Venomology"},{"not_picked":["Dash","Footwork"],"picked":"Quick Slash"},{"not_picked":["Poisoned Stab","Sucker Punch"],"picked":"Dagger Throw"},{"not_picked":["Slice","Finisher"],"picked":"Blade Dance"},{"not_picked":["Dodge and Roll","Dagger Spray"],"picked":"Prepared"},{"not_picked":["Sucker Punch","Backflip"],"picked":"Masterful Stab"},{"not_picked":["Corpse Explosion","Skewer"],"picked":"Outmaneuver"},{"not_picked":["Poisoned Stab","Sucker Punch"],"picked":"Malaise"},{"not_picked":["Dagger Spray","Dodge and Roll"],"picked":"Prepared"},{"not_picked":["Flying Knee","Distraction"],"picked":"Prepared"},{"not_picked":["Corpse Explosion","Unload"],"picked":"A Thousand Cuts"},{"not_picked":["Quick Slash","Poisoned Stab"],"picked":"Dodge and Roll"},{"not_picked":["Finisher","After Image"],"picked":"Malaise"},{"not_picked":["Catalyst","Sucker Punch"],"picked":"Prepared"},{"not_picked":["Eviscerate","Choke"],"picked":"Prepared"},{"not_picked":["Acrobatics","PiercingWail"],"picked":"Poisoned Stab"},{"not_picked":["Dagger Throw","Poisoned Stab"],"picked":"Malaise"}],"player_experience":28250,"potions_floor_usage":[1,4,4,5,6,6,6,6,11,11,12,14,16,16,16,16,24,24,24,24,29,30,31,33,33,33,33,36,36,36,42,42,42,45,47,47,47,48,50,50],"damage_taken":[{"damage":1,"enemies":"Cultist","floor":1,"turns":4},{"damage":0,"enemies":"Blue Slaver","floor":4,"turns":2},{"damage":0,"enemies":"2 Louse","floor":5,"turns":3},{"damage":4,"enemies":"Lagavulin","floor":6,"turns":7},{"damage":0,"enemies":"Lots of Slimes","floor":10,"turns":3},{"damage":16,"enemies":"Gremlin Nob","floor":11,"turns":5},{"damage":0,"enemies":"2 Fungi Beasts","floor":12,"turns":3},{"damage":0,"enemies":"Looter","floor":13,"turns":3},{"damage":0,"enemies":"3 Sentries","floor":14,"turns":3},{"damage":22,"enemies":"The Guardian","floor":16,"turns":10},{"damage":0,"enemies":"Spheric Guardian","floor":18,"turns":3},{"damage":7,"enemies":"2 Thieves","floor":19,"turns":3},{"damage":7,"enemies":"Snecko","floor":22,"turns":5},{"damage":23,"enemies":"Slavers","floor":24,"turns":5},{"damage":0,"enemies":"Snake Plant","floor":27,"turns":5},{"damage":0,"enemies":"Book of Stabbing","floor":29,"turns":5},{"damage":1,"enemies":"Cultist and Chosen","floor":30,"turns":5},{"damage":2,"enemies":"Snecko","floor":31,"turns":5},{"damage":7,"enemies":"Automaton","floor":33,"turns":7},{"damage":2,"enemies":"Flame Bruiser 1 Orb","floor":35,"turns":4},{"damage":21,"enemies":"Mysterious Sphere","floor":36,"turns":3},{"damage":0,"enemies":"Orb Walker","floor":39,"turns":2},{"damage":0,"enemies":"Flame Bruiser 2 Orb","floor":40,"turns":4},{"damage":0,"enemies":"Nemesis","floor":42,"turns":6},{"damage":0,"enemies":"Sphere and 2 Shapes","floor":44,"turns":2},{"damage":1,"enemies":"3 Darklings","floor":45,"turns":3},{"damage":26,"enemies":"Spire Growth","floor":47,"turns":5},{"damage":8,"enemies":"2 Orb Walkers","floor":48,"turns":3},{"damage":19,"enemies":"Awakened One","floor":50,"turns":13}],"event_choices":[{"event_name":"The Lab","player_choice":"Got Potions","floor":2,"damage_taken":0},{"event_name":"Scrap Ooze","player_choice":"success","floor":8,"damage_taken":3},{"event_name":"Back to Basics","player_choice":"Simplicity","floor":20,"damage_taken":0},{"event_name":"Cursed Tome","player_choice":"Obtained Book","floor":21,"damage_taken":0},{"event_name":"Addict","player_choice":"Obtained Relic","floor":25,"damage_taken":0},{"event_name":"Mysterious Sphere","player_choice":"Fight","floor":36,"damage_taken":0}],"boss_relics":[{"not_picked":["Velvet Choker","Sozu"],"picked":"Astrolabe"},{"not_picked":["Runic Dome","Eternal Feather"],"picked":"Tiny House"}],"potions_floor_spawned":[4,5,10,11,14,22,24,31,36,44,45],"seed_played":"-5346955295399846486","ascension_level":1,"is_trial":false}