{"path_per_floor":["M","M","M","?","M","R","M","$","T","E","?","M","M","$","R"],"character_chosen":"DEFECT","items_purchased":["Toolbox","Cold Snap"],"gold_per_floor":[111,130,146,321,332,332,349,14,37,63,37,50,62,17,17,17],"floor_reached":16,"campfire_rested":1,"playtime":1305,"current_hp_per_floor":[64,56,52,52,47,47,40,40,40,24,24,21,21,21,43,0],"items_purged":["Doubt"],"gold":17,"score":104,"play_id":"bd4cc8e5-685d-4159-b3ac-2bc3d888f6bc","local_time":"20180430065605","is_prod":false,"is_daily":false,"chose_seed":false,"is_ascension_mode":false,"campfire_upgraded":1,"timestamp":1525089365,"path_taken":["M","M","M","?","M","R","M","$","T","E","?","M","M","$","R","BOSS"],"build_version":"2018-04-27v3","seed_source_timestamp":1683846213261156,"purchased_purges":1,"victory":false,"master_deck":["Strike_B","Strike_B","Strike_B","Strike_B","Defend_B","Defend_B","Defend_B","Defend_B","Zap","Dualcast","Genetic Algorithm","Ball Lightning","Axe Kick","Chaos+1","Hologram","Reboot","Defragment","Conserve Battery","Cold Snap","Hologram"],"max_hp_per_floor":[75,75,75,75,75,75,75,75,75,75,75,75,75,75,75,75],"relics":["Cracked Core","Toolbox","Anchor","Dream Catcher"],"card_choices":[{"not_picked":["Hologram","Aggregate"],"picked":"Genetic Algorithm","floor":1},{"not_picked":["Self Repair","Sweeping Beam"],"picked":"Ball Lightning","floor":2},{"not_picked":["Storm","Blizzard"],"picked":"Axe Kick","floor":3},{"not_picked":["Chill","Leap"],"picked":"Chaos","floor":5},{"not_picked":["Capacitor","Genetic Algorithm"],"picked":"Hologram","floor":7},{"not_picked":["Reinforced Body","Steam Power"],"picked":"Reboot","floor":10},{"not_picked":["Blizzard","Impulse"],"picked":"Defragment","floor":12},{"not_picked":["Go for the Eyes","Axe Kick"],"picked":"Conserve Battery","floor":13},{"not_picked":["Genetic Algorithm","Ball Lightning"],"picked":"Hologram","floor":15}],"player_experience":113430,"potions_floor_usage":[10,16,16],"damage_taken":[{"damage":11,"enemies":"2 Louse","floor":1,"turns":3},{"damage":8,"enemies":"Small Slimes","floor":2,"turns":3},{"damage":4,"enemies":"Cultist","floor":3,"turns":4},{"damage":5,"enemies":"3 Louse","floor":5,"turns":4},{"damage":7,"enemies":"Blue Slaver","floor":7,"turns":2},{"damage":16,"enemies":"3 Sentries","floor":10,"turns":5},{"damage":3,"enemies":"Exordium Thugs","floor":12,"turns":4},{"damage":0,"enemies":"2 Fungi Beasts","floor":13,"turns":4},{"damage":44,"enemies":"Slime Boss","floor":16,"turns":12}],"event_choices":[{"event_name":"Liars Game","player_choice":"agreed","floor":4,"damage_taken":0},{"event_name":"World of Goop","player_choice":"Left","floor":11,"damage_taken":0}],"boss_relics":[],"potions_floor_spawned":[3,5,7],"seed_played":"-1006963799024375619","killed_by":"Slime Boss","ascension_level":0,"is_trial":false}