{"gold_per_floor":[115,115,129,129,140,140,140,140,140,160,160,160,160,120,120,120],"floor_reached":16,"playtime":312,"items_purged":[],"score":88,"play_id":"2b288051-5bbf-478a-855a-b89715e4d9bf","local_time":"20190909123438","is_ascension_mode":false,"campfire_choices":[{"data":"Perfected Strike","floor":6,"key":"SMITH"},{"data":"Bash","floor":8,"key":"SMITH"},{"data":"Metallicize","floor":15,"key":"SMITH"}],"neow_cost":"NONE","seed_source_timestamp":178404311024900,"circlet_count":0,"master_deck":["Strike_R","Strike_R","Strike_R","Strike_R","Strike_R","Defend_R","Defend_R","Defend_R","Bash+1","Clothesline","Perfected Strike+1","Spot Weakness","Evolve","Metallicize+1"],"relics":["Burning Blood","Prayer Wheel","Bottled Flame","Golden Idol","Lantern"],"potions_floor_usage":[],"damage_taken":[{"damage":5,"enemies":"Small Slimes","floor":1,"turns":4},{"damage":14,"enemies":"2 Louse","floor":3,"turns":3},{"damage":3,"enemies":"Jaw Worm","floor":5,"turns":3},{"damage":13,"enemies":"2 Fungi Beasts","floor":10,"turns":3},{"damage":51,"enemies":"The Guardian","floor":16,"turns":9}],"seed_played":"-8323741456625761514","potions_obtained":[{"floor":5,"key":"FearPotion"}],"is_trial":false,"path_per_floor":["M","?","M","?","M","R","?","R","T","M","$","?","T","$","R","B"],"character_chosen":"IRONCLAD","items_purchased":["Metallicize"],"campfire_rested":0,"item_purchase_floors":[14],"current_hp_per_floor":[88,81,73,73,76,76,76,76,76,69,69,47,47,47,47,0],"gold":120,"neow_bonus":"TEN_PERCENT_HP_BONUS","is_prod":false,"is_daily":false,"chose_seed":false,"campfire_upgraded":3,"win_rate":0,"timestamp":1568000078,"path_taken":["M","?","M","?","M","R","?","R","T","?","$","?","?","$","R","BOSS"],"build_version":"2019-07-17","purchased_purges":0,"victory":false,"max_hp_per_floor":[88,88,88,88,88,88,88,88,88,88,88,88,88,88,88,88],"card_choices":[{"not_picked":["Ghostly Armor","Iron Wave"],"picked":"Clothesline","floor":1},{"not_picked":["Thunderclap","Wild Strike"],"picked":"Perfected Strike","floor":3},{"not_picked":["Iron Wave","Pommel Strike","Sever Soul"],"picked":"SKIP","floor":3},{"not_picked":["Ghostly Armor","True Grit"],"picked":"Spot Weakness","floor":5},{"not_picked":["Demon Form","Havoc","True Grit"],"picked":"SKIP","floor":5},{"not_picked":["Bloodletting","Hemokinesis"],"picked":"Evolve","floor":10},{"not_picked":["Warcry","Second Wind","Rupture"],"picked":"SKIP","floor":10}],"player_experience":383686,"relics_obtained":[{"floor":9,"key":"Bottled Flame"},{"floor":13,"key":"Lantern"}],"event_choices":[{"damage_healed":0,"gold_gain":0,"player_choice":"Success","damage_taken":7,"relics_obtained":["Prayer Wheel"],"max_hp_gain":0,"max_hp_loss":0,"event_name":"Scrap Ooze","floor":2,"gold_loss":0},{"damage_healed":0,"gold_gain":0,"player_choice":"Ignored","damage_taken":0,"max_hp_gain":0,"max_hp_loss":0,"event_name":"Liars Game","floor":4,"gold_loss":0},{"cards_removed":["Defend_R"],"damage_healed":0,"gold_gain":0,"player_choice":"Forget","damage_taken":0,"max_hp_gain":0,"max_hp_loss":0,"event_name":"Living Wall","floor":7,"gold_loss":0},{"damage_healed":0,"gold_gain":0,"player_choice":"Take Damage","damage_taken":22,"relics_obtained":["Golden Idol"],"max_hp_gain":0,"max_hp_loss":0,"event_name":"Golden Idol","floor":12,"gold_loss":0}],"is_beta":false,"boss_relics":[],"items_purged_floors":[],"is_endless":false,"potions_floor_spawned":[5],"killed_by":"The Guardian","ascension_level":0}