{"gold_per_floor":[118,137,155,60,74,74,88,113,138,34,34,51,63,74,74,170,170,186,196,52,67,77,110,125,159,159,159,169,79,108,134,146,158],"floor_reached":33,"playtime":1987,"items_purged":[],"score":340,"play_id":"36f4b7f2-3771-4531-be12-3d9c16fe768a","local_time":"20190620214449","is_ascension_mode":false,"campfire_choices":[{"data":"animator:Souei","floor":6,"key":"SMITH"},{"data":"Enlightenment","floor":11,"key":"SMITH"},{"data":"animator:Souei","floor":15,"key":"SMITH"},{"data":"animator:Ainz","floor":27,"key":"SMITH"},{"floor":32,"key":"REST"}],"neow_cost":"NONE","seed_source_timestamp":975205496376622,"circlet_count":0,"master_deck":["animator:Strike_Overlord+1","animator:Defend_Overlord","animator:Strike","animator:Strike","animator:Defend+1","animator:Defend","animator:Defend","animator:Cocytus+1","animator:PandorasActor+1","animator:Souei+1","animator:Megumin+6","Enlightenment+1","animator:Cocytus","animator:Scar+1","animator:Souei+1","animator:Ainz+1","animator:Entoma+1","animator:YunYun","animator:Saber","animator:Berserker"],"relics":["animator:PurgingStone_Cards","animator:TheMissingPiece","Busted Crown","Dream Catcher","PreservedInsect","Sozu","Happy Flower","StoneCalendar","Shovel","MawBank"],"potions_floor_usage":[8,16,33,33,33],"damage_taken":[{"damage":1,"enemies":"Cultist","floor":1,"turns":4},{"damage":0,"enemies":"2 Louse","floor":2,"turns":3},{"damage":3,"enemies":"Small Slimes","floor":3,"turns":3},{"damage":8,"enemies":"2 Fungi Beasts","floor":5,"turns":3},{"damage":0,"enemies":"Large Slime","floor":7,"turns":4},{"damage":4,"enemies":"Gremlin Nob","floor":8,"turns":3},{"damage":4,"enemies":"Blue Slaver","floor":12,"turns":3},{"damage":15,"enemies":"Exordium Thugs","floor":13,"turns":4},{"damage":4,"enemies":"Red Slaver","floor":14,"turns":3},{"damage":20,"enemies":"The Guardian","floor":16,"turns":8},{"damage":11,"enemies":"Spheric Guardian","floor":18,"turns":4},{"damage":0,"enemies":"3 Byrds","floor":19,"turns":3},{"damage":8,"enemies":"Snecko","floor":21,"turns":3},{"damage":10,"enemies":"Cultist and Chosen","floor":22,"turns":4},{"damage":12,"enemies":"Book of Stabbing","floor":23,"turns":3},{"damage":1,"enemies":"Snake Plant","floor":24,"turns":3},{"damage":0,"enemies":"Gremlin Leader","floor":25,"turns":4},{"damage":0,"enemies":"3 Cultists","floor":28,"turns":3},{"damage":31,"enemies":"Book of Stabbing","floor":30,"turns":4},{"damage":0,"enemies":"Shelled Parasite and Fungi","floor":31,"turns":2},{"damage":25,"enemies":"Collector","floor":33,"turns":7}],"seed_played":"-173104556022520540","potions_obtained":[{"floor":1,"key":"SteroidPotion"},{"floor":3,"key":"Block Potion"},{"floor":5,"key":"Block Potion"},{"floor":12,"key":"Weak Potion"},{"floor":16,"key":"Fire Potion"}],"is_trial":false,"path_per_floor":["M","M","M","$","M","R","M","E","T","$","R","M","M","M","R","B",null,"M","M","$","M","M","E","M","E","T","R","M","?","E","M","R","B"],"character_chosen":"THE_ANIMATOR","items_purchased":["Enlightenment","animator:Scar","animator:Souei","Happy Flower"],"campfire_rested":1,"item_purchase_floors":[4,10,10,20],"current_hp_per_floor":[71,71,68,68,60,60,60,56,56,56,56,52,37,33,33,13,72,61,61,61,53,43,31,30,32,32,32,32,32,1,1,23,0],"gold":158,"neow_bonus":"BOSS_RELIC","is_prod":false,"is_daily":false,"chose_seed":false,"campfire_upgraded":4,"win_rate":0.0,"timestamp":1561081489,"path_taken":["M","M","M","?","?","R","M","E","T","$","R","M","M","M","R","BOSS","M","M","$","M","M","E","M","E","T","R","M","?","E","M","R","BOSS"],"build_version":"2019-01-23","purchased_purges":0,"victory":false,"max_hp_per_floor":[72,72,72,72,72,72,72,72,72,72,72,72,72,72,72,72,72,72,72,72,72,72,72,72,74,74,74,74,74,74,74,74,74],"card_choices":[{"not_picked":[],"picked":"animator:Souei","floor":1},{"not_picked":[],"picked":"animator:Megumin","floor":2},{"not_picked":["animator:Rena"],"picked":"SKIP","floor":3},{"not_picked":[],"picked":"animator:Cocytus","floor":5},{"not_picked":["animator:Pride"],"picked":"SKIP","floor":7},{"not_picked":["animator:Tet"],"picked":"SKIP","floor":8},{"not_picked":["animator:Mitsuba"],"picked":"SKIP","floor":12},{"not_picked":["animator:Genos"],"picked":"SKIP","floor":14},{"not_picked":[],"picked":"animator:Ainz","floor":16},{"not_picked":["animator:CrowleyEusford"],"picked":"SKIP","floor":18},{"not_picked":[],"picked":"animator:Entoma","floor":21},{"not_picked":["animator:Benimaru"],"picked":"SKIP","floor":22},{"not_picked":[],"picked":"animator:YunYun","floor":23},{"not_picked":["animator:Nanami"],"picked":"SKIP","floor":25},{"not_picked":["animator:LizardPriest"],"picked":"SKIP","floor":28},{"not_picked":[],"picked":"animator:Saber","floor":30},{"not_picked":[],"picked":"animator:Berserker","floor":31}],"player_experience":494181,"relics_obtained":[{"floor":8,"key":"Dream Catcher"},{"floor":9,"key":"PreservedInsect"},{"floor":23,"key":"StoneCalendar"},{"floor":25,"key":"Shovel"},{"floor":30,"key":"MawBank"}],"event_choices":[{"cards_removed":["animator:Strike"],"damage_healed":0,"gold_gain":0,"player_choice":"Upgrade and Remove","damage_taken":0,"max_hp_gain":0,"max_hp_loss":0,"event_name":"Designer","floor":29,"gold_loss":90,"cards_upgraded":["animator:Strike_Overlord"]}],"is_beta":false,"boss_relics":[{"not_picked":["Ectoplasm","Pandora\u0027s Box"],"picked":"Sozu"}],"items_purged_floors":[],"is_endless":false,"potions_floor_spawned":[1,3,5,12,14,16,19,24,28,31],"killed_by":"Collector","ascension_level":0}