{"gold_per_floor":[114,114,131,131,150,150,175,175,175,193,193,225,251,251,251,251],"floor_reached":16,"playtime":471,"items_purged":[],"score":108,"play_id":"b15f2562-f2c8-4a23-9828-6608f7a4043c","local_time":"20190910232753","is_ascension_mode":false,"campfire_choices":[{"data":"Ragnarok","floor":6,"key":"SMITH"},{"data":"Adaptation","floor":11,"key":"SMITH"},{"data":"PathToVictory","floor":15,"key":"SMITH"}],"neow_cost":"NONE","seed_source_timestamp":276887608833328,"circlet_count":0,"master_deck":["Strike_P","Strike_P","Strike_P","Strike_P","Defend_P","Defend_P","Defend_P","Defend_P","Eruption","Vigilance","Adaptation+1","CutThroughFate","Bandage Up","Conclude","Ragnarok+1","PathToVictory+1","Unraveling"],"relics":["PureWater","NeowsBlessing","Mercury Hourglass","Eternal Feather","PreservedInsect","Happy Flower","TungstenRod","InkBottle"],"potions_floor_usage":[12,16],"damage_taken":[{"damage":0,"enemies":"2 Louse","floor":1,"turns":1},{"damage":0,"enemies":"Cultist","floor":3,"turns":1},{"damage":0,"enemies":"Jaw Worm","floor":5,"turns":1},{"damage":21,"enemies":"3 Sentries","floor":7,"turns":5},{"damage":0,"enemies":"Lots of Slimes","floor":10,"turns":2},{"damage":18,"enemies":"Gremlin Nob","floor":12,"turns":3},{"damage":43,"enemies":"The Guardian","floor":16,"turns":8}],"seed_played":"-1124259738261530595","potions_obtained":[{"floor":1,"key":"Fire Potion"},{"floor":8,"key":"StancePotion"},{"floor":8,"key":"SkillPotion"},{"floor":8,"key":"Poison Potion"},{"floor":10,"key":"Explosive Potion"}],"is_trial":false,"path_per_floor":["M","?","M","?","M","R","E","?","T","M","R","E","T","?","R","B"],"character_chosen":"WATCHER","items_purchased":[],"campfire_rested":0,"item_purchase_floors":[],"current_hp_per_floor":[65,65,65,65,65,65,44,44,44,48,57,43,43,25,34,0],"gold":251,"neow_bonus":"THREE_ENEMY_KILL","is_prod":false,"is_daily":false,"chose_seed":false,"campfire_upgraded":3,"win_rate":0.0,"timestamp":1568172473,"path_taken":["M","?","?","?","?","R","E","?","T","?","R","E","?","?","R","BOSS"],"build_version":"2019-09-10","purchased_purges":0,"victory":false,"max_hp_per_floor":[65,65,65,65,65,65,65,65,65,65,65,65,65,65,65,65],"card_choices":[{"not_picked":["SpiritShield","ThirdEye"],"picked":"Adaptation","floor":1},{"not_picked":["Halt","EmptyBody"],"picked":"Conclude","floor":3},{"not_picked":["EmptyBody","Halt"],"picked":"Ragnarok","floor":5},{"not_picked":["WaveOfTheHand","Brilliance"],"picked":"PathToVictory","floor":7},{"not_picked":["Worship","Perseverance","Swivel"],"picked":"SKIP","floor":10},{"not_picked":["FlurryOfBlows","WindmillStrike"],"picked":"Unraveling","floor":12}],"player_experience":174446,"relics_obtained":[{"floor":7,"key":"Eternal Feather"},{"floor":9,"key":"PreservedInsect"},{"floor":12,"key":"Happy Flower"},{"floor":13,"key":"TungstenRod"}],"event_choices":[{"damage_healed":0,"gold_gain":0,"player_choice":"2 cards matched","damage_taken":0,"max_hp_gain":0,"max_hp_loss":0,"event_name":"Match and Keep!","floor":2,"gold_loss":0,"cards_obtained":["CutThroughFate","Bandage Up"]},{"damage_healed":0,"gold_gain":0,"player_choice":"Gave Potion","damage_taken":0,"relics_obtained":["Mercury Hourglass"],"max_hp_gain":0,"max_hp_loss":0,"event_name":"WeMeetAgain","floor":4,"gold_loss":0},{"damage_healed":0,"gold_gain":0,"player_choice":"Got Potions","damage_taken":0,"max_hp_gain":0,"max_hp_loss":0,"event_name":"Lab","floor":8,"gold_loss":0},{"damage_healed":0,"gold_gain":0,"player_choice":"Success","damage_taken":18,"relics_obtained":["InkBottle"],"max_hp_gain":0,"max_hp_loss":0,"event_name":"Scrap Ooze","floor":14,"gold_loss":0}],"is_beta":true,"boss_relics":[],"items_purged_floors":[],"is_endless":false,"potions_floor_spawned":[1,10],"killed_by":"The Guardian","ascension_level":0}