{"path_per_floor":["M","?","T","M","?","E","R","M","T","R","?","R","E","$","R","B",null,"M","$","?","M","?","R","M","?","T","R","M","E","$","M","R","B",null,"M","M","M","?","M","R","M","R","T","?","$","R","M","M","R","B"],"character_chosen":"THE_SILENT","items_purchased":["Bag of Marbles","Swift Potion","Orichalcum","Lantern","Apotheosis","Swift Strike"],"gold_per_floor":[110,185,209,221,221,251,251,265,265,265,265,265,299,18,18,144,144,168,13,49,68,68,68,81,81,104,104,118,148,5,18,18,114,114,125,139,157,157,174,174,191,191,191,413,37,37,53,70,70,70],"floor_reached":51,"campfire_rested":0,"playtime":1895,"current_hp_per_floor":[70,59,59,59,59,69,69,69,69,69,49,49,47,47,47,10,80,80,80,80,80,80,80,80,80,80,80,80,87,87,87,87,26,87,87,87,74,63,48,48,53,53,55,60,60,60,67,72,72,8],"items_purged":["Regret","Skewer"],"gold":70,"score":850,"play_id":"c257a9e6-adba-480a-a4cc-b80e982cccb1","local_time":"20180430063329","is_prod":false,"is_daily":false,"chose_seed":false,"is_ascension_mode":false,"campfire_upgraded":1,"timestamp":1525088009,"path_taken":["M","?","?","M","?","E","R","M","T","R","?","R","E","?","R","BOSS","M","$","?","?","?","R","M","?","T","R","M","E","$","M","R","BOSS","M","M","M","?","M","R","M","R","T","?","$","R","M","M","R","BOSS"],"build_version":"2018-04-27v3","seed_source_timestamp":1681820636462682,"purchased_purges":3,"victory":true,"master_deck":["Survivor","Neutralize","Backstab+1","Dagger Throw","Slice","Backstab","Die Die Die+1","Prepared","Finisher+1","Poisoned Stab","Poisoned Stab","Acrobatics","PiercingWail","Dagger Throw","Acrobatics","Dagger Throw","Dodge and Roll+1","PiercingWail+1","Dagger Throw","Dagger Throw+1","Backflip","Poisoned Stab+1","Riddle With Holes+1","All Out Attack+1","Dagger Spray+1","Venomology","Dagger Throw+1","Backstab+1","Deflect+1","Madness","Madness","Slice+1","Apotheosis","Swift Strike+1","Prepared+1"],"max_hp_per_floor":[70,70,70,70,70,80,80,80,80,80,80,80,80,80,80,80,80,80,80,80,80,80,80,80,80,80,80,80,87,87,87,87,87,87,87,87,87,87,87,87,87,87,89,89,89,89,91,91,91,91],"relics":["Ring of the Snake","NeowsBlessing","Oddly Smooth Stone","War Paint","Pear","Shovel","The Specimen","Bloody Idol","Bird Faced Urn","Prayer Wheel","Bag of Marbles","Bottled Flame","Pandora\u0027s Box","Orichalcum","Red Mask","Shuriken","Whetstone","Molten Egg 2","Strawberry","Lantern","Ancient Tea Set","Sozu","Anchor","Ice Cream","Singing Bowl","Bag of Preparation","Blood Vial"],"card_choices":[{"not_picked":["PiercingWail","Sucker Punch"],"picked":"Backstab","floor":1},{"not_picked":["Dash","Dodge and Roll"],"picked":"Dagger Throw","floor":6},{"not_picked":["Dagger Spray","Dash"],"picked":"Slice","floor":8},{"not_picked":["Outmaneuver","Dodge and Roll"],"picked":"Backstab","floor":13},{"not_picked":["Glass Knife","Corpse Explosion"],"picked":"Die Die Die","floor":16},{"not_picked":["Outmaneuver","Deadly Poison"],"picked":"Dodge and Roll","floor":18},{"not_picked":["Dodge and Roll","Eviscerate"],"picked":"PiercingWail","floor":20},{"not_picked":["Riddle With Holes","Caltrops"],"picked":"Dagger Throw","floor":21},{"not_picked":["Dagger Spray","Crippling Poison"],"picked":"Dagger Throw","floor":24},{"not_picked":["Dagger Throw","Dodge and Roll"],"picked":"Poisoned Stab","floor":26},{"not_picked":["After Image","Expertise"],"picked":"Riddle With Holes","floor":28},{"not_picked":["Predator","Deadly Poison"],"picked":"All Out Attack","floor":29},{"not_picked":["Choke","Bane"],"picked":"Dagger Spray","floor":31},{"not_picked":["Tactician","Tools of the Trade"],"picked":"Venomology","floor":33},{"not_picked":["Prepared","Dagger Spray"],"picked":"Dagger Throw","floor":35},{"not_picked":["Bane","Backflip"],"picked":"Backstab","floor":36},{"not_picked":["Footwork","All Out Attack"],"picked":"Deflect","floor":37},{"not_picked":["Dagger Throw","Cloak And Dagger"],"picked":"Slice","floor":39},{"not_picked":["Deflect","Calculated Gamble"],"picked":"Prepared","floor":48}],"player_experience":111535,"potions_floor_usage":[13,16,16,21,29,29],"damage_taken":[{"damage":0,"enemies":"2 Louse","floor":1,"turns":1},{"damage":0,"enemies":"Small Slimes","floor":4,"turns":1},{"damage":0,"enemies":"Lagavulin","floor":6,"turns":1},{"damage":0,"enemies":"Cultist","floor":8,"turns":3},{"damage":2,"enemies":"3 Sentries","floor":13,"turns":6},{"damage":37,"enemies":"Slime Boss","floor":16,"turns":12},{"damage":0,"enemies":"2 Thieves","floor":18,"turns":1},{"damage":0,"enemies":"Masked Bandits","floor":20,"turns":2},{"damage":0,"enemies":"3 Byrds","floor":21,"turns":2},{"damage":0,"enemies":"Centurion and Healer","floor":24,"turns":3},{"damage":0,"enemies":"3 Cultists","floor":28,"turns":3},{"damage":0,"enemies":"Gremlin Leader","floor":29,"turns":1},{"damage":0,"enemies":"Cultist and Chosen","floor":31,"turns":2},{"damage":66,"enemies":"Champ","floor":33,"turns":9},{"damage":0,"enemies":"Orb Walker","floor":35,"turns":1},{"damage":0,"enemies":"Flame Bruiser 1 Orb","floor":36,"turns":2},{"damage":18,"enemies":"4 Shapes","floor":37,"turns":3},{"damage":20,"enemies":"Spire Growth","floor":39,"turns":3},{"damage":0,"enemies":"3 Darklings","floor":41,"turns":1},{"damage":0,"enemies":"4 Shapes","floor":47,"turns":1},{"damage":0,"enemies":"Flame Bruiser 2 Orb","floor":48,"turns":2},{"damage":66,"enemies":"Time Eater","floor":50,"turns":7}],"event_choices":[{"event_name":"World of Goop","player_choice":"Gather Gold","floor":2,"damage_taken":0},{"event_name":"Big Fish","player_choice":"Box","floor":5,"damage_taken":0},{"event_name":"Golden Idol","player_choice":"Take Damage","floor":11,"damage_taken":0},{"event_name":"Masked Bandits","player_choice":"Fought over 13 gold","floor":20,"damage_taken":0},{"event_name":"Forgotten Altar","player_choice":"Gave Idol","floor":22,"damage_taken":0},{"event_name":"The Library","player_choice":"Read","floor":25,"damage_taken":0},{"event_name":"Winding Halls","player_choice":"Embrace Madness","floor":38,"damage_taken":0},{"event_name":"Tomb of Lord Red Mask","player_choice":"Wore Mask","floor":44,"damage_taken":0}],"boss_relics":[{"not_picked":["Ectoplasm","Snecko Eye"],"picked":"Pandora\u0027s Box"},{"not_picked":["Runic Pyramid","Eternal Feather"],"picked":"Sozu"}],"potions_floor_spawned":[1,13,20,21,28,35,37,48],"seed_played":"-8522368736737411756","ascension_level":0,"is_trial":false}