{"gold_per_floor":[116,131,146,126,301,329,329,47,96,114,114,126,126,136,136,238,238,258,6,21,31,47,74,101,126,138,150,177,223,252,284,296,410,472,504,563,575,37,53,53,71,71,95,110,9,26,26,41,41,41],"floor_reached":50,"playtime":2594,"items_purged":["Doubt","Regret"],"score":642,"play_id":"b09cfdee-e731-4a72-914f-8ed31b418390","local_time":"20181130073827","is_ascension_mode":false,"campfire_choices":[{"data":"Genetic Algorithm","floor":7.0,"key":"SMITH"},{"data":"Sweeping Beam","floor":11.0,"key":"SMITH"},{"floor":15.0,"key":"REST"},{"floor":27,"key":"REST"},{"floor":32,"key":"REST"},{"data":"Seek","floor":40,"key":"SMITH"},{"floor":42,"key":"REST"},{"floor":49,"key":"REST"}],"neow_cost":"NONE","seed_source_timestamp":0,"circlet_count":0,"master_deck":["Zap","Dualcast","Panacea","Genetic Algorithm+1","Go for the Eyes","Beam Cell","Rebound","Sweeping Beam+1","Leap","Reboot","Machine Learning","Steam","Cold Snap","Rebound","Lockon","Steam","Storm","Redo","Rebound","Hologram+1","Ball Lightning","Gash+1","Ball Lightning","Compile Driver+1","Sunder","Undo","Rebound+1","Hello World","Tempest+1","Electrodynamics","Echo Form","Steam Power+1","Leap+1","Gash+1","Gash","All For One","Seek+1","Turbo+1","Conserve Battery","Gash","Turbo+1","Rebound+1"],"special_seed":0,"relics":["Cracked Core","Potion Belt","Lee\u0027s Waffle","Smiling Mask","Symbiotic Virus","Pandora\u0027s Box","Bronze Scales","MawBank","Dead Branch","Cables","Tiny House","Pocketwatch","Vajra","Toolbox"],"potions_floor_usage":[21,24,29,30,33,33,36,36,50,50,50,50],"damage_taken":[{"damage":1.0,"enemies":"Cultist","floor":1.0,"turns":3.0},{"damage":2.0,"enemies":"Small Slimes","floor":2.0,"turns":4.0},{"damage":4.0,"enemies":"2 Louse","floor":3.0,"turns":2.0},{"damage":53.0,"enemies":"3 Sentries","floor":6.0,"turns":9.0},{"damage":32.0,"enemies":"Exordium Wildlife","floor":10.0,"turns":5.0},{"damage":2.0,"enemies":"Blue Slaver","floor":12.0,"turns":2.0},{"damage":11.0,"enemies":"Large Slime","floor":14.0,"turns":5.0},{"damage":31.0,"enemies":"The Guardian","floor":16.0,"turns":11.0},{"damage":2,"enemies":"3 Byrds","floor":18,"turns":3},{"damage":11,"enemies":"Shell Parasite","floor":20,"turns":4},{"damage":24,"enemies":"Sentry and Sphere","floor":21,"turns":5},{"damage":1,"enemies":"Centurion and Healer","floor":22,"turns":6},{"damage":17,"enemies":"Book of Stabbing","floor":23,"turns":5},{"damage":0,"enemies":"Cultist and Chosen","floor":24,"turns":4},{"damage":8,"enemies":"Sentry and Sphere","floor":25,"turns":4},{"damage":6,"enemies":"Snake Plant","floor":28,"turns":4},{"damage":0,"enemies":"Gremlin Leader","floor":29,"turns":6},{"damage":0,"enemies":"3 Cultists","floor":30,"turns":4},{"damage":10,"enemies":"Cultist and Chosen","floor":31,"turns":4},{"damage":39,"enemies":"Champ","floor":33,"turns":12},{"damage":0,"enemies":"3 Shapes","floor":35,"turns":4},{"damage":11,"enemies":"2 Orb Walkers","floor":36,"turns":4},{"damage":11,"enemies":"Orb Walker","floor":39,"turns":2},{"damage":21,"enemies":"Sphere and 2 Shapes","floor":41,"turns":4},{"damage":0,"enemies":"Spire Growth","floor":44,"turns":4},{"damage":5,"enemies":"3 Darklings","floor":46,"turns":2},{"damage":3,"enemies":"Maw","floor":48,"turns":6},{"damage":108,"enemies":"Awakened One","floor":50,"turns":7}],"seed_played":"-7429550281695026882","potions_obtained":[{"floor":2.0,"key":"Regen Potion"},{"floor":3.0,"key":"Dexterity Potion"},{"floor":6.0,"key":"Fruit Juice"},{"floor":10.0,"key":"Ancient Potion"},{"floor":18,"key":"Explosive Potion"},{"floor":25,"key":"Weak Potion"},{"floor":28,"key":"PowerPotion"},{"floor":29,"key":"SkillPotion"},{"floor":30,"key":"SkillPotion"},{"floor":33,"key":"PowerPotion"},{"floor":34,"key":"Block Potion"},{"floor":39,"key":"Regen Potion"},{"floor":46,"key":"SneckoOil"},{"floor":48,"key":"PowerPotion"}],"is_trial":false,"path_per_floor":["M","M","M","?","?","E","R","$","T","M","R","M","?","M","R","B",null,"M","$","M","M","M","E","M","M","T","R","M","E","M","M","R","B",null,"M","?","?","$","M","R","M","R","T","M","$","M","?","M","R","B"],"character_chosen":"DEFECT","items_purchased":["Lee\u0027s Waffle","Ball Lightning","Bronze Scales","Gash","All For One","Vajra","Toolbox","Gash","Ancient Potion"],"campfire_rested":5,"item_purchase_floors":[8,19,19,38,38,38,38,45,45],"current_hp_per_floor":[74,72,68,68,68,35,35,87,87,55,55,53,53,42,68,37,87,85,85,74,50,49,32,32,24,24,50,44,44,44,34,60,21,92,92,81,81,81,70,70,49,76,76,76,76,71,71,68,92,0],"gold":41,"neow_bonus":"RANDOM_COLORLESS","is_prod":false,"is_daily":false,"chose_seed":false,"campfire_upgraded":3,"win_rate":0,"timestamp":1543585107,"path_taken":["M","M","?","?","?","E","R","$","T","M","R","M","?","M","R","BOSS","M","$","M","M","M","E","M","M","T","R","M","E","M","M","R","BOSS","M","?","?","?","M","R","M","R","T","M","?","M","?","M","R","BOSS"],"build_version":"2018-11-15","purchased_purges":2,"victory":false,"max_hp_per_floor":[75,75,75,75,75,80,80,87,87,87,87,87,87,87,87,87,87,87,87,87,87,87,87,87,87,87,87,87,87,87,87,87,87,92,92,92,92,92,92,92,92,92,92,92,92,92,92,92,92,92],"card_choices":[{"not_picked":["Cold Snap","Steam Power"],"picked":"Genetic Algorithm","floor":1.0},{"not_picked":["Coolheaded","Hologram"],"picked":"Go for the Eyes","floor":2.0},{"not_picked":["Skim","Redo"],"picked":"Beam Cell","floor":3.0},{"not_picked":["Barrage","Redo"],"picked":"Rebound","floor":6.0},{"not_picked":["Compile Driver","Blizzard"],"picked":"Sweeping Beam","floor":10.0},{"not_picked":["Steam","Redo"],"picked":"Leap","floor":12.0},{"not_picked":["Coolheaded","Redo"],"picked":"Reboot","floor":14.0},{"not_picked":["Biased Cognition","Fission"],"picked":"Machine Learning","floor":16.0},{"not_picked":["Stack","Recycle"],"picked":"Hologram+1","floor":18},{"not_picked":["Go for the Eyes","Beam Cell"],"picked":"Gash","floor":20},{"not_picked":["Streamline","Compile Driver"],"picked":"Ball Lightning","floor":21},{"not_picked":["Static Discharge","Stack"],"picked":"Compile Driver+1","floor":22},{"not_picked":["Rip and Tear","Turbo"],"picked":"Sunder","floor":23},{"not_picked":["Amplify","Doom and Gloom"],"picked":"Undo","floor":24},{"not_picked":["Storm","Chill+1"],"picked":"Rebound+1","floor":25},{"not_picked":["Hello World","Chaos","Go for the Eyes"],"picked":"SKIP","floor":28},{"not_picked":["Chaos","Go for the Eyes"],"picked":"Hello World","floor":28},{"not_picked":["Scrape+1","Ball Lightning"],"picked":"Tempest+1","floor":29},{"not_picked":["Turbo","Chill","Streamline"],"picked":"SKIP","floor":30},{"not_picked":["Stack","Undo"],"picked":"Electrodynamics","floor":31},{"not_picked":["Hyperbeam","Seek"],"picked":"Echo Form","floor":33},{"not_picked":["Steam","Redo+1"],"picked":"Steam Power+1","floor":34},{"not_picked":["Streamline+1","Rebound+1"],"picked":"Leap+1","floor":35},{"not_picked":["Conserve Battery","Darkness"],"picked":"Gash+1","floor":36},{"not_picked":["Melter+1","Static Discharge+1"],"picked":"Seek","floor":39},{"not_picked":["Ball Lightning+1","Skim"],"picked":"Turbo+1","floor":41},{"not_picked":["Leap","Hologram"],"picked":"Conserve Battery","floor":44},{"not_picked":["Coolheaded+1","Steam+1"],"picked":"Turbo+1","floor":46},{"not_picked":["Go for the Eyes+1","Leap"],"picked":"Rebound+1","floor":48}],"player_experience":302984,"relics_obtained":[{"floor":6.0,"key":"Potion Belt"},{"floor":9.0,"key":"Smiling Mask"},{"floor":23,"key":"MawBank"},{"floor":26,"key":"Dead Branch"},{"floor":29,"key":"Cables"},{"floor":36,"key":"Pocketwatch"}],"event_choices":[{"damage_healed":0.0,"max_hp_gain":0.0,"max_hp_loss":0.0,"gold_gain":0.0,"event_name":"World of Goop","player_choice":"Left Gold","floor":4.0,"gold_loss":20.0,"damage_taken":0.0},{"damage_healed":0.0,"max_hp_gain":0.0,"max_hp_loss":0.0,"gold_gain":175.0,"event_name":"Liars Game","player_choice":"AGREE","floor":5.0,"gold_loss":0.0,"damage_taken":0.0,"cards_obtained":["Doubt"]},{"damage_healed":0.0,"max_hp_gain":0.0,"max_hp_loss":0.0,"gold_gain":0.0,"event_name":"Big Fish","player_choice":"Box","floor":13.0,"gold_loss":0.0,"damage_taken":0.0,"relics_obtained":["Symbiotic Virus"],"cards_obtained":["Regret"]},{"damage_healed":0,"gold_gain":0,"player_choice":"Fight","damage_taken":0,"max_hp_gain":0,"max_hp_loss":0,"event_name":"Mysterious Sphere","floor":36,"gold_loss":0},{"damage_healed":0,"gold_gain":0,"player_choice":"Ignored","damage_taken":0,"max_hp_gain":0,"max_hp_loss":0,"event_name":"Tomb of Lord Red Mask","floor":37,"gold_loss":0},{"damage_healed":0,"gold_gain":0,"player_choice":"Memory 1","damage_taken":0,"max_hp_gain":0,"max_hp_loss":0,"event_name":"SensoryStone","floor":47,"gold_loss":0}],"is_beta":true,"boss_relics":[{"not_picked":["Runic Dome","Coffee Dripper"],"picked":"Pandora\u0027s Box"},{"not_picked":["Velvet Choker","Busted Crown"],"picked":"Tiny House"}],"items_purged_floors":[8,19],"is_endless":false,"potions_floor_spawned":[2,3,6,10,18,25,28,29,30,33,39,46,48],"killed_by":"Awakened One","ascension_level":0}