{"gold_per_floor":[418,429,429,198,210,210,227,240,314,314,333,347,357,357,357,458,458,470,480,304,319,182,215,228,327,377,377,392,452,452,452,452,554,554,572,572,487,500,202,212,212,223,246,257,272,291,25,56,56,56],"floor_reached":50,"playtime":2045,"items_purged":["Defend_B","Strike_B"],"score":585,"play_id":"85cfe4a3-25bb-4ddb-b63f-1d0dd6c12e91","local_time":"20190830074746","daily_mods":["Vintage","Diverse","Heirloom"],"is_ascension_mode":false,"campfire_choices":[{"data":"Zap","floor":6,"key":"SMITH"},{"data":"Dualcast","floor":10,"key":"SMITH"},{"data":"Strike_B","floor":15,"key":"SMITH"},{"data":"Chaos","floor":27,"key":"SMITH"},{"data":"Defragment","floor":30,"key":"SMITH"},{"data":"Defend_B","floor":32,"key":"SMITH"},{"data":"Venomology","floor":41,"key":"SMITH"},{"data":"Loop","floor":49,"key":"SMITH"}],"neow_cost":"","seed_source_timestamp":1199811247174400,"circlet_count":0,"master_deck":["Strike_B+1","Strike_B+1","Defend_B+1","Defend_B+1","Defend_B+1","Zap+1","Dualcast+1","Venomology+1","Chaos+1","Infinite Blades","Defragment+1","Die Die Die+1","Self Repair","Loop+1"],"relics":["Cracked Core","Old Coin","StoneCalendar","DataDisk","Membership Card","Mummified Hand","Peace Pipe","Blue Candle","Meat on the Bone","War Paint","Du-Vu Doll","Dodecahedron","Shuriken","Busted Crown","Pen Nib","Vajra","Chemical X","PreservedInsect","TheAbacus","Bag of Preparation","Centennial Puzzle","Potion Belt","Gremlin Horn","Tiny Chest","Black Star","Mercury Hourglass","Letter Opener","Symbiotic Virus","Toolbox","Strawberry","Ancient Tea Set","Darkstone Periapt","Boot","Juzu Bracelet","Happy Flower","Omamori","Whetstone","Dream Catcher","Frozen Eye","Blood Vial","Oddly Smooth Stone"],"potions_floor_usage":[18,19,21,23,23,23,29,33,38,40,42,45,46,48,50,50,50,50],"damage_taken":[{"damage":1,"enemies":"Jaw Worm","floor":1,"turns":4},{"damage":1,"enemies":"Cultist","floor":2,"turns":4},{"damage":0,"enemies":"2 Louse","floor":5,"turns":2},{"damage":8,"enemies":"Large Slime","floor":7,"turns":5},{"damage":6,"enemies":"Exordium Thugs","floor":8,"turns":4},{"damage":0,"enemies":"Blue Slaver","floor":11,"turns":2},{"damage":0,"enemies":"Exordium Wildlife","floor":12,"turns":2},{"damage":1,"enemies":"Gremlin Gang","floor":13,"turns":4},{"damage":25,"enemies":"The Guardian","floor":16,"turns":9},{"damage":0,"enemies":"3 Byrds","floor":18,"turns":3},{"damage":0,"enemies":"Spheric Guardian","floor":19,"turns":3},{"damage":13,"enemies":"Chosen and Byrds","floor":21,"turns":5},{"damage":43,"enemies":"Slavers","floor":23,"turns":5},{"damage":3,"enemies":"Snecko","floor":24,"turns":5},{"damage":12,"enemies":"Sentry and Sphere","floor":28,"turns":4},{"damage":5,"enemies":"Gremlin Leader","floor":29,"turns":3},{"damage":29,"enemies":"Automaton","floor":33,"turns":7},{"damage":0,"enemies":"Orb Walker","floor":35,"turns":2},{"damage":7,"enemies":"3 Darklings","floor":38,"turns":3},{"damage":0,"enemies":"Spire Growth","floor":40,"turns":3},{"damage":0,"enemies":"Jaw Worm Horde","floor":42,"turns":2},{"damage":0,"enemies":"4 Shapes","floor":44,"turns":1},{"damage":0,"enemies":"3 Darklings","floor":45,"turns":2},{"damage":0,"enemies":"Transient","floor":46,"turns":5},{"damage":13,"enemies":"Giant Head","floor":48,"turns":5},{"damage":83,"enemies":"Time Eater","floor":50,"turns":11}],"seed_played":"-1510628262235965070","potions_obtained":[{"floor":1,"key":"Ancient Potion"},{"floor":5,"key":"SpeedPotion"},{"floor":8,"key":"SpeedPotion"},{"floor":11,"key":"PowerPotion"},{"floor":29,"key":"Explosive Potion"},{"floor":35,"key":"Explosive Potion"}],"is_trial":true,"path_per_floor":["M","M","?","$","M","R","M","M","T","R","M","M","M","T","R","B",null,"M","M","$","M","$","E","M","?","T","R","M","E","R","?","R","B",null,"M","?","$","M","$","M","R","M","T","M","M","M","$","E","R","B"],"character_chosen":"DEFECT","items_purchased":["Membership Card","Chaos","Infinite Blades","Chemical X","Defragment","TheAbacus","Self Repair","Symbiotic Virus","Toolbox","Strawberry","Loop","Whetstone","Dream Catcher","Frozen Eye"],"campfire_rested":0,"item_purchase_floors":[4,20,20,20,22,22,37,39,39,39,47,47,47,47],"current_hp_per_floor":[74,73,66,66,66,66,58,52,52,52,52,52,51,51,51,38,75,75,75,75,62,62,43,40,40,40,40,40,47,47,47,47,30,75,75,75,75,75,82,82,82,82,82,82,82,82,82,76,76,0],"gold":56,"neow_bonus":"","is_prod":false,"is_daily":false,"chose_seed":false,"campfire_upgraded":8,"win_rate":0,"timestamp":1567118866,"path_taken":["M","M","?","$","M","R","M","M","T","R","M","M","M","?","R","BOSS","M","M","$","M","$","E","?","?","T","R","M","E","R","?","R","BOSS","M","?","$","M","?","M","R","M","T","M","M","M","$","E","R","BOSS"],"build_version":"2019-07-17","purchased_purges":2,"victory":false,"max_hp_per_floor":[75,75,75,75,75,75,75,75,75,75,75,75,75,75,75,75,75,75,75,75,75,75,75,75,75,75,75,75,75,75,75,75,75,75,75,75,75,75,82,82,82,82,82,82,82,82,82,82,82,82],"card_choices":[{"not_picked":["Reboot","Bludgeon"],"picked":"Venomology","floor":16},{"not_picked":["Rupture"],"picked":"SKIP","floor":23},{"not_picked":["Outmaneuver"],"picked":"SKIP","floor":29},{"not_picked":[],"picked":"Die Die Die","floor":33},{"not_picked":["Dagger Throw+1"],"picked":"SKIP","floor":48}],"player_experience":315238,"relics_obtained":[{"floor":1,"key":"StoneCalendar"},{"floor":2,"key":"DataDisk"},{"floor":5,"key":"Mummified Hand"},{"floor":7,"key":"Peace Pipe"},{"floor":8,"key":"Blue Candle"},{"floor":9,"key":"Meat on the Bone"},{"floor":11,"key":"War Paint"},{"floor":12,"key":"Du-Vu Doll"},{"floor":13,"key":"Dodecahedron"},{"floor":14,"key":"Shuriken"},{"floor":18,"key":"Pen Nib"},{"floor":19,"key":"Vajra"},{"floor":21,"key":"PreservedInsect"},{"floor":23,"key":"Bag of Preparation"},{"floor":24,"key":"Centennial Puzzle"},{"floor":26,"key":"Potion Belt"},{"floor":28,"key":"Gremlin Horn"},{"floor":29,"key":"Tiny Chest"},{"floor":35,"key":"Mercury Hourglass"},{"floor":38,"key":"Letter Opener"},{"floor":40,"key":"Ancient Tea Set"},{"floor":42,"key":"Darkstone Periapt"},{"floor":43,"key":"Boot"},{"floor":44,"key":"Juzu Bracelet"},{"floor":45,"key":"Happy Flower"},{"floor":46,"key":"Omamori"},{"floor":48,"key":"Blood Vial"},{"floor":48,"key":"Oddly Smooth Stone"}],"event_choices":[{"cards_removed":["Strike_B"],"damage_healed":0,"gold_gain":0,"player_choice":"Card Removal","damage_taken":7,"max_hp_gain":0,"max_hp_loss":0,"event_name":"Golden Wing","floor":3,"gold_loss":0},{"damage_healed":0,"gold_gain":99,"player_choice":"Stole From Cult","damage_taken":0,"max_hp_gain":0,"max_hp_loss":0,"event_name":"Nest","floor":25,"gold_loss":0},{"damage_healed":0,"gold_gain":0,"player_choice":"Ignored","damage_taken":0,"max_hp_gain":0,"max_hp_loss":0,"event_name":"Ghosts","floor":31,"gold_loss":0},{"damage_healed":0,"gold_gain":0,"player_choice":"Upgraded","damage_taken":0,"max_hp_gain":0,"max_hp_loss":0,"event_name":"Upgrade Shrine","floor":36,"gold_loss":0,"cards_upgraded":["Strike_B"]}],"is_beta":false,"boss_relics":[{"not_picked":["Inserter","Sozu"],"picked":"Busted Crown"},{"not_picked":["Velvet Choker","Cursed Key"],"picked":"Black Star"}],"items_purged_floors":[4,37],"is_endless":false,"potions_floor_spawned":[1,5,8,11,12,13,18,19,29,35,45,46],"killed_by":"Time Eater","ascension_level":0}