{"gold_per_floor":[112,112,127,140,158,158,174,174,174,174,200,211,243,256,256,256],"floor_reached":16,"playtime":545,"items_purged":[],"score":146,"play_id":"75e0f79e-9c47-47a0-b139-ce22ef324dc7","local_time":"20190909223331","is_ascension_mode":true,"campfire_choices":[{"data":"MentalFortress","floor":6,"key":"SMITH"},{"data":"Unraveling","floor":8,"key":"SMITH"},{"floor":15,"key":"REST"}],"neow_cost":"TEN_PERCENT_HP_LOSS","seed_source_timestamp":466925886318600,"circlet_count":0,"master_deck":["Strike_P","Strike_P","Strike_P","Strike_P","Defend_P","Defend_P","Defend_P","Defend_P","Eruption","Vigilance","MasterReality+1","ForeignInfluence","SandsOfTime","MentalFortress+1","Unraveling+1","Ragnarok","FearNoEvil","EmptyMind"],"relics":["PureWater","Letter Opener","Sundial","Ornamental Fan"],"potions_floor_usage":[11],"damage_taken":[{"damage":4,"enemies":"2 Louse","floor":1,"turns":3},{"damage":0,"enemies":"Cultist","floor":3,"turns":3},{"damage":1,"enemies":"Jaw Worm","floor":4,"turns":3},{"damage":10,"enemies":"Looter","floor":5,"turns":3},{"damage":16,"enemies":"Large Slime","floor":7,"turns":5},{"damage":11,"enemies":"Gremlin Nob","floor":11,"turns":3},{"damage":8,"enemies":"Red Slaver","floor":12,"turns":3},{"damage":0,"enemies":"Lagavulin","floor":13,"turns":5},{"damage":6,"enemies":"Exordium Thugs","floor":14,"turns":5},{"damage":35,"enemies":"Slime Boss","floor":16,"turns":3}],"seed_played":"-3122973479680013284","potions_obtained":[{"floor":1,"key":"FearPotion"},{"floor":12,"key":"Ancient Potion"},{"floor":13,"key":"Poison Potion"}],"is_trial":false,"path_per_floor":["M","?","M","M","M","R","M","R","T","?","E","M","E","M","R","B"],"character_chosen":"WATCHER","items_purchased":[],"campfire_rested":1,"item_purchase_floors":[],"current_hp_per_floor":[55,55,55,54,44,44,28,28,28,28,17,9,9,3,20,0],"gold":256,"neow_bonus":"THREE_RARE_CARDS","is_prod":false,"is_daily":false,"chose_seed":false,"campfire_upgraded":2,"win_rate":0,"timestamp":1568082811,"path_taken":["M","?","M","?","M","R","M","R","T","?","E","M","E","M","R","BOSS"],"build_version":"2019-09-09","purchased_purges":0,"victory":false,"max_hp_per_floor":[59,59,59,59,59,59,59,59,59,59,59,59,59,59,59,59],"card_choices":[{"not_picked":["Unraveling","Wallop"],"picked":"MasterReality","floor":0},{"not_picked":["Consecrate","JustLucky"],"picked":"ForeignInfluence","floor":1},{"not_picked":["Clarity","Sanctity"],"picked":"SandsOfTime","floor":3},{"not_picked":["ClearTheMind","CrushJoints","Weave"],"picked":"SKIP","floor":4},{"not_picked":["Crescendo","CrushJoints"],"picked":"MentalFortress","floor":5},{"not_picked":["ThirdEye","Crescendo"],"picked":"Unraveling","floor":7},{"not_picked":["Wireheading","Collect"],"picked":"Ragnarok","floor":11},{"not_picked":["FollowUp","Weave","Halt"],"picked":"SKIP","floor":12},{"not_picked":["Sanctity","Worship"],"picked":"FearNoEvil","floor":13},{"not_picked":["FlyingSleeves","ClearTheMind"],"picked":"EmptyMind","floor":14}],"player_experience":1920518,"relics_obtained":[{"floor":9,"key":"Letter Opener"},{"floor":11,"key":"Sundial"},{"floor":13,"key":"Ornamental Fan"}],"event_choices":[{"damage_healed":0,"gold_gain":0,"player_choice":"Upgraded","damage_taken":0,"max_hp_gain":0,"max_hp_loss":0,"event_name":"Upgrade Shrine","floor":2,"gold_loss":0,"cards_upgraded":["MasterReality"]},{"damage_healed":0,"gold_gain":0,"player_choice":"Ignored","damage_taken":0,"max_hp_gain":0,"max_hp_loss":0,"event_name":"Liars Game","floor":10,"gold_loss":0}],"is_beta":true,"boss_relics":[],"items_purged_floors":[],"is_endless":false,"potions_floor_spawned":[1,12,13],"killed_by":"Slime Boss","ascension_level":1}