{"gold_per_floor":[115,127,127,152,152,152,192,192,217,392,392,467,486,486,498,638,650,675,687],"floor_reached":19,"playtime":521,"items_purged":[],"score":215,"play_id":"2c3c5707-aa04-4eb3-b267-7598082f0405","local_time":"20190706200206","is_ascension_mode":true,"campfire_choices":[{"data":"Shrug It Off","floor":6,"key":"SMITH"},{"floor":8,"key":"REST"},{"data":"Reckless Charge","floor":11,"key":"SMITH"},{"floor":15,"key":"REST"}],"neow_cost":"NONE","seed_source_timestamp":39716207955011,"circlet_count":0,"master_deck":["Bash+1","Shrug It Off+1","Twin Strike","Reckless Charge+1","Wild Strike","Doubt","Anger","Fiend Fire","Immolate","Searing Blow","Disarm","Berserk","Corruption","Clash","Bloodletting","Bloodletting","Burning Pact","Wild Strike"],"relics":["Burning Blood","Golden Idol","Anchor","MawBank","Pandora\u0027s Box"],"potions_floor_usage":[16,19],"damage_taken":[{"damage":1,"enemies":"Cultist","floor":1,"turns":3},{"damage":0,"enemies":"2 Louse","floor":2,"turns":3},{"damage":0,"enemies":"Small Slimes","floor":4,"turns":3},{"damage":44,"enemies":"Gremlin Nob","floor":7,"turns":5},{"damage":8,"enemies":"Gremlin Gang","floor":13,"turns":5},{"damage":43,"enemies":"Slime Boss","floor":16,"turns":9},{"damage":33,"enemies":"Shell Parasite","floor":18,"turns":4},{"damage":50,"enemies":"Masked Bandits","floor":19,"turns":3}],"seed_played":"-6216975057945482282","potions_obtained":[{"floor":2,"key":"LiquidBronze"},{"floor":4,"key":"Strength Potion"}],"is_trial":false,"path_per_floor":["M","M","?","M","?","R","E","R","T","?","R","?","M","?","R","B",null,"M","?"],"character_chosen":"IRONCLAD","items_purchased":[],"campfire_rested":2,"item_purchase_floors":[],"current_hp_per_floor":[77,80,60,66,71,71,33,58,58,58,58,50,48,45,70,33,72,45,0],"gold":687,"neow_bonus":"UPGRADE_CARD","is_prod":false,"is_daily":false,"chose_seed":false,"campfire_upgraded":2,"win_rate":0,"timestamp":1562457726,"path_taken":["M","M","?","M","?","R","E","R","T","?","R","?","?","?","R","BOSS","M","?"],"build_version":"2019-07-05","purchased_purges":0,"victory":false,"max_hp_per_floor":[80,80,80,80,85,85,85,85,85,85,85,85,85,85,85,85,85,85,85],"card_choices":[{"not_picked":["Anger","Shockwave"],"picked":"Shrug It Off","floor":1},{"not_picked":["Sword Boomerang","Body Slam"],"picked":"Twin Strike","floor":2},{"not_picked":["Warcry","Bloodletting"],"picked":"Reckless Charge","floor":4},{"not_picked":["Corruption","Thunderclap"],"picked":"Wild Strike","floor":7},{"not_picked":["Shrug It Off","Body Slam"],"picked":"Anger","floor":13},{"not_picked":["Offering","Exhume"],"picked":"Fiend Fire","floor":16},{"not_picked":["Infernal Blade","Rampage"],"picked":"Wild Strike","floor":18}],"player_experience":265029,"relics_obtained":[{"floor":7,"key":"Anchor"}],"event_choices":[{"damage_healed":0,"gold_gain":0,"player_choice":"Take Damage","damage_taken":20,"relics_obtained":["Golden Idol"],"max_hp_gain":0,"max_hp_loss":0,"event_name":"Golden Idol","floor":3,"gold_loss":0},{"damage_healed":0,"gold_gain":0,"player_choice":"Donut","damage_taken":0,"max_hp_gain":5,"max_hp_loss":0,"event_name":"Big Fish","floor":5,"gold_loss":0},{"damage_healed":0,"gold_gain":175,"player_choice":"AGREE","damage_taken":0,"max_hp_gain":0,"max_hp_loss":0,"event_name":"Liars Game","floor":10,"gold_loss":0,"cards_obtained":["Doubt"]},{"damage_healed":0,"gold_gain":75,"player_choice":"Touch","damage_taken":8,"max_hp_gain":0,"max_hp_loss":0,"event_name":"FaceTrader","floor":12,"gold_loss":0},{"damage_healed":0,"gold_gain":0,"player_choice":"Success","damage_taken":3,"relics_obtained":["MawBank"],"max_hp_gain":0,"max_hp_loss":0,"event_name":"Scrap Ooze","floor":14,"gold_loss":0},{"damage_healed":0,"gold_gain":0,"player_choice":"Fought Bandits","damage_taken":0,"max_hp_gain":0,"max_hp_loss":0,"event_name":"Masked Bandits","floor":19,"gold_loss":0}],"is_beta":false,"boss_relics":[{"not_picked":["Busted Crown","Astrolabe"],"picked":"Pandora\u0027s Box"}],"items_purged_floors":[],"is_endless":false,"potions_floor_spawned":[2,4],"killed_by":"Masked Bandits","ascension_level":6}