{"path_per_floor":["M","M","M","?","?","R","$","E","T","M","$","M","$","M","R","B",null,"M","M","?","$","T","R","E","M","T","?","R","M","R","M","R"],"character_chosen":"IRONCLAD","items_purchased":["Hemokinesis","Reaper","Flex","Metallicize","Clash","Block Potion"],"gold_per_floor":[113,131,147,147,222,222,183,211,235,249,83,100,27,39,39,141,141,157,174,174,74,149,149,176,193,219,219,219,234,234,248,248],"floor_reached":33,"campfire_rested":4,"playtime":3634,"current_hp_per_floor":[80,71,70,70,59,59,59,52,52,55,55,58,58,72,72,41,80,62,42,42,42,42,66,41,34,34,34,58,36,60,57,80],"items_purged":[],"gold":248,"score":267,"play_id":"aa04a21b-aff7-4a1f-bc99-766f31f4693c","is_prod":false,"is_daily":false,"is_ascension_mode":false,"campfire_upgraded":2,"path_taken":["M","M","M","?","?","R","$","E","T","M","$","M","?","M","R","BOSS","M","?","?","$","?","R","E","M","T","?","R","M","R","M","R","BOSS"],"build_version":"2018-02-22-PROD2","purchased_purges":0,"victory":false,"master_deck":["Strike_R+1","Strike_R+1","Strike_R+1","Strike_R+1","Defend_R+1","Defend_R+1","Defend_R+1","Defend_R+1","Bash","Iron Wave+1","Rampage+1","Body Slam+1","Shrug It Off","Hemokinesis+1","Clothesline","Infernal Blade","Reaper","Flex","Sword Boomerang","Metallicize","Power Through","Bludgeon","Warcry","Armaments","Headbutt","Anger","Shrug It Off","Clash+1","Dropkick+1","Clash","Uppercut+1","Anger+1","Clash","Iron Wave+1"],"max_hp_per_floor":[80,80,80,80,80,80,80,80,80,80,80,80,80,80,80,80,80,80,80,80,80,80,80,80,80,80,80,80,80,80,80,80],"relics":["Burning Blood","War Paint","Whetstone","Orrery","Mercury Hourglass","Happy Flower","Ancient Tea Set"],"card_choices":[{"not_picked":["Rage","Perfected Strike"],"picked":"Iron Wave"},{"not_picked":["Battle Trance","Pommel Strike"],"picked":"Rampage"},{"not_picked":["Corruption","Searing Blow"],"picked":"Body Slam"},{"not_picked":["Uppercut","Armaments"],"picked":"Clothesline"},{"not_picked":["Iron Wave","Body Slam"],"picked":"Infernal Blade"},{"not_picked":["Thunderclap","Battle Trance"],"picked":"Sword Boomerang"},{"not_picked":["Dual Wield","Body Slam"],"picked":"Power Through"},{"not_picked":["Dark Embrace","Offering"],"picked":"Bludgeon"},{"not_picked":["Thunderclap","True Grit"],"picked":"Warcry"},{"not_picked":["Twin Strike","Perfected Strike"],"picked":"Armaments"},{"not_picked":["Thunderclap","Armaments"],"picked":"Headbutt"},{"not_picked":["Clothesline","Power Through"],"picked":"Anger"},{"not_picked":["True Grit","Headbutt"],"picked":"Shrug It Off"},{"not_picked":["Bludgeon","Dropkick"],"picked":"Clash"},{"not_picked":["Sever Soul","Armaments"],"picked":"Dropkick"},{"not_picked":["Impervious","Anger"],"picked":"Uppercut"},{"not_picked":["Intimidate","True Grit"],"picked":"Anger"},{"not_picked":["Reaper","Anger"],"picked":"Clash"},{"not_picked":["Shrug It Off","True Grit"],"picked":"Iron Wave"}],"player_experience":888,"potions_floor_usage":[8,16,16,18,33,33,33],"damage_taken":[{"damage":0,"enemies":"2 Louse","floor":1,"turns":2},{"damage":15,"enemies":"Cultist","floor":2,"turns":6},{"damage":7,"enemies":"Jaw Worm","floor":3,"turns":4},{"damage":28,"enemies":"3 Sentries","floor":8,"turns":7},{"damage":3,"enemies":"Gremlin Gang","floor":10,"turns":4},{"damage":11,"enemies":"Large Slime","floor":12,"turns":6},{"damage":4,"enemies":"2 Fungi Beasts","floor":14,"turns":3},{"damage":37,"enemies":"The Guardian","floor":16,"turns":10},{"damage":24,"enemies":"Shell Parasite","floor":18,"turns":8},{"damage":26,"enemies":"Chosen","floor":19,"turns":8},{"damage":31,"enemies":"Book of Stabbing","floor":24,"turns":7},{"damage":13,"enemies":"Snake Plant","floor":25,"turns":4},{"damage":28,"enemies":"Snecko","floor":29,"turns":5},{"damage":9,"enemies":"Centurion and Healer","floor":31,"turns":4},{"damage":86,"enemies":"Champ","floor":33,"turns":13}],"event_choices":[{"event_name":"Transmorgrifier","player_choice":"Transform","floor":4,"damage_taken":0},{"event_name":"World of Goop","player_choice":"Gather Gold","floor":5,"damage_taken":0},{"event_name":"Beggar","player_choice":"Ignored","floor":20,"damage_taken":0},{"event_name":"Back to Basics","player_choice":"Simplicity","floor":27,"damage_taken":0}],"boss_relics":[{"not_picked":["Runic Pyramid","Snecko Eye"],"picked":"Orrery"}],"potions_floor_spawned":[1,3,8,12,19,25,29],"seed_played":"5537382988464743177","killed_by":"Champ","ascension_level":0,"is_trial":false}