{"path_per_floor":["M","M","M","?","M","?","R","M","T","R","M","R","$","?","R","B",null],"character_chosen":"THE_SILENT","items_purchased":["Oddly Smooth Stone","Dodge and Roll"],"gold_per_floor":[20,30,47,122,134,234,234,251,274,274,294,294,18,18,18,113,113,83],"floor_reached":18,"campfire_rested":0,"playtime":2015,"current_hp_per_floor":[70,70,70,59,46,46,46,42,42,42,32,32,32,32,32,27,70,55],"items_purged":["Strike_G"],"gold":83,"score":152,"play_id":"bef626b2-cf52-4b52-a7fa-68f32981730f","local_time":"20180518184331","is_prod":false,"is_daily":false,"chose_seed":false,"is_ascension_mode":false,"campfire_upgraded":4,"timestamp":1526661811,"campfire_choices":[{"data":"Flechettes","floor":7,"key":"SMITH"},{"data":"Riddle With Holes","floor":10,"key":"SMITH"},{"data":"Malaise","floor":12,"key":"SMITH"},{"data":"Leg Sweep","floor":15,"key":"SMITH"}],"path_taken":["M","M","M","?","M","?","R","M","T","R","M","R","$","?","R","BOSS","M"],"build_version":"2018-05-17","seed_source_timestamp":19376321799761,"purchased_purges":1,"victory":false,"master_deck":["Defend_G","Defend_G","Defend_G","Strike_G","Strike_G","Strike_G","Survivor","Neutralize","Leg Sweep+1","Flechettes+1","Riddle With Holes+1","Malaise+1","Dodge and Roll","Predator","After Image"],"max_hp_per_floor":[70,70,70,70,70,70,70,70,70,70,70,70,70,70,70,70,70,70],"relics":["Ring of the Snake","Orichalcum","Oddly Smooth Stone","Lizard Tail"],"card_choices":[{"not_picked":["Dagger Throw","Terror"],"picked":"Leg Sweep","floor":1},{"not_picked":["Backstab","Deadly Poison"],"picked":"Flechettes","floor":2},{"not_picked":["Slice","Acrobatics","Dagger Throw"],"picked":"SKIP","floor":3},{"not_picked":["PiercingWail","Catalyst"],"picked":"Riddle With Holes","floor":5},{"not_picked":["Backstab","Predator","Sucker Punch"],"picked":"SKIP","floor":8},{"not_picked":["Bane","Deflect"],"picked":"Malaise","floor":11},{"not_picked":["Unload","Night Terror"],"picked":"After Image","floor":16}],"player_experience":75035,"potions_floor_usage":[],"damage_taken":[{"damage":0,"enemies":"Small Slimes","floor":1,"turns":4},{"damage":0,"enemies":"2 Louse","floor":2,"turns":3},{"damage":0,"enemies":"Cultist","floor":3,"turns":4},{"damage":13,"enemies":"3 Louse","floor":5,"turns":7},{"damage":4,"enemies":"Lots of Slimes","floor":8,"turns":6},{"damage":10,"enemies":"Exordium Thugs","floor":11,"turns":5},{"damage":5,"enemies":"Hexaghost","floor":16,"turns":13},{"damage":15,"enemies":"2 Thieves","floor":18,"turns":2}],"relics_obtained":[{"floor":9,"key":"Orichalcum"}],"event_choices":[{"event_name":"World of Goop","player_choice":"Gather Gold","floor":4,"damage_taken":0},{"event_name":"Golden Shrine","player_choice":"Pray","floor":6,"damage_taken":0},{"event_name":"Transmorgrifier","player_choice":"Transform","floor":14,"damage_taken":0}],"boss_relics":[{"not_picked":["Runic Dome","Runic Pyramid"],"picked":"Lizard Tail"}],"potions_floor_spawned":[3,5,8,11],"seed_played":"-392665675858306526","killed_by":"2 Thieves","ascension_level":0,"potions_obtained":[{"floor":3,"key":"Swift Potion"},{"floor":5,"key":"GamblersBrew"},{"floor":8,"key":"Swift Potion"}],"is_trial":false}