{"gold_per_floor":[110,110,128,78,3,3,338,1,1,1,1,24,24,49,49,177,177,200,8,8,8,27,41,41,58,81,96,96,19,34,45,45,147,147,159,22,32,50,62,95,95,123,123,123,123,133,19,31,31,31,31,31,7,33,45],"floor_reached":55,"playtime":3747,"items_purged":["Defend_B","Defend_B","Defend_B"],"score":809,"play_id":"61e12c3c-1a21-4ff3-8bf2-34dec2b50920","local_time":"20181201082231","is_ascension_mode":false,"campfire_choices":[{"data":"Sweeping Beam","floor":6,"key":"SMITH"},{"floor":15,"key":"REST"},{"data":"Zap","floor":28,"key":"SMITH"},{"data":"Scrape","floor":32,"key":"SMITH"},{"data":"1","floor":41,"key":"LIFT"},{"data":"2","floor":45,"key":"LIFT"},{"floor":49,"key":"RECALL"},{"data":"3","floor":52,"key":"LIFT"}],"neow_cost":"TEN_PERCENT_HP_LOSS","seed_source_timestamp":1324767607845505,"circlet_count":0,"master_deck":["Zap+1","Dualcast","Deep Breath","Blind","Gash","Sweeping Beam+1","Coolheaded","Scrape","Impatience","Chill","Leap","Scrape+1","Hologram+1","Turbo+1","Conserve Battery+1","Go for the Eyes+1","Ball Lightning+1","Consume+1","Machine Learning","FTL","Skim+1","Coolheaded+1","Seek+1","FTL","Defragment","Double Energy+1","Hologram+1","Scrape+1","Apotheosis+1","Gash","Parasite","Echo Form"],"relics":["Cracked Core","Old Coin","Membership Card","Incense Burner","Bloody Idol","Calipers","Inserter","Toxic Egg 2","Centennial Puzzle","Fusion Hammer","Girya","Singing Bowl","MawBank"],"potions_floor_usage":[14,16,23,27,30,33,33,39,50,50,50,55,55],"damage_taken":[{"damage":2,"enemies":"2 Louse","floor":1,"turns":2},{"damage":0,"enemies":"Small Slimes","floor":3,"turns":2},{"damage":11,"enemies":"Lagavulin","floor":7,"turns":6},{"damage":1,"enemies":"Jaw Worm","floor":12,"turns":2},{"damage":0,"enemies":"Looter","floor":14,"turns":1},{"damage":11,"enemies":"Hexaghost","floor":16,"turns":10},{"damage":2,"enemies":"3 Byrds","floor":18,"turns":5},{"damage":0,"enemies":"Chosen","floor":22,"turns":4},{"damage":5,"enemies":"Centurion and Healer","floor":23,"turns":8},{"damage":0,"enemies":"Snecko","floor":25,"turns":5},{"damage":10,"enemies":"Snake Plant","floor":27,"turns":4},{"damage":0,"enemies":"Cultist and Chosen","floor":30,"turns":4},{"damage":0,"enemies":"Chosen and Byrds","floor":31,"turns":4},{"damage":9,"enemies":"Collector","floor":33,"turns":7},{"damage":0,"enemies":"Orb Walker","floor":35,"turns":3},{"damage":3,"enemies":"3 Shapes","floor":37,"turns":2},{"damage":3,"enemies":"Spire Growth","floor":38,"turns":3},{"damage":3,"enemies":"Maw","floor":39,"turns":5},{"damage":0,"enemies":"Giant Head","floor":40,"turns":7},{"damage":27,"enemies":"Nemesis","floor":42,"turns":5},{"damage":0,"enemies":"Sphere and 2 Shapes","floor":46,"turns":3},{"damage":16,"enemies":"Writhing Mass","floor":48,"turns":4},{"damage":8,"enemies":"Awakened One","floor":50,"turns":7},{"damage":0,"enemies":"Shield and Spear","floor":54,"turns":3},{"damage":74,"enemies":"The Heart","floor":55,"turns":5}],"seed_played":"-7918112460970456618","potions_obtained":[{"floor":3,"key":"Explosive Potion"},{"floor":7,"key":"FearPotion"},{"floor":12,"key":"SteroidPotion"},{"floor":14,"key":"Block Potion"},{"floor":18,"key":"Ancient Potion"},{"floor":22,"key":"Block Potion"},{"floor":23,"key":"AttackPotion"},{"floor":27,"key":"FearPotion"},{"floor":38,"key":"Poison Potion"},{"floor":40,"key":"Strength Potion"},{"floor":44,"key":"FocusPotion"},{"floor":44,"key":"LiquidBronze"},{"floor":54,"key":"Poison Potion"}],"is_trial":false,"path_per_floor":["M","?","M","?","$","R","E","$","T","?","?","M","?","M","R","B",null,"M","$","?","?","M","M","?","M","T","M","R","$","M","M","R","B",null,"M","$","M","M","M","E","R","E","T","?","R","M","$","M","R","B",null,"R","$","E","B"],"character_chosen":"DEFECT","items_purchased":["Membership Card","Scrape","Impatience","Scrape","Toxic Egg 2","Hologram+1","FTL","Skim+1","FTL","Defragment","Apotheosis+1","Gash","Swift Potion"],"campfire_rested":1,"item_purchase_floors":[8,8,8,19,19,19,29,29,36,36,47,47,53],"current_hp_per_floor":[66,59,59,59,59,59,48,48,48,31,31,30,18,18,38,27,68,66,66,66,66,68,68,68,68,68,63,63,63,68,68,68,64,68,68,68,68,68,68,68,68,48,48,48,48,55,55,46,46,38,74,74,74,74,0],"gold":45,"neow_bonus":"RANDOM_COLORLESS_2","is_prod":false,"is_daily":false,"chose_seed":false,"campfire_upgraded":3,"win_rate":0,"timestamp":1543674151,"path_taken":["M","?","M","?","?","R","E","$","T","?","?","?","?","M","R","BOSS","M","$","?","?","M","M","?","M","T","?","R","$","M","M","R","BOSS","M","$","M","M","M","E","R","E","T","?","R","?","?","?","R","BOSS","R","$","E","BOSS"],"build_version":"2018-11-15","purchased_purges":3,"victory":false,"max_hp_per_floor":[68,68,68,68,68,68,68,68,68,68,68,68,68,68,68,68,68,68,68,68,68,68,68,68,68,68,68,68,68,68,68,68,68,68,68,68,68,68,68,68,68,70,70,70,70,72,72,74,74,74,74,74,74,74,74],"card_choices":[{"not_picked":["Streamline","Turbo"],"picked":"Gash","floor":1},{"not_picked":["Barrage","Thunder Strike"],"picked":"Sweeping Beam","floor":3},{"not_picked":["Streamline","Genetic Algorithm"],"picked":"Coolheaded","floor":7},{"not_picked":["Redo","Blizzard","Beam Cell"],"picked":"SKIP","floor":12},{"not_picked":["Redo","Storm"],"picked":"Chill","floor":14},{"not_picked":["Capacitor","Streamline"],"picked":"Leap","floor":18},{"not_picked":["Steam+1","Aggregate+1"],"picked":"Go for the Eyes+1","floor":22},{"not_picked":["Redo+1","Auto Shields+1"],"picked":"Ball Lightning+1","floor":23},{"not_picked":["Sweeping Beam","Rebound"],"picked":"Consume+1","floor":25},{"not_picked":["Redo+1","Chaos+1"],"picked":"Machine Learning","floor":27},{"not_picked":["Rip and Tear","Aggregate+1","Hello World+1"],"picked":"SKIP","floor":30},{"not_picked":["Loop","Conserve Battery+1"],"picked":"Coolheaded+1","floor":31},{"not_picked":["Creative AI","Fission+1"],"picked":"Seek+1","floor":33},{"not_picked":["Stack+1","BootSequence+1","Consume+1"],"picked":"SKIP","floor":35},{"not_picked":["Coolheaded+1","Leap+1"],"picked":"Double Energy+1","floor":37},{"not_picked":["Streamline+1","Glacier+1"],"picked":"Hologram+1","floor":38},{"not_picked":["Leap+1","Hello World"],"picked":"Scrape+1","floor":39},{"not_picked":["Barrage+1","Doom and Gloom+1","Tempest+1"],"picked":"SKIP","floor":40},{"not_picked":["Biased Cognition","Steam+1","Leap+1"],"picked":"Singing Bowl","floor":42},{"not_picked":["Auto Shields+1","Redo+1","Turbo+1"],"picked":"Singing Bowl","floor":46},{"not_picked":["Undo+1","Stack+1","Blizzard+1"],"picked":"Singing Bowl","floor":48},{"not_picked":["Beam Cell+1","Cold Snap"],"picked":"Echo Form","floor":54}],"player_experience":313315,"relics_obtained":[{"floor":7,"key":"Old Coin"},{"floor":9,"key":"Incense Burner"},{"floor":26,"key":"Centennial Puzzle"},{"floor":40,"key":"Girya"},{"floor":42,"key":"Singing Bowl"},{"floor":54,"key":"MawBank"}],"event_choices":[{"cards_removed":["Strike_B"],"damage_healed":0,"gold_gain":0,"player_choice":"Card Removal","damage_taken":7,"max_hp_gain":0,"max_hp_loss":0,"event_name":"Golden Wing","floor":2,"gold_loss":0},{"cards_removed":["Strike_B"],"damage_healed":0,"gold_gain":0,"player_choice":"Card Removal","damage_taken":0,"max_hp_gain":0,"max_hp_loss":0,"event_name":"The Cleric","floor":4,"gold_loss":50},{"damage_healed":0,"gold_gain":0,"player_choice":"Take Damage","damage_taken":17,"relics_obtained":["Golden Idol"],"max_hp_gain":0,"max_hp_loss":0,"event_name":"Golden Idol","floor":10,"gold_loss":0},{"cards_removed":["Strike_B"],"damage_healed":0,"gold_gain":0,"player_choice":"Forget","damage_taken":0,"max_hp_gain":0,"max_hp_loss":0,"event_name":"Living Wall","floor":11,"gold_loss":0},{"damage_healed":0,"gold_gain":0,"player_choice":"Success","damage_taken":12,"relics_obtained":["Calipers"],"max_hp_gain":0,"max_hp_loss":0,"event_name":"Scrap Ooze","floor":13,"gold_loss":0},{"damage_healed":0,"gold_gain":0,"cards_transformed":["Strike_B","Defend_B"],"player_choice":"Became Test Subject","damage_taken":0,"max_hp_gain":0,"max_hp_loss":0,"event_name":"Drug Dealer","floor":20,"gold_loss":0,"cards_obtained":["Turbo","Conserve Battery"]},{"damage_healed":0,"gold_gain":0,"player_choice":"Gave Idol","damage_taken":0,"relics_obtained":["Bloody Idol"],"max_hp_gain":0,"max_hp_loss":0,"event_name":"Forgotten Altar","floor":21,"relics_lost":["Golden Idol"],"gold_loss":0},{"damage_healed":0,"gold_gain":0,"player_choice":"Ignored","damage_taken":0,"max_hp_gain":0,"max_hp_loss":0,"event_name":"Vampires","floor":24,"gold_loss":0},{"damage_healed":0,"gold_gain":0,"player_choice":"Got Potions","damage_taken":0,"max_hp_gain":0,"max_hp_loss":0,"event_name":"Lab","floor":44,"gold_loss":0}],"is_beta":true,"boss_relics":[{"not_picked":["Runic Pyramid","Velvet Choker"],"picked":"Inserter"},{"not_picked":["Runic Dome","Calling Bell"],"picked":"Fusion Hammer"}],"items_purged_floors":[5,8,36],"is_endless":false,"potions_floor_spawned":[3,7,12,14,18,22,23,27,38,40,48,54],"killed_by":"The Heart","ascension_level":0}