{"path_per_floor":["M","M","$","M","?","R","M","R","T","R","M","?","M","M","R","B",null,"M","$","M","?","$","R","E","M","T","?","R","M","R","M","R"],"character_chosen":"DEFECT","items_purchased":["Turbo","Reinforced Body"],"gold_per_floor":[116,136,9,28,28,28,43,43,43,43,57,7,23,33,33,129,129,142,142,162,162,83,83,118,138,164,164,164,174,174,184,184,184],"floor_reached":33,"campfire_rested":2,"playtime":2082,"item_purchase_floors":[3,22],"current_hp_per_floor":[75,74,74,74,67,67,60,60,60,60,60,60,54,45,45,29,75,58,58,55,41,41,41,14,9,9,9,33,33,57,33,33,0],"items_purged":["Strike_B"],"gold":184,"score":259,"play_id":"a5f89d8c-157a-498f-9162-a9c475a2ce8e","local_time":"20180527122825","is_prod":false,"is_daily":false,"chose_seed":false,"is_ascension_mode":false,"campfire_upgraded":6,"win_rate":0,"timestamp":1527416905,"campfire_choices":[{"data":"Fusion","floor":6,"key":"SMITH"},{"data":"Fusion","floor":8,"key":"SMITH"},{"data":"Buffer","floor":10,"key":"SMITH"},{"data":"Zap","floor":15,"key":"SMITH"},{"data":"Reinforced Body","floor":23,"key":"SMITH"},{"floor":28,"key":"REST"},{"floor":30,"key":"REST"},{"data":"Sunder","floor":32,"key":"SMITH"}],"path_taken":["M","M","$","M","?","R","M","R","T","R","?","?","M","M","R","BOSS","M","?","M","?","$","R","E","M","T","?","R","M","R","M","R","BOSS"],"build_version":"2018-05-25","seed_source_timestamp":1652361499674,"purchased_purges":1,"victory":false,"master_deck":["Strike_B","Strike_B","Defend_B","Defend_B","Defend_B","Zap+1","Dualcast","Fusion+1","Turbo","Fusion+1","Buffer+1","FTL","Compile Driver","Hyperbeam","Sunder+1","Hologram","Streamline","Streamline","Rebound","Ball Lightning+1","Reinforced Body+1","Rebound","Leap+1","Self Repair"],"max_hp_per_floor":[75,75,75,75,75,75,75,75,75,75,75,75,75,75,75,75,75,75,75,75,80,80,80,80,80,80,80,80,80,80,80,80,80],"relics":["Cracked Core","Centennial Puzzle","Orrery","The Courier","Bag of Marbles"],"card_choices":[{"not_picked":["Beam Cell","Scrape","Compile Driver"],"picked":"SKIP","floor":1},{"not_picked":["Steam","Compile Driver"],"picked":"Fusion","floor":2},{"not_picked":["Melter","Sweeping Beam"],"picked":"Fusion","floor":4},{"not_picked":["Streamline","Coolheaded"],"picked":"Buffer","floor":7},{"not_picked":["Beam Cell","Rebound"],"picked":"FTL","floor":11},{"not_picked":["Redo","Coolheaded"],"picked":"Compile Driver","floor":13},{"not_picked":["Consume","Barrage","Melter"],"picked":"SKIP","floor":14},{"not_picked":["Amplify","Rainbow"],"picked":"Hyperbeam","floor":16},{"not_picked":["Consume","Beam Cell"],"picked":"Sunder","floor":17},{"not_picked":["Compile Driver","Rebound"],"picked":"Hologram","floor":17},{"not_picked":["Loop","Steam Power"],"picked":"Streamline","floor":17},{"not_picked":["Rip and Tear","Darkness"],"picked":"Streamline","floor":17},{"not_picked":["Streamline","Go for the Eyes"],"picked":"Rebound","floor":18},{"not_picked":["Go for the Eyes","Electrodynamics"],"picked":"Ball Lightning+1","floor":20},{"not_picked":["Streamline","Blizzard+1","Undo"],"picked":"SKIP","floor":24},{"not_picked":["Genetic Algorithm","Coolheaded"],"picked":"Rebound","floor":25},{"not_picked":["Ball Lightning","Hologram"],"picked":"Leap+1","floor":29},{"not_picked":["Ball Lightning+1","Steam"],"picked":"Self Repair","floor":31}],"player_experience":101448,"potions_floor_usage":[4,16,24,25,25,29,33],"damage_taken":[{"damage":0,"enemies":"Small Slimes","floor":1,"turns":2},{"damage":1,"enemies":"Jaw Worm","floor":2,"turns":3},{"damage":0,"enemies":"Cultist","floor":4,"turns":3},{"damage":7,"enemies":"3 Louse","floor":7,"turns":6},{"damage":0,"enemies":"Large Slime","floor":11,"turns":6},{"damage":6,"enemies":"Lots of Slimes","floor":13,"turns":6},{"damage":9,"enemies":"2 Fungi Beasts","floor":14,"turns":3},{"damage":16,"enemies":"Slime Boss","floor":16,"turns":10},{"damage":17,"enemies":"3 Byrds","floor":18,"turns":5},{"damage":3,"enemies":"Chosen","floor":20,"turns":4},{"damage":27,"enemies":"Book of Stabbing","floor":24,"turns":4},{"damage":5,"enemies":"Snecko","floor":25,"turns":4},{"damage":0,"enemies":"Centurion and Healer","floor":29,"turns":6},{"damage":24,"enemies":"Chosen and Byrds","floor":31,"turns":8},{"damage":38,"enemies":"Collector","floor":33,"turns":3}],"relics_obtained":[{"floor":9,"key":"Centennial Puzzle"},{"floor":24,"key":"The Courier"},{"floor":26,"key":"Bag of Marbles"}],"event_choices":[{"event_name":"Golden Wing","player_choice":"Card Removal","floor":5,"damage_taken":0},{"event_name":"The Cleric","player_choice":"Card Removal","floor":12,"damage_taken":0},{"event_name":"Forgotten Altar","player_choice":"Shed Blood","floor":21,"damage_taken":0},{"event_name":"Drug Dealer","player_choice":"Ignored","floor":27,"damage_taken":0}],"boss_relics":[{"not_picked":["Eternal Feather","Velvet Choker"],"picked":"Orrery"}],"items_purged_floors":[3],"potions_floor_spawned":[2,4,14,16,18,24,31],"seed_played":"-5305785487936486188","killed_by":"Collector","ascension_level":0,"potions_obtained":[{"floor":2,"key":"Poison Potion"},{"floor":4,"key":"SpeedPotion"},{"floor":14,"key":"PowerPotion"},{"floor":16,"key":"SteroidPotion"},{"floor":18,"key":"Swift Potion"},{"floor":24,"key":"Poison Potion"},{"floor":31,"key":"Dexterity Potion"}],"is_trial":false}