{"gold_per_floor":[114,39,51,1,12,12,46,46,46,58,58,75,75,75,75,173,173,193,193,193,55,67,67,94,94,118,50,68,168,179,179,179,277,277,296,313,329,345,359,359,370,370,370,389,489,489,508,62,62,62],"floor_reached":51,"playtime":2685,"items_purged":["Strike_B","Defend_B","Defend_B"],"score":669,"play_id":"79db790c-5679-4f62-b149-02c40b86c49f","local_time":"20190219174240","is_ascension_mode":false,"campfire_choices":[{"data":"Dualcast","floor":6,"key":"SMITH"},{"data":"Zap","floor":8,"key":"SMITH"},{"data":"Recycle","floor":11,"key":"SMITH"},{"data":"Undo","floor":13,"key":"SMITH"},{"data":"Rip and Tear","floor":15,"key":"SMITH"},{"data":"Defragment","floor":23,"key":"SMITH"},{"data":"Redo","floor":25,"key":"SMITH"},{"floor":32,"key":"REST"},{"floor":40,"key":"REST"},{"floor":42,"key":"REST"},{"data":"Buffer","floor":49,"key":"SMITH"}],"neow_cost":"NONE","seed_source_timestamp":458043079366033,"circlet_count":0,"master_deck":["Defend_B","Defend_B","Zap+1","Dualcast+1","Recycle+1","Undo+1","Rip and Tear+1","Melter","Steam","Ball Lightning","Electrodynamics","Hologram","Defragment+1","Static Discharge","Redo+1","Echo Form","Capacitor","Turbo+1","Streamline","Machine Learning","Buffer+1","Chaos+1","Loop+1","Chaos+1","Go for the Eyes+1","Reprogram+1","Hologram+1","Auto Shields+1","Conserve Battery","Leap+1","Melter","Redo+1","Glacier+1"],"relics":["Cracked Core","Centennial Puzzle","Pantograph","Regal Pillow","Nuclear Battery","Gremlin Horn","Bag of Preparation","Prayer Wheel","The Courier","Smiling Mask","Cursed Key","Girya","Thread and Needle","Bag of Marbles"],"potions_floor_usage":[7,22,29,39,50,50,50],"damage_taken":[{"damage":11,"enemies":"Jaw Worm","floor":1,"turns":2},{"damage":0,"enemies":"Small Slimes","floor":3,"turns":5},{"damage":1,"enemies":"2 Louse","floor":5,"turns":3},{"damage":5,"enemies":"Lagavulin","floor":7,"turns":7},{"damage":0,"enemies":"Gremlin Gang","floor":10,"turns":4},{"damage":0,"enemies":"Looter","floor":12,"turns":3},{"damage":13,"enemies":"Slime Boss","floor":16,"turns":8},{"damage":10,"enemies":"Chosen","floor":18,"turns":3},{"damage":0,"enemies":"2 Thieves","floor":22,"turns":2},{"damage":5,"enemies":"Slavers","floor":24,"turns":3},{"damage":13,"enemies":"3 Cultists","floor":28,"turns":3},{"damage":6,"enemies":"Colosseum Slavers","floor":29,"turns":3},{"damage":13,"enemies":"Colosseum Nobs","floor":29,"turns":4},{"damage":10,"enemies":"Sentry and Sphere","floor":30,"turns":4},{"damage":54,"enemies":"Collector","floor":33,"turns":7},{"damage":0,"enemies":"3 Shapes","floor":35,"turns":2},{"damage":13,"enemies":"3 Darklings","floor":36,"turns":2},{"damage":55,"enemies":"Writhing Mass","floor":37,"turns":6},{"damage":5,"enemies":"Spire Growth","floor":38,"turns":5},{"damage":1,"enemies":"Transient","floor":39,"turns":5},{"damage":2,"enemies":"4 Shapes","floor":41,"turns":2},{"damage":30,"enemies":"Writhing Mass","floor":44,"turns":5},{"damage":0,"enemies":"Mind Bloom Boss Battle","floor":45,"turns":5},{"damage":7,"enemies":"Spire Growth","floor":47,"turns":5},{"damage":65,"enemies":"Time Eater","floor":50,"turns":11}],"seed_played":"-7815938439435849849","potions_obtained":[{"floor":5,"key":"Energy Potion"},{"floor":10,"key":"Fire Potion"},{"floor":12,"key":"Fire Potion"},{"floor":16,"key":"Fire Potion"},{"floor":22,"key":"Block Potion"},{"floor":30,"key":"Dexterity Potion"},{"floor":33,"key":"Fire Potion"},{"floor":36,"key":"PowerPotion"},{"floor":41,"key":"Block Potion"}],"is_trial":false,"path_per_floor":["M","$","M","?","M","R","E","R","T","M","R","M","R","?","R","B",null,"M","?","?","$","M","R","E","R","T","$","M","?","M","?","R","B",null,"M","M","M","M","M","R","M","R","T","M","?","?","M","$","R","B",null],"character_chosen":"DEFECT","items_purchased":["Static Discharge","Capacitor","Thread and Needle","Bag of Marbles","PowerPotion"],"campfire_rested":3,"item_purchase_floors":[21,27,48,48,48],"current_hp_per_floor":[64,64,64,64,63,63,58,58,58,58,58,58,58,58,58,62,75,65,65,65,65,65,65,60,60,60,60,47,28,18,18,55,21,75,75,62,7,2,1,38,36,73,73,43,68,68,61,61,61,10],"gold":62,"neow_bonus":"RANDOM_COMMON_RELIC","is_prod":false,"is_daily":false,"chose_seed":false,"campfire_upgraded":8,"win_rate":0,"timestamp":1550565760,"path_taken":["M","$","M","?","M","R","E","R","T","M","R","M","R","?","R","BOSS","M","?","?","$","M","R","E","R","T","$","M","?","?","?","R","BOSS","M","M","?","M","M","R","M","R","T","M","?","?","?","$","R","BOSS"],"build_version":"2019-01-23","purchased_purges":3,"victory":true,"max_hp_per_floor":[75,75,75,75,75,75,75,75,75,75,75,75,75,75,75,75,75,75,75,75,75,75,75,75,75,75,75,75,75,75,75,75,75,75,75,75,75,75,75,75,75,75,75,75,75,75,75,75,75,75],"card_choices":[{"not_picked":["Redo","Reinforced Body"],"picked":"Recycle","floor":1},{"not_picked":["Loop","Hologram"],"picked":"Undo","floor":3},{"not_picked":["Gash","Reinforced Body"],"picked":"Rip and Tear","floor":5},{"not_picked":["Redo","Aggregate"],"picked":"Melter","floor":7},{"not_picked":["Force Field","Barrage"],"picked":"Steam","floor":10},{"not_picked":["Coolheaded","Reboot"],"picked":"Ball Lightning","floor":12},{"not_picked":["Creative AI","Amplify"],"picked":"Electrodynamics","floor":16},{"not_picked":["Gash","Go for the Eyes"],"picked":"Hologram","floor":18},{"not_picked":["Steam Power","Compile Driver"],"picked":"Redo","floor":22},{"not_picked":["Conserve Battery","Auto Shields"],"picked":"Echo Form","floor":24},{"not_picked":["Hologram","Fusion+1"],"picked":"Turbo+1","floor":28},{"not_picked":["Hello World","Reinforced Body+1"],"picked":"Streamline","floor":29},{"not_picked":["Tempest","Leap"],"picked":"Machine Learning","floor":30},{"not_picked":["Tempest","Sweeping Beam","Redo"],"picked":"SKIP","floor":30},{"not_picked":["All For One","Echo Form"],"picked":"Buffer","floor":33},{"not_picked":["Sweeping Beam+1","Reprogram"],"picked":"Chaos+1","floor":35},{"not_picked":["Ball Lightning","Heatsinks","Sunder+1"],"picked":"SKIP","floor":35},{"not_picked":["Leap","Coolheaded"],"picked":"Loop+1","floor":36},{"not_picked":["Barrage+1","Blizzard+1"],"picked":"Chaos+1","floor":36},{"not_picked":["Steam","Rebound"],"picked":"Go for the Eyes+1","floor":37},{"not_picked":["Leap","Beam Cell+1","Darkness+1"],"picked":"SKIP","floor":37},{"not_picked":["Stack","Cold Snap","Recycle+1"],"picked":"SKIP","floor":38},{"not_picked":["Conserve Battery","Fusion","Compile Driver"],"picked":"SKIP","floor":38},{"not_picked":["Ball Lightning","Redo"],"picked":"Reprogram+1","floor":39},{"not_picked":["Cold Snap","Coolheaded","Barrage"],"picked":"SKIP","floor":39},{"not_picked":["Capacitor","Gash"],"picked":"Hologram+1","floor":41},{"not_picked":["Darkness","Machine Learning","Undo"],"picked":"SKIP","floor":41},{"not_picked":["Streamline","Self Repair+1"],"picked":"Auto Shields+1","floor":44},{"not_picked":["Darkness+1","Stack"],"picked":"Conserve Battery","floor":44},{"not_picked":["Genetic Algorithm+1","Static Discharge+1"],"picked":"Leap+1","floor":45},{"not_picked":["Beam Cell","Sunder"],"picked":"Redo+1","floor":47},{"not_picked":["Redo","Ball Lightning+1"],"picked":"Glacier+1","floor":47}],"player_experience":245861,"relics_obtained":[{"floor":7,"key":"Pantograph"},{"floor":9,"key":"Regal Pillow"},{"floor":24,"key":"Gremlin Horn"},{"floor":26,"key":"Bag of Preparation"},{"floor":29,"key":"Prayer Wheel"},{"floor":29,"key":"The Courier"},{"floor":45,"key":"Girya"}],"event_choices":[{"cards_removed":["Strike_B"],"damage_healed":0,"gold_gain":0,"player_choice":"Card Removal","damage_taken":0,"max_hp_gain":0,"max_hp_loss":0,"event_name":"The Cleric","floor":4,"gold_loss":50},{"damage_healed":0,"gold_gain":0,"player_choice":"Ignored","damage_taken":0,"max_hp_gain":0,"max_hp_loss":0,"event_name":"Golden Idol","floor":14,"gold_loss":0},{"damage_healed":0,"gold_gain":0,"player_choice":"Read","damage_taken":0,"max_hp_gain":0,"max_hp_loss":0,"event_name":"The Library","floor":19,"gold_loss":0,"cards_obtained":["Defragment"]},{"cards_removed":["Strike_B"],"damage_healed":0,"gold_gain":0,"player_choice":"Elegance","damage_taken":0,"max_hp_gain":0,"max_hp_loss":0,"event_name":"Back to Basics","floor":20,"gold_loss":0},{"damage_healed":0,"gold_gain":0,"player_choice":"Fight","damage_taken":0,"max_hp_gain":0,"max_hp_loss":0,"event_name":"Colosseum","floor":29,"gold_loss":0},{"damage_healed":0,"gold_gain":0,"player_choice":"Fought Nobs","damage_taken":0,"max_hp_gain":0,"max_hp_loss":0,"event_name":"Colosseum","floor":29,"gold_loss":0},{"damage_healed":0,"gold_gain":0,"player_choice":"Gave Potion","damage_taken":0,"relics_obtained":["Smiling Mask"],"max_hp_gain":0,"max_hp_loss":0,"event_name":"WeMeetAgain","floor":31,"gold_loss":0},{"damage_healed":0,"gold_gain":0,"player_choice":"Fight","damage_taken":0,"max_hp_gain":0,"max_hp_loss":0,"event_name":"MindBloom","floor":45,"gold_loss":0},{"damage_healed":0,"gold_gain":0,"cards_transformed":["Strike_B"],"player_choice":"Transformed","damage_taken":0,"max_hp_gain":0,"max_hp_loss":0,"event_name":"Transmorgrifier","floor":46,"gold_loss":0,"cards_obtained":["Melter"]}],"is_beta":false,"boss_relics":[{"not_picked":["FrozenCore","Ectoplasm"],"picked":"Nuclear Battery"},{"not_picked":["White Beast Statue","Runic Pyramid"],"picked":"Cursed Key"}],"items_purged_floors":[2,21,48],"is_endless":false,"potions_floor_spawned":[5,10,12,16,22,24,30,33,36,39,41,44,47],"ascension_level":0}