{"gold_per_floor":[115,135,203,278,278,278,298,298,298,318,333,608,9,24,24,24],"floor_reached":16,"playtime":479,"items_purged":[],"score":92,"play_id":"8e49071d-05fd-47d0-bd9b-333adbd7bf6b","local_time":"20181129110601","is_ascension_mode":false,"campfire_choices":[{"data":"Zap","floor":6,"key":"SMITH"},{"data":"Dualcast","floor":8,"key":"SMITH"},{"floor":15,"key":"DIG"}],"neow_cost":"CURSE","seed_source_timestamp":1165614900453469,"circlet_count":0,"master_deck":["Strike_B","Strike_B","Strike_B","Strike_B","Defend_B","Defend_B","Defend_B","Defend_B","Zap+1","Dualcast+1","Regret","All For One","Conserve Battery","Hologram","Go for the Eyes","Ball Lightning","Regret","Turbo"],"relics":["Cracked Core","Gremlin Horn","Shovel","Ice Cream","Nunchaku","Smiling Mask"],"potions_floor_usage":[],"damage_taken":[{"damage":8,"enemies":"Jaw Worm","floor":1,"turns":3},{"damage":2,"enemies":"Small Slimes","floor":2,"turns":3},{"damage":5,"enemies":"Cultist","floor":7,"turns":4},{"damage":5,"enemies":"Large Slime","floor":10,"turns":5},{"damage":2,"enemies":"Red Slaver","floor":11,"turns":3},{"damage":3,"enemies":"Blue Slaver","floor":14,"turns":3},{"damage":39,"enemies":"Hexaghost","floor":16,"turns":10}],"seed_played":"8273272569639463361","potions_obtained":[{"floor":2,"key":"GamblersBrew"},{"floor":10,"key":"Energy Potion"},{"floor":14,"key":"SpeedPotion"}],"is_trial":false,"path_per_floor":["M","M","?","?","?","R","M","R","T","M","M","?","$","M","R","B"],"character_chosen":"DEFECT","items_purchased":["Ice Cream","Nunchaku"],"campfire_rested":0,"item_purchase_floors":[13,13],"current_hp_per_floor":[67,65,65,54,54,54,49,49,49,44,42,42,42,39,39,0],"gold":24,"neow_bonus":"THREE_RARE_CARDS","is_prod":false,"is_daily":false,"chose_seed":false,"campfire_upgraded":2,"win_rate":0,"timestamp":1543511161,"path_taken":["M","M","?","?","?","R","?","R","T","M","M","?","$","?","R","BOSS"],"build_version":"2018-11-15","purchased_purges":0,"victory":false,"max_hp_per_floor":[75,75,75,75,75,75,75,75,75,75,75,75,75,75,75,75],"card_choices":[{"not_picked":["Thunder Strike","Meteor Strike"],"picked":"All For One","floor":0},{"not_picked":["Steam","Hologram"],"picked":"Conserve Battery","floor":1},{"not_picked":["Cold Snap","Coolheaded"],"picked":"Hologram","floor":2},{"not_picked":["Consume","Steam Power","Reprogram"],"picked":"SKIP","floor":7},{"not_picked":["Compile Driver","Undo"],"picked":"Go for the Eyes","floor":10},{"not_picked":["Stack","Darkness"],"picked":"Ball Lightning","floor":11},{"not_picked":["Redo","Recycle"],"picked":"Turbo","floor":14}],"player_experience":284180,"relics_obtained":[{"floor":9,"key":"Shovel"},{"floor":15,"key":"Smiling Mask"}],"event_choices":[{"damage_healed":0,"gold_gain":68,"player_choice":"Gained Gold","damage_taken":0,"max_hp_gain":0,"max_hp_loss":0,"event_name":"Golden Wing","floor":3,"gold_loss":0},{"damage_healed":0,"gold_gain":75,"player_choice":"Gather Gold","damage_taken":11,"max_hp_gain":0,"max_hp_loss":0,"event_name":"World of Goop","floor":4,"gold_loss":0},{"damage_healed":0,"gold_gain":0,"player_choice":"Gave Potion","damage_taken":0,"relics_obtained":["Gremlin Horn"],"max_hp_gain":0,"max_hp_loss":0,"event_name":"WeMeetAgain","floor":5,"gold_loss":0},{"damage_healed":0,"gold_gain":275,"player_choice":"Desecrate","damage_taken":0,"max_hp_gain":0,"max_hp_loss":0,"event_name":"Golden Shrine","floor":12,"gold_loss":0,"cards_obtained":["Regret"]}],"is_beta":true,"boss_relics":[],"items_purged_floors":[],"is_endless":false,"potions_floor_spawned":[2,10,14],"killed_by":"Hexaghost","ascension_level":0}