{"gold_per_floor":[111,122,122,133,133,167,178,197,197,213,226,239,239],"floor_reached":13,"playtime":885,"items_purged":[],"score":91,"play_id":"3cce2df5-70f7-4354-9504-10e24094a10b","local_time":"20190620225436","is_ascension_mode":false,"campfire_choices":[],"neow_cost":"NONE","seed_source_timestamp":980496924271753,"circlet_count":0,"master_deck":["Strike_C","Strike_C","Strike_C","Defend_C","Defend_C","Defend_C","Defend_C","Knight Kick","Chip","Floating Swing Kick","Paralysis","Lunge","Coercion","Energy Supply","Data Freezing","Here Defend Chip","Black Execution","White Contract"],"relics":["Apod","Dodecahedron","Bottled Lightning"],"potions_floor_usage":[10],"damage_taken":[{"damage":0,"enemies":"Small Slimes","floor":1,"turns":3},{"damage":10,"enemies":"Cultist","floor":2,"turns":5},{"damage":6,"enemies":"Jaw Worm","floor":4,"turns":3},{"damage":24,"enemies":"Lagavulin","floor":6,"turns":6},{"damage":4,"enemies":"Red Slaver","floor":7,"turns":4},{"damage":5,"enemies":"2 Fungi Beasts","floor":8,"turns":3},{"damage":0,"enemies":"Exordium Wildlife","floor":10,"turns":4},{"damage":12,"enemies":"Red Slaver","floor":11,"turns":5},{"damage":6,"enemies":"2 Fungi Beasts","floor":12,"turns":5},{"damage":11,"enemies":"Gremlin Nob","floor":13,"turns":3}],"seed_played":"-6943034656904263925","potions_obtained":[{"floor":2,"key":"SkillPotion"},{"floor":10,"key":"FairyPotion"},{"floor":11,"key":"FearPotion"}],"is_trial":false,"path_per_floor":["M","M","?","M","?","E","M","M","T","M","M","M","E"],"character_chosen":"TD1MADAO_CLASS","items_purchased":[],"campfire_rested":0,"item_purchase_floors":[],"current_hp_per_floor":[77,67,67,61,54,30,26,21,21,21,9,3,0],"gold":239,"neow_bonus":"TEN_PERCENT_HP_BONUS","is_prod":false,"is_daily":false,"chose_seed":false,"campfire_upgraded":0,"win_rate":0.0,"timestamp":1561085676,"path_taken":["M","M","?","?","?","E","M","M","T","?","M","M","E"],"build_version":"2019-01-23","purchased_purges":0,"victory":false,"max_hp_per_floor":[77,77,77,77,77,77,77,77,77,77,77,77,77],"card_choices":[{"not_picked":["Cursed Blade","Lunge"],"picked":"Floating Swing Kick","floor":1},{"not_picked":["Preloading","Gravity Defend"],"picked":"Paralysis","floor":2},{"not_picked":["Resistance","Machining"],"picked":"Lunge","floor":4},{"not_picked":["Afterwards","Fixing"],"picked":"Coercion","floor":6},{"not_picked":["Lore","Reflection Mechanism"],"picked":"Energy Supply","floor":7},{"not_picked":["Light Attack","Lunge"],"picked":"Data Freezing","floor":8},{"not_picked":["Machining","Floating Swing Kick"],"picked":"Here Defend Chip","floor":10},{"not_picked":["Floating Swing Kick","Cursed Blade"],"picked":"Black Execution","floor":11},{"not_picked":["Retrieval Recycling","Black Spear"],"picked":"White Contract","floor":12}],"player_experience":499408,"relics_obtained":[{"floor":6,"key":"Dodecahedron"},{"floor":9,"key":"Bottled Lightning"}],"event_choices":[{"cards_removed":["Strike_C"],"damage_healed":0,"gold_gain":0,"player_choice":"Offered Basic","damage_taken":0,"max_hp_gain":0,"max_hp_loss":0,"event_name":"Bonfire Elementals","floor":3,"gold_loss":0},{"damage_healed":0,"gold_gain":0,"player_choice":"Damaged","damage_taken":7,"max_hp_gain":0,"max_hp_loss":0,"event_name":"Wheel of Change","floor":5,"gold_loss":0}],"is_beta":false,"boss_relics":[],"items_purged_floors":[],"is_endless":false,"potions_floor_spawned":[2,10,11],"killed_by":"Gremlin Nob","ascension_level":0}