{"gold_per_floor":[118,193,193,158,174,174,204,234,311,325,4,32,44,64,64,166,166,185,199,224,113,128,160,160,171,171,188,217,217,233,233,233,331,331,341,359,206,206,223,223,1,223,296,329,329,329,22,56,56,56,56,56,18,52,52],"floor_reached":55,"playtime":3174,"items_purged":["Defend_B"],"score":828,"play_id":"a8cee426-9a10-4b61-a6f9-3f418e0b8fd1","local_time":"20181128233603","is_ascension_mode":false,"campfire_choices":[{"data":"Hologram","floor":6,"key":"SMITH"},{"data":"Defragment","floor":15,"key":"SMITH"},{"data":"Seek","floor":24,"key":"SMITH"},{"data":"Reboot","floor":29,"key":"SMITH"},{"floor":32,"key":"REST"},{"data":"Aggregate","floor":40,"key":"SMITH"},{"data":"Echo Form","floor":46,"key":"SMITH"},{"floor":49,"key":"RECALL"},{"data":"Storm","floor":52,"key":"SMITH"}],"neow_cost":"TEN_PERCENT_HP_LOSS","seed_source_timestamp":1121182671320041,"circlet_count":0,"master_deck":["Strike_B+1","Strike_B+1","Zap","Dualcast","Good Instincts","Impatience+1","Heatsinks","Hologram+1","Electrodynamics","Ball Lightning","Seek+1","FTL","Good Instincts","Defragment+1","Hello World","Reboot+1","Auto Shields","Hello World+1","Conserve Battery+1","Conserve Battery","Tempest","Aggregate+1","Self Repair","Buffer","Static Discharge+1","Go for the Eyes+1","Redo+1","White Noise+1","Core Surge+1","Rainbow","Storm+1","Scrape+1","Seek","Echo Form+1","Impatience","Swift Strike+1","Forethought","Capacitor","Leap","Stack+1","Defragment","Double Energy"],"relics":["Cracked Core","Whetstone","Bag of Marbles","Sundial","Mango","Runic Dome","Red Mask","Gremlin Horn","Calipers","Molten Egg 2","Boot","Astrolabe","Bottled Tornado","Lee\u0027s Waffle","Pen Nib","Bag of Preparation"],"potions_floor_usage":[12,12,12,16,23,23,30,44,50],"damage_taken":[{"damage":0,"enemies":"2 Louse","floor":1,"turns":2},{"damage":3,"enemies":"Small Slimes","floor":5,"turns":3},{"damage":41,"enemies":"3 Sentries","floor":7,"turns":10},{"damage":0,"enemies":"Cultist","floor":10,"turns":3},{"damage":18,"enemies":"Lagavulin","floor":12,"turns":4},{"damage":0,"enemies":"Looter","floor":13,"turns":3},{"damage":2,"enemies":"Exordium Thugs","floor":14,"turns":5},{"damage":14,"enemies":"Hexaghost","floor":16,"turns":8},{"damage":11,"enemies":"Shell Parasite","floor":18,"turns":4},{"damage":0,"enemies":"Spheric Guardian","floor":19,"turns":3},{"damage":13,"enemies":"Masked Bandits","floor":20,"turns":3},{"damage":9,"enemies":"Centurion and Healer","floor":22,"turns":3},{"damage":5,"enemies":"Book of Stabbing","floor":23,"turns":6},{"damage":3,"enemies":"Shelled Parasite and Fungi","floor":25,"turns":5},{"damage":0,"enemies":"Snecko","floor":27,"turns":4},{"damage":24,"enemies":"Slavers","floor":28,"turns":3},{"damage":1,"enemies":"Sentry and Sphere","floor":30,"turns":3},{"damage":32,"enemies":"Champ","floor":33,"turns":13},{"damage":0,"enemies":"Orb Walker","floor":35,"turns":3},{"damage":8,"enemies":"3 Darklings","floor":36,"turns":3},{"damage":7,"enemies":"Writhing Mass","floor":39,"turns":5},{"damage":15,"enemies":"Reptomancer","floor":44,"turns":5},{"damage":8,"enemies":"Nemesis","floor":48,"turns":5},{"damage":73,"enemies":"Donu and Deca","floor":50,"turns":8},{"damage":28,"enemies":"Shield and Spear","floor":54,"turns":3},{"damage":74,"enemies":"The Heart","floor":55,"turns":5}],"seed_played":"-8960583642045081494","potions_obtained":[{"floor":7,"key":"Regen Potion"},{"floor":10,"key":"Dexterity Potion"},{"floor":12,"key":"Fruit Juice"},{"floor":14,"key":"Weak Potion"},{"floor":20,"key":"FearPotion"},{"floor":22,"key":"SpeedPotion"},{"floor":28,"key":"Fire Potion"},{"floor":36,"key":"SkillPotion"},{"floor":48,"key":"AttackPotion"}],"is_trial":false,"path_per_floor":["M","?","?","?","M","R","E","?","T","M","$","E","M","M","R","B",null,"M","M","?","?","M","E","R","M","T","M","E","R","M","?","R","B",null,"M","M","$","?","M","R","$","?","T","E","?","R","$","E","R","B",null,"R","$","E","B"],"character_chosen":"DEFECT","items_purchased":["Seek","FTL","Good Instincts","Core Surge+1","Storm","Scrape+1","Seek","Lee\u0027s Waffle","Capacitor","Leap","Defragment"],"campfire_rested":1,"item_purchase_floors":[11,11,11,37,41,41,41,47,47,47,53],"current_hp_per_floor":[68,57,50,67,64,64,23,23,23,23,23,36,36,34,34,20,87,76,76,63,63,54,49,49,46,46,46,22,22,21,21,47,22,87,87,86,86,86,86,86,86,86,86,71,61,61,94,93,93,20,94,94,94,73,0],"gold":52,"neow_bonus":"RANDOM_COLORLESS_2","is_prod":false,"is_daily":false,"chose_seed":false,"campfire_upgraded":7,"win_rate":0,"timestamp":1543469763,"path_taken":["M","?","?","?","M","R","E","?","T","M","$","E","M","M","R","BOSS","M","M","?","?","M","E","R","M","T","M","E","R","?","?","R","BOSS","M","M","$","?","?","R","$","?","T","E","?","R","$","E","R","BOSS","R","$","E","BOSS"],"build_version":"2018-11-15","purchased_purges":1,"victory":false,"max_hp_per_floor":[68,68,68,68,68,68,68,68,68,68,68,87,87,87,87,87,87,87,87,87,87,87,87,87,87,87,87,87,87,87,87,87,87,87,87,87,87,87,87,87,87,87,87,87,87,87,94,94,94,94,94,94,94,94,94],"card_choices":[{"not_picked":["Leap","Go for the Eyes"],"picked":"Heatsinks","floor":1},{"not_picked":["Force Field","Barrage"],"picked":"Hologram","floor":5},{"not_picked":["Double Energy","Gash"],"picked":"Electrodynamics","floor":7},{"not_picked":["Rebound","Redo"],"picked":"Ball Lightning","floor":10},{"not_picked":["Cold Snap","Conserve Battery"],"picked":"Defragment","floor":12},{"not_picked":["Gash","Beam Cell"],"picked":"Hello World","floor":13},{"not_picked":["Chaos","Turbo","Stack"],"picked":"SKIP","floor":14},{"not_picked":["Core Surge","Hyperbeam"],"picked":"Reboot","floor":16},{"not_picked":["Reinforced Body","Sweeping Beam","Leap"],"picked":"SKIP","floor":18},{"not_picked":["Cold Snap","Streamline","Beam Cell"],"picked":"SKIP","floor":19},{"not_picked":["Streamline","Blizzard+1"],"picked":"Auto Shields","floor":20},{"not_picked":["Rebound","Turbo"],"picked":"Hello World+1","floor":22},{"not_picked":["Leap+1","Melter+1"],"picked":"Conserve Battery+1","floor":23},{"not_picked":["Streamline","Reprogram"],"picked":"Conserve Battery","floor":25},{"not_picked":["Genetic Algorithm","Glacier"],"picked":"Tempest","floor":27},{"not_picked":["Recycle","Compile Driver+1"],"picked":"Aggregate","floor":28},{"not_picked":["Barrage+1","Stack"],"picked":"Self Repair","floor":30},{"not_picked":["Rainbow","Multi-Cast"],"picked":"Buffer","floor":33},{"not_picked":["Stack","Hologram"],"picked":"White Noise+1","floor":35},{"not_picked":["Rebound+1","Sweeping Beam+1","Compile Driver+1"],"picked":"SKIP","floor":36},{"not_picked":["Go for the Eyes+1","Cold Snap+1","Gash+1"],"picked":"SKIP","floor":39},{"not_picked":["Go for the Eyes+1","BootSequence+1","Echo Form"],"picked":"SKIP","floor":44},{"not_picked":["Go for the Eyes+1","BootSequence+1"],"picked":"Echo Form","floor":44},{"not_picked":["Forethought","PanicButton"],"picked":"Impatience","floor":45},{"not_picked":["Transmutation","Dark Shackles"],"picked":"Swift Strike+1","floor":45},{"not_picked":["Madness","Dark Shackles"],"picked":"Forethought","floor":45},{"not_picked":["Ball Lightning+1","Compile Driver+1"],"picked":"Stack+1","floor":48},{"not_picked":["Beam Cell+1","Darkness"],"picked":"Double Energy","floor":54}],"player_experience":268404,"relics_obtained":[{"floor":7,"key":"Whetstone"},{"floor":9,"key":"Sundial"},{"floor":12,"key":"Mango"},{"floor":20,"key":"Red Mask"},{"floor":23,"key":"Calipers"},{"floor":26,"key":"Molten Egg 2"},{"floor":28,"key":"Boot"},{"floor":44,"key":"Bottled Tornado"},{"floor":48,"key":"Pen Nib"},{"floor":54,"key":"Bag of Preparation"}],"event_choices":[{"damage_healed":0,"gold_gain":75,"player_choice":"Gather Gold","damage_taken":11,"max_hp_gain":0,"max_hp_loss":0,"event_name":"World of Goop","floor":2,"gold_loss":0},{"cards_removed":["Strike_B"],"damage_healed":0,"gold_gain":0,"player_choice":"Card Removal","damage_taken":7,"max_hp_gain":0,"max_hp_loss":0,"event_name":"Golden Wing","floor":3,"gold_loss":0},{"damage_healed":17,"gold_gain":0,"player_choice":"Healed","damage_taken":0,"max_hp_gain":0,"max_hp_loss":0,"event_name":"The Cleric","floor":4,"gold_loss":35},{"damage_healed":0,"gold_gain":30,"player_choice":"Searched \u00272\u0027 times","damage_taken":0,"relics_obtained":["Bag of Marbles"],"max_hp_gain":0,"max_hp_loss":0,"event_name":"Dead Adventurer","floor":8,"gold_loss":0},{"damage_healed":0,"gold_gain":0,"player_choice":"Fought Bandits","damage_taken":0,"max_hp_gain":0,"max_hp_loss":0,"event_name":"Masked Bandits","floor":20,"gold_loss":0},{"damage_healed":0,"gold_gain":0,"player_choice":"Paid Gold","damage_taken":0,"relics_obtained":["Gremlin Horn"],"max_hp_gain":0,"max_hp_loss":0,"event_name":"WeMeetAgain","floor":21,"gold_loss":111},{"damage_healed":0,"gold_gain":0,"player_choice":"Forge","damage_taken":0,"max_hp_gain":0,"max_hp_loss":0,"event_name":"Accursed Blacksmith","floor":31,"gold_loss":0,"cards_upgraded":["Impatience"]},{"damage_healed":0,"gold_gain":0,"cards_transformed":["Defend_B"],"player_choice":"Transformed","damage_taken":0,"max_hp_gain":0,"max_hp_loss":0,"event_name":"Transmorgrifier","floor":38,"gold_loss":0,"cards_obtained":["Rainbow"]},{"damage_healed":0,"gold_gain":222,"player_choice":"Wore Mask","damage_taken":0,"max_hp_gain":0,"max_hp_loss":0,"event_name":"Tomb of Lord Red Mask","floor":42,"gold_loss":0},{"damage_healed":0,"gold_gain":0,"player_choice":"Memory 3","damage_taken":10,"max_hp_gain":0,"max_hp_loss":0,"event_name":"SensoryStone","floor":45,"gold_loss":0}],"is_beta":true,"boss_relics":[{"not_picked":["Ectoplasm","Nuclear Battery"],"picked":"Runic Dome"},{"not_picked":["Runic Pyramid","White Beast Statue"],"picked":"Astrolabe"}],"items_purged_floors":[11],"is_endless":false,"potions_floor_spawned":[7,10,12,14,20,22,28,36,48],"killed_by":"The Heart","ascension_level":0}