{"gold_per_floor":[117,117,132,148,159,191,191,220,246,51,51,63,83,83,83,83],"floor_reached":16,"playtime":836,"items_purged":[],"score":140,"play_id":"001e9e00-cb25-4cae-8902-10fc6b4aacee","local_time":"20190214112441","is_ascension_mode":true,"campfire_choices":[{"data":"True Grit","floor":7,"key":"SMITH"},{"floor":11,"key":"REST"},{"floor":15,"key":"REST"}],"neow_cost":"NONE","seed_source_timestamp":5209675218231,"circlet_count":0,"master_deck":["Strike_R","Strike_R","Strike_R+1","Defend_R","Defend_R","Defend_R","Defend_R","Bash","Sword Boomerang+1","Double Tap","True Grit+1","Wild Strike","Entrench","Blood for Blood","Carnage","Metamorphosis","Clothesline","Pommel Strike"],"relics":["Burning Blood","Unceasing Top","Whetstone","Juzu Bracelet"],"potions_floor_usage":[6,8],"damage_taken":[{"damage":4,"enemies":"Small Slimes","floor":1,"turns":4},{"damage":1,"enemies":"2 Louse","floor":3,"turns":3},{"damage":9,"enemies":"Jaw Worm","floor":4,"turns":4},{"damage":28,"enemies":"Lots of Slimes","floor":5,"turns":5},{"damage":28,"enemies":"Lagavulin","floor":6,"turns":9},{"damage":29,"enemies":"3 Sentries","floor":8,"turns":12},{"damage":11,"enemies":"Large Slime","floor":12,"turns":5},{"damage":16,"enemies":"Exordium Wildlife","floor":13,"turns":6},{"damage":44,"enemies":"Hexaghost","floor":16,"turns":9}],"seed_played":"3525853500596230322","potions_obtained":[{"floor":1,"key":"Dexterity Potion"},{"floor":6,"key":"Block Potion"},{"floor":8,"key":"Ancient Potion"}],"is_trial":false,"path_per_floor":["M","?","M","M","M","E","R","E","T","$","R","M","M","?","R","B"],"character_chosen":"IRONCLAD","items_purchased":["Metamorphosis"],"campfire_rested":2,"item_purchase_floors":[10],"current_hp_per_floor":[80,80,80,77,55,33,33,10,10,10,34,29,19,19,43,0],"gold":83,"neow_bonus":"REMOVE_CARD","is_prod":false,"is_daily":false,"chose_seed":false,"campfire_upgraded":1,"win_rate":0,"timestamp":1550111081,"path_taken":["M","?","M","M","M","E","R","E","T","$","R","M","M","?","R","BOSS"],"build_version":"2019-01-23","purchased_purges":0,"victory":false,"max_hp_per_floor":[80,80,80,80,80,80,80,80,80,80,80,80,80,80,80,80],"card_choices":[{"not_picked":["Shockwave","Sever Soul"],"picked":"Sword Boomerang","floor":1},{"not_picked":["Twin Strike","Wild Strike"],"picked":"True Grit","floor":3},{"not_picked":["Disarm","True Grit"],"picked":"Wild Strike","floor":4},{"not_picked":["Fire Breathing","Cleave"],"picked":"Entrench","floor":5},{"not_picked":["Double Tap","Wild Strike"],"picked":"Blood for Blood","floor":6},{"not_picked":["Blood for Blood","Combust"],"picked":"Carnage","floor":8},{"not_picked":["Whirlwind","Sever Soul"],"picked":"Clothesline","floor":12},{"not_picked":["Warcry","Sword Boomerang"],"picked":"Pommel Strike","floor":13}],"player_experience":239329,"relics_obtained":[{"floor":6,"key":"Unceasing Top"},{"floor":8,"key":"Whetstone"},{"floor":9,"key":"Juzu Bracelet"}],"event_choices":[{"damage_healed":0,"gold_gain":0,"cards_transformed":["Strike_R"],"player_choice":"Change","damage_taken":0,"max_hp_gain":0,"max_hp_loss":0,"event_name":"Living Wall","floor":2,"gold_loss":0,"cards_obtained":["Double Tap"]},{"damage_healed":0,"gold_gain":0,"player_choice":"Ignored","damage_taken":0,"max_hp_gain":0,"max_hp_loss":0,"event_name":"Liars Game","floor":14,"gold_loss":0}],"is_beta":false,"boss_relics":[],"items_purged_floors":[],"is_endless":false,"potions_floor_spawned":[1,6,8],"killed_by":"Hexaghost","ascension_level":5}