{"path_per_floor":["M","M","M","M","M","R","$","M","T","?","R","E","?","E","R"],"character_chosen":"DEFECT","items_purchased":["Genetic Algorithm","Sunder","Good Instincts"],"gold_per_floor":[219,233,252,262,274,274,1,11,11,11,11,42,42,77,77,77],"floor_reached":16,"campfire_rested":0,"playtime":1002,"current_hp_per_floor":[70,70,70,70,54,54,54,54,54,59,59,33,33,22,22,0],"items_purged":["Strike_B"],"gold":77,"score":112,"play_id":"476588bc-5bd7-49d9-ba0e-65441a05e245","local_time":"20180514210429","is_prod":false,"is_daily":false,"chose_seed":false,"is_ascension_mode":false,"campfire_upgraded":2,"timestamp":1526324669,"path_taken":["M","?","M","M","M","R","$","M","T","?","R","E","?","E","R","BOSS"],"build_version":"2018-05-12v2","seed_source_timestamp":23807668955190,"purchased_purges":1,"victory":false,"master_deck":["Strike_B","Strike_B","Defend_B","Defend_B","Defend_B","Zap+1","Dualcast","Leap","Auto Shields","Genetic Algorithm","Sunder+1","Good Instincts","Self Repair"],"max_hp_per_floor":[75,75,75,75,75,75,75,75,75,80,80,80,80,80,80,80],"relics":["Cracked Core","Bird Faced Urn","Question Card","Peace Pipe"],"card_choices":[{"not_picked":["Beam Cell","Doom and Gloom","Axe Kick"],"picked":"SKIP","floor":1},{"not_picked":["Hello World","Cold Snap"],"picked":"Leap","floor":2},{"not_picked":["Hello World","Melter","Darkness"],"picked":"SKIP","floor":3},{"not_picked":["Darkness","Skim","Axe Kick"],"picked":"SKIP","floor":4},{"not_picked":["Force Field","Melter"],"picked":"Auto Shields","floor":5},{"not_picked":["Capacitor","Heatsinks","Sweeping Beam"],"picked":"SKIP","floor":8},{"not_picked":["Skim","Reinforced Body","Melter"],"picked":"SKIP","floor":12},{"not_picked":["Coolheaded","Redo","Melter"],"picked":"Self Repair","floor":14}],"player_experience":49841,"potions_floor_usage":[12,14],"damage_taken":[{"damage":5,"enemies":"Cultist","floor":1,"turns":4},{"damage":0,"enemies":"Small Slimes","floor":2,"turns":3},{"damage":0,"enemies":"2 Louse","floor":3,"turns":2},{"damage":0,"enemies":"Blue Slaver","floor":4,"turns":4},{"damage":16,"enemies":"Lots of Slimes","floor":5,"turns":5},{"damage":0,"enemies":"Large Slime","floor":8,"turns":5},{"damage":26,"enemies":"Gremlin Nob","floor":12,"turns":4},{"damage":11,"enemies":"3 Sentries","floor":14,"turns":8},{"damage":25,"enemies":"The Guardian","floor":16,"turns":6}],"event_choices":[{"event_name":"Big Fish","player_choice":"Donut","floor":10,"damage_taken":0},{"event_name":"Living Wall","player_choice":"Forget","floor":13,"damage_taken":0}],"boss_relics":[],"potions_floor_spawned":[3,8,14],"seed_played":"7680621902576687319","killed_by":"The Guardian","ascension_level":0,"is_trial":false}