{"gold_per_floor":[109,125,145,220,220,234,234,249,331,366,366,366],"floor_reached":12,"playtime":327,"items_purged":[],"score":100,"play_id":"7233b1cf-7db4-4b12-af3e-b539d071dbb9","local_time":"20190214110409","is_ascension_mode":true,"campfire_choices":[{"data":"Body Slam","floor":7,"key":"SMITH"},{"data":"Armaments","floor":11,"key":"SMITH"}],"neow_cost":"NONE","seed_source_timestamp":4484862189329,"circlet_count":0,"master_deck":["Strike_R","Strike_R","Strike_R","Strike_R","Strike_R","Defend_R","Defend_R","Defend_R","Bash","Armaments+1","Body Slam+1","Spot Weakness","Rage","Power Through"],"relics":["Burning Blood","NeowsBlessing","Shuriken","Girya"],"potions_floor_usage":[10,12],"damage_taken":[{"damage":0,"enemies":"Cultist","floor":1,"turns":1},{"damage":0,"enemies":"Jaw Worm","floor":2,"turns":1},{"damage":0,"enemies":"2 Louse","floor":3,"turns":1},{"damage":5,"enemies":"2 Fungi Beasts","floor":6,"turns":4},{"damage":43,"enemies":"Exordium Thugs","floor":8,"turns":5},{"damage":40,"enemies":"Lagavulin","floor":10,"turns":7},{"damage":27,"enemies":"Gremlin Nob","floor":12,"turns":3}],"seed_played":"5369454967414926238","potions_obtained":[{"floor":3,"key":"BloodPotion"},{"floor":6,"key":"Dexterity Potion"}],"is_trial":false,"path_per_floor":["M","M","M","?","?","M","R","M","T","E","R","E"],"character_chosen":"IRONCLAD","items_purchased":[],"campfire_rested":0,"item_purchase_floors":[],"current_hp_per_floor":[80,80,80,69,69,70,70,33,33,7,7,0],"gold":366,"neow_bonus":"THREE_ENEMY_KILL","is_prod":false,"is_daily":false,"chose_seed":false,"campfire_upgraded":2,"win_rate":0,"timestamp":1550109849,"path_taken":["M","M","M","?","?","M","R","M","T","E","R","E"],"build_version":"2019-01-23","purchased_purges":0,"victory":false,"max_hp_per_floor":[80,80,80,80,80,80,80,80,80,80,80,80],"card_choices":[{"not_picked":["True Grit","Heavy Blade","Perfected Strike"],"picked":"SKIP","floor":1},{"not_picked":["Iron Wave","Heavy Blade"],"picked":"Armaments","floor":2},{"not_picked":["Twin Strike","Perfected Strike"],"picked":"Body Slam","floor":3},{"not_picked":["Entrench","Disarm"],"picked":"Spot Weakness","floor":6},{"not_picked":["Combust","Warcry"],"picked":"Rage","floor":8},{"not_picked":["Combust","Carnage"],"picked":"Power Through","floor":10}],"player_experience":238624,"relics_obtained":[{"floor":9,"key":"Shuriken"},{"floor":10,"key":"Girya"}],"event_choices":[{"damage_healed":0,"gold_gain":75,"player_choice":"Gather Gold","damage_taken":11,"max_hp_gain":0,"max_hp_loss":0,"event_name":"World of Goop","floor":4,"gold_loss":0},{"cards_removed":["Defend_R"],"damage_healed":0,"gold_gain":0,"player_choice":"Purged","damage_taken":0,"max_hp_gain":0,"max_hp_loss":0,"event_name":"Purifier","floor":5,"gold_loss":0}],"is_beta":false,"boss_relics":[],"items_purged_floors":[],"is_endless":false,"potions_floor_spawned":[3,6],"killed_by":"Gremlin Nob","ascension_level":5}