{"gold_per_floor":[166,77,93,60,60,86,99,134,134,209,209,209,23,38,38,143,143,154,173,173,207,207,207,2,32,58,85,104,104,27,37,37,133,133,150,32,132,354,368,368,382,5,5,18,18,18,51,13,13,13],"floor_reached":50,"playtime":1892,"items_purged":["Defend_B"],"score":589,"play_id":"53d3aa0e-05ae-495e-8568-11cf54db16ce","local_time":"20181129154726","is_ascension_mode":false,"campfire_choices":[{"data":"Self Repair","floor":11,"key":"SMITH"},{"data":"Auto Shields","floor":15,"key":"SMITH"},{"data":"Storm","floor":23,"key":"SMITH"},{"floor":32,"key":"REST"},{"floor":45,"key":"RECALL"},{"floor":49,"key":"REST"}],"neow_cost":"NONE","seed_source_timestamp":1181085089051723,"circlet_count":0,"master_deck":["Strike_B+1","Strike_B+1","Defend_B","Defend_B","Defend_B","Zap+1","Dualcast","Streamline","Auto Shields+1","Finesse","Sweeping Beam+1","Self Repair+1","Ball Lightning","White Noise+1","Undo+1","Conserve Battery+1","Core Surge","Beam Cell+1","Storm","Storm+1","Storm","Blizzard","Echo Form","Leap+1","White Noise+1","Electrodynamics","Self Repair","Biased Cognition","Heatsinks","Heatsinks","Heatsinks","Secret Technique+1","Thinking Ahead+1","Chrysalis+1","Apotheosis+1","Echo Form","Undo+1","Hello World"],"relics":["Tiny House","Whetstone","Toxic Egg 2","Cables","Gremlin Horn","Omamori","Philosopher\u0027s Stone","Red Mask","Bag of Marbles","Happy Flower","Smiling Mask","Runic Dome","Torii","DollysMirror","Ornamental Fan"],"potions_floor_usage":[6,8,16,16,21,31,33,41,44,47],"damage_taken":[{"damage":8,"enemies":"Small Slimes","floor":1,"turns":3},{"damage":2,"enemies":"2 Louse","floor":3,"turns":3},{"damage":25,"enemies":"Gremlin Nob","floor":6,"turns":5},{"damage":0,"enemies":"Jaw Worm","floor":7,"turns":3},{"damage":16,"enemies":"3 Sentries","floor":8,"turns":4},{"damage":0,"enemies":"Large Slime","floor":14,"turns":4},{"damage":23,"enemies":"The Guardian","floor":16,"turns":11},{"damage":22,"enemies":"2 Thieves","floor":18,"turns":4},{"damage":19,"enemies":"Shell Parasite","floor":19,"turns":5},{"damage":16,"enemies":"Masked Bandits","floor":21,"turns":4},{"damage":27,"enemies":"Book of Stabbing","floor":25,"turns":5},{"damage":13,"enemies":"Gremlin Leader","floor":27,"turns":4},{"damage":10,"enemies":"Centurion and Healer","floor":28,"turns":4},{"damage":7,"enemies":"Snake Plant","floor":31,"turns":3},{"damage":37,"enemies":"Automaton","floor":33,"turns":8},{"damage":0,"enemies":"Orb Walker","floor":35,"turns":2},{"damage":23,"enemies":"Mind Bloom Boss Battle","floor":37,"turns":5},{"damage":1,"enemies":"3 Darklings","floor":39,"turns":2},{"damage":34,"enemies":"Maw","floor":41,"turns":5},{"damage":18,"enemies":"Writhing Mass","floor":44,"turns":4},{"damage":27,"enemies":"Nemesis","floor":47,"turns":5},{"damage":80,"enemies":"Awakened One","floor":50,"turns":3}],"seed_played":"7942973373309633976","potions_obtained":[{"floor":0,"key":"Weak Potion"},{"floor":1,"key":"Weak Potion"},{"floor":7,"key":"AttackPotion"},{"floor":14,"key":"Strength Potion"},{"floor":19,"key":"Fire Potion"},{"floor":27,"key":"EssenceOfSteel"},{"floor":31,"key":"Energy Potion"},{"floor":39,"key":"AttackPotion"},{"floor":41,"key":"Regen Potion"},{"floor":44,"key":"Explosive Potion"}],"is_trial":false,"path_per_floor":["M","$","M","$","?","E","M","E","T","?","R","?","$","M","R","B",null,"M","M","?","?","?","R","$","E","T","E","M","?","$","M","R","B",null,"M","$","?","?","M","?","M","$","T","M","R","?","E","$","R","B"],"character_chosen":"DEFECT","items_purchased":["Finesse","Self Repair","Omamori","Undo+1","Echo Form","Leap+1","Self Repair","Heatsinks","Apotheosis+1","DollysMirror","Hello World"],"campfire_rested":2,"item_purchase_floors":[2,4,13,13,24,24,30,36,42,42,48],"current_hp_per_floor":[72,72,70,70,70,52,59,50,50,39,39,36,36,46,46,33,80,68,59,59,53,53,53,53,36,36,33,33,33,33,43,67,47,80,80,80,80,80,79,69,45,45,45,56,56,56,53,53,77,0],"gold":13,"neow_bonus":"BOSS_RELIC","is_prod":false,"is_daily":false,"chose_seed":false,"campfire_upgraded":3,"win_rate":0,"timestamp":1543528046,"path_taken":["M","$","M","$","?","E","M","E","T","?","R","?","$","M","R","BOSS","M","M","?","?","?","R","?","E","T","E","M","?","?","?","R","BOSS","M","$","?","?","M","?","M","$","T","M","R","?","E","?","R","BOSS"],"build_version":"2018-11-15","purchased_purges":1,"victory":false,"max_hp_per_floor":[80,80,80,80,80,80,80,80,80,80,80,80,80,80,80,80,80,80,80,80,80,80,80,80,80,80,80,80,80,80,80,80,80,80,80,80,80,80,80,80,80,80,80,80,80,80,80,80,80,80],"card_choices":[{"not_picked":["Defragment","Barrage"],"picked":"Streamline","floor":0},{"not_picked":["Turbo","Reprogram"],"picked":"Auto Shields","floor":1},{"not_picked":["Streamline","Gash"],"picked":"Sweeping Beam","floor":3},{"not_picked":["Blizzard","Stack","Turbo"],"picked":"SKIP","floor":6},{"not_picked":["Static Discharge","Aggregate"],"picked":"Ball Lightning","floor":7},{"not_picked":["Skim","Beam Cell"],"picked":"White Noise","floor":8},{"not_picked":["Rebound","Ball Lightning"],"picked":"Conserve Battery+1","floor":14},{"not_picked":["Hyperbeam","Thunder Strike"],"picked":"Core Surge","floor":16},{"not_picked":["Barrage+1","Rebound"],"picked":"Beam Cell+1","floor":18},{"not_picked":["Stack+1","Scrape"],"picked":"Storm","floor":19},{"not_picked":["Steam+1","Defragment"],"picked":"Storm","floor":21},{"not_picked":["Auto Shields+1","Coolheaded+1"],"picked":"White Noise+1","floor":25},{"not_picked":["Streamline","Steam+1"],"picked":"Electrodynamics","floor":27},{"not_picked":["Beam Cell+1","Scrape","Rip and Tear"],"picked":"SKIP","floor":28},{"not_picked":["Stack+1","Sunder","Steam+1"],"picked":"SKIP","floor":31},{"not_picked":["Machine Learning","Reboot+1"],"picked":"Biased Cognition","floor":33},{"not_picked":["Ball Lightning","Leap+1"],"picked":"Heatsinks","floor":35},{"not_picked":["Doom and Gloom+1","Genetic Algorithm+1"],"picked":"Heatsinks","floor":37},{"not_picked":["Scrape+1","Gash+1","Steam+1"],"picked":"SKIP","floor":39},{"not_picked":["Jack Of All Trades+1","Blind+1"],"picked":"Secret Technique+1","floor":40},{"not_picked":["Transmutation+1","Panache"],"picked":"Thinking Ahead+1","floor":40},{"not_picked":["Blind+1","Dramatic Entrance"],"picked":"Chrysalis+1","floor":40},{"not_picked":["Go for the Eyes","Hologram+1","Genetic Algorithm+1"],"picked":"SKIP","floor":41},{"not_picked":["Leap+1","Rebound+1"],"picked":"Undo+1","floor":44},{"not_picked":["Coolheaded+1","Barrage+1","Steam+1"],"picked":"SKIP","floor":47}],"player_experience":291403,"relics_obtained":[{"floor":6,"key":"Whetstone"},{"floor":8,"key":"Toxic Egg 2"},{"floor":9,"key":"Cables"},{"floor":21,"key":"Red Mask"},{"floor":25,"key":"Bag of Marbles"},{"floor":26,"key":"Happy Flower"},{"floor":27,"key":"Smiling Mask"},{"floor":37,"key":"Torii"},{"floor":47,"key":"Ornamental Fan"}],"event_choices":[{"damage_healed":0,"gold_gain":0,"player_choice":"Grow","damage_taken":0,"max_hp_gain":0,"max_hp_loss":0,"event_name":"Living Wall","floor":5,"gold_loss":0,"cards_upgraded":["Zap"]},{"damage_healed":0,"gold_gain":75,"player_choice":"Gather Gold","damage_taken":11,"max_hp_gain":0,"max_hp_loss":0,"event_name":"World of Goop","floor":10,"gold_loss":0},{"damage_healed":0,"gold_gain":0,"player_choice":"Success","damage_taken":3,"relics_obtained":["Gremlin Horn"],"max_hp_gain":0,"max_hp_loss":0,"event_name":"Scrap Ooze","floor":12,"gold_loss":0},{"damage_healed":0,"gold_gain":0,"player_choice":"Read","damage_taken":0,"max_hp_gain":0,"max_hp_loss":0,"event_name":"The Library","floor":20,"gold_loss":0,"cards_obtained":["Storm"]},{"damage_healed":0,"gold_gain":0,"player_choice":"Fought Bandits","damage_taken":0,"max_hp_gain":0,"max_hp_loss":0,"event_name":"Masked Bandits","floor":21,"gold_loss":0},{"damage_healed":0,"gold_gain":0,"cards_transformed":["Strike_B","Strike_B"],"player_choice":"Became Test Subject","damage_taken":0,"max_hp_gain":0,"max_hp_loss":0,"event_name":"Drug Dealer","floor":22,"gold_loss":0,"cards_obtained":["Blizzard","Barrage"]},{"damage_healed":0,"gold_gain":0,"player_choice":"Ignored","damage_taken":0,"max_hp_gain":0,"max_hp_loss":0,"event_name":"Ghosts","floor":29,"gold_loss":0},{"damage_healed":0,"gold_gain":0,"player_choice":"Fight","damage_taken":0,"max_hp_gain":0,"max_hp_loss":0,"event_name":"MindBloom","floor":37,"gold_loss":0},{"damage_healed":0,"gold_gain":222,"player_choice":"Wore Mask","damage_taken":0,"max_hp_gain":0,"max_hp_loss":0,"event_name":"Tomb of Lord Red Mask","floor":38,"gold_loss":0},{"damage_healed":0,"gold_gain":0,"player_choice":"Memory 3","damage_taken":10,"max_hp_gain":0,"max_hp_loss":0,"event_name":"SensoryStone","floor":40,"gold_loss":0},{"cards_removed":["Barrage"],"damage_healed":0,"gold_gain":0,"player_choice":"Removed Attack","damage_taken":0,"max_hp_gain":0,"max_hp_loss":0,"event_name":"Falling","floor":46,"gold_loss":0}],"is_beta":true,"boss_relics":[{"not_picked":["Busted Crown","White Beast Statue"],"picked":"Philosopher\u0027s Stone"},{"not_picked":["Coffee Dripper","Pandora\u0027s Box"],"picked":"Runic Dome"}],"items_purged_floors":[36],"is_endless":false,"potions_floor_spawned":[1,7,14,19,27,31,39,41,44],"killed_by":"Awakened One","ascension_level":0}