{"path_per_floor":["M","$","M","M","M","R","$","M","T","?","$","R","$","M","R","B",null,"M","?","?","M","M","R","M","R","T","?","$","M","M","T","R","B",null,"M","M","M","$"],"character_chosen":"IRONCLAD","items_purchased":["Flex","Fire Potion","Limit Break","Flex","Pummel","Shrug It Off"],"gold_per_floor":[369,196,209,221,241,241,99,110,136,196,45,45,45,61,61,163,163,180,180,105,124,137,137,156,156,207,207,88,105,124,124,124,221,221,237,252,267,142],"floor_reached":39,"campfire_rested":2,"playtime":3714,"current_hp_per_floor":[70,70,72,72,72,72,72,72,72,72,72,72,72,72,72,26,72,71,58,58,66,59,59,56,77,77,77,77,77,62,62,77,11,77,65,57,35,35],"items_purged":["Strike_R","Strike_R","Defend_R"],"gold":142,"score":325,"play_id":"cf103ec9-5e32-4667-b1dc-a91e3187cb32","local_time":"20180308223205","is_prod":false,"is_daily":false,"is_ascension_mode":false,"campfire_upgraded":4,"timestamp":1520544725,"path_taken":["M","$","M","M","M","R","$","M","T","?","?","R","$","M","R","BOSS","M","?","?","?","M","R","?","R","T","?","$","M","M","?","R","BOSS","M","M","M","$","M"],"build_version":"2018-03-01-PROD1","purchased_purges":4,"victory":false,"master_deck":["Strike_R","Strike_R","Defend_R","Defend_R","Defend_R","Bash+1","Pommel Strike","Flex+1","Flex+1","Twin Strike","Limit Break","Fiend Fire","Whirlwind+1","Flex+1","Limit Break","Inflame","Anger+1","Pummel","Shrug It Off","Power Through+1","Double Tap","Intimidate+1","Shrug It Off"],"max_hp_per_floor":[72,72,72,72,72,72,72,72,72,72,72,72,72,72,72,72,72,72,77,77,77,77,77,77,77,77,77,77,77,77,77,77,77,77,77,77,77,77],"relics":["Burning Blood","Bag of Marbles","Magic Flower","Oddly Smooth Stone","Girya","Sozu"],"card_choices":[{"not_picked":["Uppercut","Sword Boomerang"],"picked":"Pommel Strike"},{"not_picked":["Thunderclap","Warcry"],"picked":"Flex"},{"not_picked":["Evolve","Perfected Strike"],"picked":"Twin Strike"},{"not_picked":["Body Slam","Thunderclap"],"picked":"Fiend Fire"},{"not_picked":["Feel No Pain","Spot Weakness"],"picked":"Whirlwind"},{"not_picked":["Immolate","Dark Embrace"],"picked":"Limit Break"},{"not_picked":["Disarm","Perfected Strike"],"picked":"Inflame"},{"not_picked":["Disarm","Flex"],"picked":"Anger"},{"not_picked":["Bloodletting","Shockwave"],"picked":"Power Through"},{"not_picked":["Juggernaut","Berserk"],"picked":"Double Tap"},{"not_picked":["Armaments","Rupture"],"picked":"Intimidate"},{"not_picked":["Dropkick","Rupture"],"picked":"Shrug It Off"}],"player_experience":31248,"potions_floor_usage":[35],"damage_taken":[{"damage":8.0,"enemies":"Small Slimes","floor":1.0,"turns":5.0},{"damage":1.0,"enemies":"Jaw Worm","floor":3.0,"turns":4.0},{"damage":0.0,"enemies":"2 Louse","floor":4.0,"turns":2.0},{"damage":0.0,"enemies":"Looter","floor":5.0,"turns":3.0},{"damage":6.0,"enemies":"Red Slaver","floor":8.0,"turns":3.0},{"damage":8.0,"enemies":"Gremlin Nob","floor":10.0,"turns":3.0},{"damage":2.0,"enemies":"2 Fungi Beasts","floor":14.0,"turns":3.0},{"damage":55.0,"enemies":"Hexaghost","floor":16.0,"turns":5.0},{"damage":10.0,"enemies":"Spheric Guardian","floor":18.0,"turns":3.0},{"damage":16.0,"enemies":"Chosen","floor":21.0,"turns":5.0},{"damage":16.0,"enemies":"Snake Plant","floor":22.0,"turns":2.0},{"damage":12.0,"enemies":"3 Cultists","floor":24.0,"turns":3.0},{"damage":0.0,"enemies":"Snecko","floor":29.0,"turns":2.0},{"damage":24.0,"enemies":"Sentry and Sphere","floor":30.0,"turns":4.0},{"damage":75.0,"enemies":"Champ","floor":33.0,"turns":9.0},{"damage":21,"enemies":"3 Darklings","floor":35,"turns":3},{"damage":17,"enemies":"3 Shapes","floor":36,"turns":1},{"damage":31,"enemies":"Maw","floor":37,"turns":8},{"damage":39,"enemies":"4 Shapes","floor":39,"turns":4}],"event_choices":[{"event_name":"Dead Adventurer","player_choice":"Searched \u00272\u0027 times","floor":10.0,"damage_taken":0.0},{"event_name":"Forgotten Altar","player_choice":"Shed Blood","floor":19.0,"damage_taken":0.0},{"event_name":"Beggar","player_choice":"Gave Gold","floor":20.0,"damage_taken":0.0},{"event_name":"Accursed Blacksmith","player_choice":"Forge","floor":27.0,"damage_taken":0.0}],"boss_relics":[{"not_picked":["Runic Cube","Velvet Choker"],"picked":"Sozu"}],"potions_floor_spawned":[1,4,8,10,18,33,36],"seed_played":"-2491842196906603950","killed_by":"4 Shapes","ascension_level":0,"is_trial":false}