{"path_per_floor":["M","?","M","M","M","R","E","R","T","R","$","M","M","M","R"],"character_chosen":"IRONCLAD","items_purchased":["True Grit"],"gold_per_floor":[11,11,21,38,55,55,89,89,89,89,42,54,73,90,90,90],"floor_reached":16,"campfire_rested":0,"playtime":1178,"item_purchase_floors":[11],"current_hp_per_floor":[76,76,77,80,68,68,58,58,58,58,58,64,59,51,51,0],"items_purged":[],"gold":90,"score":120,"play_id":"b12d04a8-3435-4ab3-b45d-f1d9be64cc72","local_time":"20180606125435","is_prod":false,"is_daily":false,"chose_seed":false,"is_ascension_mode":true,"campfire_upgraded":4,"win_rate":0,"timestamp":1528282475,"campfire_choices":[{"data":"Body Slam","floor":6,"key":"SMITH"},{"data":"Body Slam","floor":8,"key":"SMITH"},{"data":"Armaments","floor":10,"key":"SMITH"},{"data":"Entrench","floor":15,"key":"SMITH"}],"path_taken":["M","?","M","M","M","R","E","R","T","R","?","M","M","M","R","BOSS"],"build_version":"2018-06-05","seed_source_timestamp":1289282148358,"purchased_purges":0,"victory":false,"master_deck":["Strike_R","Strike_R","Strike_R","Strike_R","Defend_R","Defend_R","Defend_R","Defend_R","Bash","Iron Wave","Body Slam+1","Armaments+1","Body Slam+1","True Grit","Entrench+1","Iron Wave"],"max_hp_per_floor":[80,80,80,80,80,80,80,80,80,80,80,80,80,80,80,80],"relics":["Burning Blood","Calipers","Darkstone Periapt","Frozen Egg 2"],"card_choices":[{"not_picked":["Sword Boomerang","Evolve","Havoc"],"picked":"SKIP","floor":1},{"not_picked":["Clothesline","Pommel Strike"],"picked":"Iron Wave","floor":3},{"not_picked":["Cleave","Havoc"],"picked":"Body Slam","floor":4},{"not_picked":["Spot Weakness","Havoc"],"picked":"Armaments","floor":5},{"not_picked":["Perfected Strike","Clothesline"],"picked":"Body Slam","floor":7},{"not_picked":["Warcry","Havoc","Pommel Strike"],"picked":"SKIP","floor":12},{"not_picked":["Pommel Strike","Anger"],"picked":"Entrench","floor":13},{"not_picked":["Clash","Rupture+1"],"picked":"Iron Wave","floor":14}],"player_experience":133113,"potions_floor_usage":[12,12],"damage_taken":[{"damage":10,"enemies":"2 Louse","floor":1,"turns":4},{"damage":5,"enemies":"Small Slimes","floor":3,"turns":4},{"damage":3,"enemies":"Jaw Worm","floor":4,"turns":6},{"damage":18,"enemies":"Exordium Thugs","floor":5,"turns":5},{"damage":16,"enemies":"3 Sentries","floor":7,"turns":9},{"damage":0,"enemies":"Blue Slaver","floor":12,"turns":2},{"damage":11,"enemies":"Lots of Slimes","floor":13,"turns":5},{"damage":14,"enemies":"3 Louse","floor":14,"turns":5},{"damage":51,"enemies":"Slime Boss","floor":16,"turns":10}],"relics_obtained":[{"floor":7,"key":"Darkstone Periapt"},{"floor":9,"key":"Frozen Egg 2"}],"event_choices":[{"event_name":"Living Wall","player_choice":"Forget","floor":2,"damage_taken":0}],"boss_relics":[],"items_purged_floors":[],"potions_floor_spawned":[4,5],"seed_played":"-3518427308254699100","killed_by":"Slime Boss","ascension_level":3,"potions_obtained":[{"floor":4,"key":"SteroidPotion"},{"floor":5,"key":"Energy Potion"}],"is_trial":false}