{"gold_per_floor":[110,110,129,204,204,204,233,233,233,252,269,269,302,320,320,415,415,425,437,463,483,483],"floor_reached":22,"playtime":997,"items_purged":[],"score":254,"play_id":"3ce4456f-ec01-4227-9b89-318d06a43ff1","local_time":"20190910223605","is_ascension_mode":true,"campfire_choices":[{"data":"InnerPeace","floor":6,"key":"SMITH"},{"data":"Omniscience","floor":8,"key":"SMITH"},{"data":"Devotion","floor":12,"key":"SMITH"},{"data":"PathToVictory","floor":15,"key":"SMITH"}],"neow_cost":"NONE","seed_source_timestamp":553032470722800,"circlet_count":0,"master_deck":["Strike_P","Strike_P","Strike_P+1","Defend_P","Defend_P","Defend_P","Defend_P","Eruption","Vigilance","CutThroughFate+1","InnerPeace+1","Omniscience+1","PathToVictory+1","Devotion+1","ThirdEye","EmptyFist","ReachHeaven","Perseverance","Protect","Wireheading"],"relics":["PureWater","NeowsBlessing","Letter Opener","Matryoshka","Pear","Fusion Hammer","Bag of Preparation","Orichalcum"],"potions_floor_usage":[13,16,16,16,18,22],"damage_taken":[{"damage":0,"enemies":"2 Louse","floor":1,"turns":1},{"damage":0,"enemies":"Cultist","floor":3,"turns":1},{"damage":0,"enemies":"3 Sentries","floor":7,"turns":1},{"damage":5,"enemies":"Small Slimes","floor":10,"turns":3},{"damage":0,"enemies":"Exordium Wildlife","floor":11,"turns":2},{"damage":10,"enemies":"Gremlin Nob","floor":13,"turns":3},{"damage":3,"enemies":"Blue Slaver","floor":14,"turns":2},{"damage":6,"enemies":"Slime Boss","floor":16,"turns":5},{"damage":12,"enemies":"2 Thieves","floor":18,"turns":3},{"damage":2,"enemies":"Shell Parasite","floor":19,"turns":3},{"damage":47,"enemies":"Snake Plant","floor":21,"turns":6},{"damage":16,"enemies":"Sentry and Sphere","floor":22,"turns":5}],"seed_played":"5401642591881322922","potions_obtained":[{"floor":10,"key":"EntropicBrew"},{"floor":11,"key":"SkillPotion"},{"floor":14,"key":"Fire Potion"},{"floor":21,"key":"Explosive Potion"}],"is_trial":false,"path_per_floor":["M","?","M","?","?","R","E","R","T","M","M","R","E","M","R","B",null,"M","M","T","M","M"],"character_chosen":"WATCHER","items_purchased":[],"campfire_rested":0,"item_purchase_floors":[],"current_hp_per_floor":[65,52,52,41,41,41,41,41,41,36,36,36,36,33,33,27,75,63,61,61,14,0],"gold":483,"neow_bonus":"THREE_ENEMY_KILL","is_prod":false,"is_daily":false,"chose_seed":false,"campfire_upgraded":4,"win_rate":0,"timestamp":1568169365,"path_taken":["M","?","M","?","?","R","E","R","T","M","M","R","E","M","R","BOSS","M","M","?","?","M"],"build_version":"2019-09-10","purchased_purges":0,"victory":false,"max_hp_per_floor":[65,65,65,65,65,65,65,65,65,65,65,65,75,75,75,75,75,75,75,75,75,75],"card_choices":[{"not_picked":["Consecrate","Halt"],"picked":"CutThroughFate","floor":1},{"not_picked":["FlurryOfBlows","Consecrate"],"picked":"InnerPeace","floor":3},{"not_picked":["CrushJoints","Sanctity"],"picked":"Omniscience","floor":7},{"not_picked":["EmptyMind","ThirdEye"],"picked":"PathToVictory","floor":10},{"not_picked":["Halt","Swivel"],"picked":"Devotion","floor":11},{"not_picked":["FlyingSleeves","BowlingBash"],"picked":"ThirdEye","floor":13},{"not_picked":["EmptyMind","CrushJoints"],"picked":"EmptyFist","floor":14},{"not_picked":["Blasphemy","Pray"],"picked":"ReachHeaven","floor":16},{"not_picked":["FollowUp","Weave"],"picked":"Perseverance","floor":18},{"not_picked":["Vengeance","ClearTheMind+1"],"picked":"Protect","floor":19},{"not_picked":["Consecrate","JustLucky"],"picked":"Wireheading","floor":21}],"player_experience":1937290,"relics_obtained":[{"floor":7,"key":"Letter Opener"},{"floor":9,"key":"Matryoshka"},{"floor":13,"key":"Pear"},{"floor":20,"key":"Bag of Preparation"},{"floor":20,"key":"Orichalcum"}],"event_choices":[{"damage_healed":0,"gold_gain":0,"player_choice":"Entered Light","damage_taken":13,"max_hp_gain":0,"max_hp_loss":0,"event_name":"Shining Light","floor":2,"gold_loss":0,"cards_upgraded":["CutThroughFate","Strike_P"]},{"damage_healed":0,"gold_gain":75,"player_choice":"Gather Gold","damage_taken":11,"max_hp_gain":0,"max_hp_loss":0,"event_name":"World of Goop","floor":4,"gold_loss":0},{"cards_removed":["Strike_P"],"damage_healed":0,"gold_gain":0,"player_choice":"Purged","damage_taken":0,"max_hp_gain":0,"max_hp_loss":0,"event_name":"Purifier","floor":5,"gold_loss":0}],"is_beta":true,"boss_relics":[{"not_picked":["Philosopher\u0027s Stone","HolyWater"],"picked":"Fusion Hammer"}],"items_purged_floors":[],"is_endless":false,"potions_floor_spawned":[10,11,14,21],"killed_by":"Sentry and Sphere","ascension_level":3}