{"gold_per_floor":[113,130,146,146,176,209,233,251,251,271,302,302,329,340,340,436,436,436,436,187,187,187,187,187,187,187,187,187,187,187,187,187,187,187,187,187,187,42,42,42,42,42,42,42,42,42,42,42,42,42],"floor_reached":51,"playtime":10726,"items_purged":["Strike_R","Strike_R"],"score":1013,"play_id":"f5a67acb-5fbe-48bc-8e9f-d804fedab30b","local_time":"20190911214104","is_ascension_mode":true,"campfire_choices":[{"floor":12,"key":"REST"},{"data":"Armaments","floor":15,"key":"SMITH"},{"data":"Pommel Strike","floor":24,"key":"SMITH"},{"data":"Clothesline","floor":29,"key":"SMITH"},{"data":"Double Tap","floor":32,"key":"SMITH"},{"data":"Flame Barrier","floor":40,"key":"SMITH"},{"data":"Master of Strategy","floor":44,"key":"SMITH"},{"data":"Burning Pact","floor":49,"key":"SMITH"}],"neow_cost":"NONE","seed_source_timestamp":19085953077500,"circlet_count":0,"master_deck":["Strike_R","Strike_R","Defend_R+1","Defend_R","Defend_R","Bash","Clothesline+1","Ghostly Armor","Pommel Strike+1","Armaments+1","Seeing Red+1","Flame Barrier+1","Feed+1","Iron Wave+1","Pommel Strike+1","Bludgeon+1","Flame Barrier+1","RitualDagger+1","Headbutt+1","Master of Strategy+1","Cleave+1","Shrug It Off","Burning Pact+1","Double Tap+1","Fiend Fire+1","Intimidate+1","Dramatic Entrance+1","Thunderclap+1","Disarm+1","True Grit+1","Shrug It Off+1"],"special_seed":0,"relics":["Burning Blood","Tiny Chest","Ancient Tea Set","Smiling Mask","Mummified Hand","Molten Egg 2","Happy Flower","Ectoplasm","Torii","Nunchaku","FossilizedHelix","Pantograph","Bag of Marbles","Coffee Dripper","War Paint","Gambling Chip","Gremlin Horn"],"potions_floor_usage":[11,13,13,16,23,33,39,42,50,50],"damage_taken":[{"damage":1.0,"enemies":"Cultist","floor":1.0,"turns":3.0},{"damage":0.0,"enemies":"2 Louse","floor":2.0,"turns":2.0},{"damage":4.0,"enemies":"Jaw Worm","floor":3.0,"turns":4.0},{"damage":25.0,"enemies":"3 Sentries","floor":6.0,"turns":12.0},{"damage":17.0,"enemies":"Exordium Thugs","floor":8.0,"turns":6.0},{"damage":16.0,"enemies":"Large Slime","floor":10.0,"turns":7.0},{"damage":10,"enemies":"Gremlin Nob","floor":11,"turns":4},{"damage":16,"enemies":"Lagavulin","floor":13,"turns":8},{"damage":0,"enemies":"Blue Slaver","floor":14,"turns":5},{"damage":3,"enemies":"The Guardian","floor":16,"turns":17},{"damage":6,"enemies":"Spheric Guardian","floor":18,"turns":3},{"damage":0,"enemies":"3 Byrds","floor":21,"turns":4},{"damage":1,"enemies":"Sentry and Sphere","floor":22,"turns":4},{"damage":7,"enemies":"Slavers","floor":23,"turns":8},{"damage":3,"enemies":"Shelled Parasite and Fungi","floor":25,"turns":6},{"damage":9,"enemies":"Book of Stabbing","floor":27,"turns":6},{"damage":0,"enemies":"Snake Plant","floor":28,"turns":4},{"damage":0,"enemies":"Slavers","floor":31,"turns":11},{"damage":56,"enemies":"Champ","floor":33,"turns":9},{"damage":0,"enemies":"3 Shapes","floor":35,"turns":2},{"damage":0,"enemies":"3 Darklings","floor":39,"turns":3},{"damage":0,"enemies":"Jaw Worm Horde","floor":41,"turns":2},{"damage":0,"enemies":"Reptomancer","floor":42,"turns":4},{"damage":0,"enemies":"Giant Head","floor":45,"turns":4},{"damage":0,"enemies":"Spire Growth","floor":47,"turns":3},{"damage":0,"enemies":"4 Shapes","floor":48,"turns":3},{"damage":10,"enemies":"Donu and Deca","floor":50,"turns":9}],"seed_played":"-1041768500306409284","potions_obtained":[{"floor":3.0,"key":"Dexterity Potion"},{"floor":8.0,"key":"Ancient Potion"},{"floor":11,"key":"EntropicBrew"},{"floor":13,"key":"EssenceOfSteel"},{"floor":21,"key":"Fire Potion"},{"floor":23,"key":"LiquidBronze"},{"floor":25,"key":"SteroidPotion"},{"floor":35,"key":"Strength Potion"},{"floor":39,"key":"Explosive Potion"},{"floor":48,"key":"LiquidBronze"}],"is_trial":false,"path_per_floor":["M","M","M","?","?","E","T","M","T","M","E","R","E","M","R","B",null,"M","?","$","M","M","E","R","M","T","E","M","R","T","E","R","B",null,"M","?","?","$","M","R","M","E","T","R","E","?","M","M","R","B",null],"character_chosen":"IRONCLAD","items_purchased":["Headbutt+1","Master of Strategy","Dramatic Entrance+1"],"campfire_rested":1,"item_purchase_floors":[20,20,38],"current_hp_per_floor":[80,80,80,85,82,63,63,52,52,42,38,63,53,63,63,66,89,89,83,83,93,93,96,96,101,101,98,105,105,105,109,109,59,109,109,104,104,104,104,104,104,104,104,104,104,104,104,108,108,108],"gold":42,"neow_bonus":"REMOVE_CARD","is_prod":false,"is_daily":false,"chose_seed":false,"campfire_upgraded":7,"win_rate":0,"timestamp":1568227264,"path_taken":["M","M","M","?","?","E","?","M","T","?","E","R","E","M","R","BOSS","M","?","$","M","M","E","R","M","T","E","M","R","?","E","R","BOSS","M","?","?","$","M","R","M","E","T","R","E","?","?","?","R","BOSS"],"build_version":"2019-07-17","purchased_purges":2,"victory":true,"max_hp_per_floor":[80,80,80,85,85,85,85,85,85,85,85,85,85,89,89,89,89,89,89,89,93,93,97,97,101,101,101,105,105,105,109,109,109,109,109,104,104,104,104,104,104,104,104,104,104,104,104,108,108,112],"card_choices":[{"not_picked":["Warcry","Body Slam"],"picked":"Clothesline","floor":1.0},{"not_picked":["Wild Strike","True Grit"],"picked":"Ghostly Armor","floor":2.0},{"not_picked":["Sever Soul","Shrug It Off"],"picked":"Pommel Strike","floor":3.0},{"not_picked":["Havoc","Flex"],"picked":"Armaments","floor":6.0},{"not_picked":["Headbutt","Intimidate"],"picked":"Seeing Red","floor":8.0},{"not_picked":["Sever Soul","Dual Wield"],"picked":"Flame Barrier","floor":10.0},{"not_picked":["Hemokinesis","True Grit"],"picked":"Feed","floor":11},{"not_picked":["Clothesline+1","Second Wind"],"picked":"Iron Wave+1","floor":13},{"not_picked":["Headbutt+1","Heavy Blade+1"],"picked":"Pommel Strike+1","floor":14},{"not_picked":["Exhume","Feed+1"],"picked":"Bludgeon+1","floor":16},{"not_picked":["Havoc","Reckless Charge+1"],"picked":"Flame Barrier+1","floor":18},{"not_picked":["Headbutt+1","Twin Strike+1"],"picked":"Cleave+1","floor":21},{"not_picked":["Wild Strike+1","Armaments"],"picked":"Shrug It Off","floor":22},{"not_picked":["Rage","Heavy Blade+1","Feed+1"],"picked":"SKIP","floor":23},{"not_picked":["Armaments","Sword Boomerang+1","Evolve"],"picked":"SKIP","floor":25},{"not_picked":["Anger+1","Cleave+1","Heavy Blade+1"],"picked":"SKIP","floor":27},{"not_picked":["Searing Blow+1","Clothesline+1"],"picked":"Burning Pact","floor":28},{"not_picked":["Anger+1","Clash+1"],"picked":"Double Tap","floor":31},{"not_picked":["Demon Form","Impervious"],"picked":"Fiend Fire+1","floor":33},{"not_picked":["Combust","Hemokinesis+1"],"picked":"Intimidate+1","floor":35},{"not_picked":["Warcry","Wild Strike+1"],"picked":"Thunderclap+1","floor":39},{"not_picked":["Flex+1","Dual Wield"],"picked":"Disarm+1","floor":41},{"not_picked":["Flex","Double Tap"],"picked":"True Grit+1","floor":42},{"not_picked":["Entrench","Headbutt+1","Wild Strike+1"],"picked":"SKIP","floor":45},{"not_picked":["Twin Strike+1","Armaments+1"],"picked":"Shrug It Off+1","floor":47},{"not_picked":["Disarm+1","Headbutt+1","Cleave+1"],"picked":"SKIP","floor":48}],"player_experience":233985,"relics_obtained":[{"floor":6.0,"key":"Ancient Tea Set"},{"floor":7.0,"key":"Smiling Mask"},{"floor":9.0,"key":"Mummified Hand"},{"floor":11,"key":"Molten Egg 2"},{"floor":13,"key":"Happy Flower"},{"floor":23,"key":"Torii"},{"floor":26,"key":"Nunchaku"},{"floor":27,"key":"FossilizedHelix"},{"floor":30,"key":"Pantograph"},{"floor":31,"key":"Bag of Marbles"},{"floor":42,"key":"War Paint"},{"floor":43,"key":"Gambling Chip"},{"floor":45,"key":"Gremlin Horn"}],"event_choices":[{"damage_healed":0.0,"max_hp_gain":5.0,"max_hp_loss":0.0,"gold_gain":0.0,"event_name":"Big Fish","player_choice":"Donut","floor":4.0,"gold_loss":0.0,"damage_taken":0.0},{"damage_healed":0.0,"max_hp_gain":0.0,"max_hp_loss":0.0,"gold_gain":0.0,"event_name":"Scrap Ooze","player_choice":"Success","floor":5.0,"gold_loss":0.0,"damage_taken":3.0,"relics_obtained":["Tiny Chest"]},{"damage_healed":0,"gold_gain":0,"player_choice":"Joined the Cult","damage_taken":6,"max_hp_gain":0,"max_hp_loss":0,"event_name":"Nest","floor":19,"gold_loss":0,"cards_obtained":["RitualDagger"]},{"damage_healed":0,"gold_gain":0,"player_choice":"Max HP","damage_taken":0,"max_hp_gain":0,"max_hp_loss":5,"event_name":"Winding Halls","floor":36,"gold_loss":0},{"damage_healed":0,"gold_gain":0,"player_choice":"Ignored","damage_taken":0,"max_hp_gain":0,"max_hp_loss":0,"event_name":"Tomb of Lord Red Mask","floor":37,"gold_loss":0},{"cards_removed":["Defend_R"],"damage_healed":0,"gold_gain":0,"player_choice":"Removed Skill","damage_taken":0,"max_hp_gain":0,"max_hp_loss":0,"event_name":"Falling","floor":46,"gold_loss":0}],"is_beta":false,"boss_relics":[{"not_picked":["Calling Bell","Lizard Tail"],"picked":"Ectoplasm"},{"not_picked":["Runic Pyramid","Fusion Hammer"],"picked":"Coffee Dripper"}],"items_purged_floors":[20,38],"is_endless":false,"potions_floor_spawned":[3,8,11,13,14,21,23,25,31,35,39,48],"ascension_level":3}