{"gold_per_floor":[115,125,125,4,22,22,49,49,129,129,143,163,176,194,194,296,296,307,170,25,37,136,164,164,175,175,175,175,192,142,160,160,160],"floor_reached":33,"playtime":1576,"items_purged":["Strike_B","Strike_B","Strike_B"],"score":269,"play_id":"027578f7-6579-4ace-ab8c-1c3dbec51e05","local_time":"20190315115507","is_ascension_mode":false,"campfire_choices":[{"data":"Zap","floor":6.0,"key":"SMITH"},{"data":"Dualcast","floor":8.0,"key":"SMITH"},{"data":"Streamline","floor":10.0,"key":"SMITH"},{"data":"Barrage","floor":15.0,"key":"SMITH"},{"floor":27.0,"key":"REST"},{"data":"Defragment","floor":28.0,"key":"SMITH"},{"data":"Redo","floor":32.0,"key":"SMITH"}],"neow_cost":"NONE","seed_source_timestamp":85425895533339,"circlet_count":0,"master_deck":["Strike_B","Defend_B","Defend_B","Defend_B","Defend_B","Zap+1","Dualcast+1","Streamline+1","Ball Lightning","Coolheaded","Amplify","Leap","Barrage+1","BootSequence","Ball Lightning","Core Surge","Beam Cell+1","Defragment+1","Rebound+1","Cold Snap","Recycle+1","Redo+1"],"special_seed":0,"relics":["Cracked Core","NeowsBlessing","Pen Nib","Sozu","DataDisk","WingedGreaves","Smiling Mask"],"potions_floor_usage":[],"damage_taken":[{"damage":0.0,"enemies":"Small Slimes","floor":1.0,"turns":1.0},{"damage":0.0,"enemies":"Cultist","floor":2.0,"turns":1.0},{"damage":0.0,"enemies":"Jaw Worm","floor":5.0,"turns":1.0},{"damage":6.0,"enemies":"Lagavulin","floor":7.0,"turns":5.0},{"damage":9.0,"enemies":"2 Fungi Beasts","floor":11.0,"turns":3.0},{"damage":0.0,"enemies":"Exordium Wildlife","floor":12.0,"turns":3.0},{"damage":0.0,"enemies":"3 Louse","floor":13.0,"turns":2.0},{"damage":2.0,"enemies":"Gremlin Gang","floor":14.0,"turns":3.0},{"damage":25.0,"enemies":"Hexaghost","floor":16.0,"turns":9.0},{"damage":0.0,"enemies":"Shell Parasite","floor":18.0,"turns":4.0},{"damage":5.0,"enemies":"Spheric Guardian","floor":21.0,"turns":3.0},{"damage":28.0,"enemies":"Slavers","floor":23.0,"turns":6.0},{"damage":24.0,"enemies":"Snake Plant","floor":25.0,"turns":3.0},{"damage":8.0,"enemies":"3 Cultists","floor":29.0,"turns":4.0},{"damage":0.0,"enemies":"Cultist and Chosen","floor":31.0,"turns":4.0},{"damage":38,"enemies":"Collector","floor":33,"turns":3}],"seed_played":"-4367250368832805847","potions_obtained":[{"floor":2.0,"key":"LiquidBronze"},{"floor":5.0,"key":"SneckoOil"},{"floor":7.0,"key":"Energy Potion"}],"is_trial":false,"path_per_floor":["M","M","?","$","M","R","E","R","T","R","M","M","M","M","R","B",null,"M","$","$","M","?","E","?","M","T","R","R","M","$","M","R","B"],"character_chosen":"DEFECT","items_purchased":["Ball Lightning","Defragment","DataDisk"],"campfire_rested":1,"item_purchase_floors":[4,19,20],"current_hp_per_floor":[75,75,75,75,75,75,69,69,69,69,60,60,60,58,58,33,75,75,75,75,70,70,42,42,18,18,40,40,32,32,32,32,0],"gold":160,"neow_bonus":"THREE_ENEMY_KILL","is_prod":false,"is_daily":false,"chose_seed":false,"campfire_upgraded":6,"win_rate":0,"timestamp":1552618507,"path_taken":["M","M","?","$","M","R","E","R","T","R","M","M","M","M","R","BOSS","M","?","$","?","?","E","?","M","T","R","R","M","?","M","R","BOSS"],"build_version":"2019-01-23","purchased_purges":3,"victory":false,"max_hp_per_floor":[75,75,75,75,75,75,75,75,75,75,75,75,75,75,75,75,75,75,75,75,75,75,75,75,75,75,75,75,75,75,75,75,75],"card_choices":[{"not_picked":["Barrage","Gash"],"picked":"Streamline","floor":1.0},{"not_picked":["Streamline","Stack","Compile Driver"],"picked":"SKIP","floor":2.0},{"not_picked":["Reinforced Body","Hologram"],"picked":"Coolheaded","floor":5.0},{"not_picked":["Heatsinks","Reprogram"],"picked":"Amplify","floor":7.0},{"not_picked":["Ball Lightning","Hologram"],"picked":"Leap","floor":11.0},{"not_picked":["Beam Cell","Stack"],"picked":"Barrage","floor":12.0},{"not_picked":["Compile Driver","Gash"],"picked":"BootSequence","floor":13.0},{"not_picked":["FTL","Rebound"],"picked":"Ball Lightning","floor":14.0},{"not_picked":["Reboot","Hyperbeam"],"picked":"Core Surge","floor":16.0},{"not_picked":["Undo+1","Melter"],"picked":"Beam Cell+1","floor":18.0},{"not_picked":["Redo","Streamline"],"picked":"Rebound+1","floor":21.0},{"not_picked":["Melter","Sweeping Beam"],"picked":"Cold Snap","floor":23.0},{"not_picked":["Hologram","Coolheaded"],"picked":"Recycle+1","floor":25.0},{"not_picked":["Recycle","Auto Shields","Turbo"],"picked":"SKIP","floor":29.0},{"not_picked":["Turbo","Coolheaded"],"picked":"Redo","floor":31.0}],"player_experience":267889,"relics_obtained":[{"floor":7.0,"key":"Pen Nib"},{"floor":23.0,"key":"WingedGreaves"},{"floor":26.0,"key":"Smiling Mask"}],"event_choices":[{"damage_healed":0.0,"max_hp_gain":0.0,"max_hp_loss":0.0,"gold_gain":0.0,"event_name":"NoteForYourself","player_choice":"Ignored","floor":3.0,"gold_loss":0.0,"damage_taken":0.0},{"damage_healed":0.0,"max_hp_gain":0.0,"max_hp_loss":0.0,"gold_gain":99.0,"event_name":"Nest","player_choice":"Stole From Cult","floor":22.0,"gold_loss":0.0,"damage_taken":0.0},{"damage_healed":0.0,"max_hp_gain":0.0,"max_hp_loss":0.0,"gold_gain":0.0,"event_name":"The Mausoleum","player_choice":"Ignored","floor":24.0,"gold_loss":0.0,"damage_taken":0.0}],"is_beta":false,"boss_relics":[{"not_picked":["Tiny House","Astrolabe"],"picked":"Sozu"}],"items_purged_floors":[4,19,30],"is_endless":false,"potions_floor_spawned":[2,5,7,21,25,29,31],"killed_by":"Collector","ascension_level":0}