{"gold_per_floor":[11,25,40,40,53,85,95,108,108,27,27],"floor_reached":11,"playtime":764,"items_purged":[],"score":77,"play_id":"83034eac-3414-467c-a785-fc6b0ddf3ec0","local_time":"20190621235232","is_ascension_mode":false,"campfire_choices":[],"neow_cost":"NO_GOLD","seed_source_timestamp":1033424703093812,"circlet_count":0,"master_deck":["Defend_G","Defend_G","Defend_G","Defend_G","Defend_G","Strike_G","Strike_G","Strike_G","Strike_G","Strike_G","Survivor","Neutralize","Escape Plan","PiercingWail","Cloak And Dagger","Setup","Envenom","Well Laid Plans","Night Terror"],"relics":["Ring of the Snake","Nunchaku","Boot","Singing Bowl","Pear"],"potions_floor_usage":[6,11,11,11],"damage_taken":[{"damage":1,"enemies":"Cultist","floor":1,"turns":6},{"damage":0,"enemies":"Small Slimes","floor":2,"turns":4},{"damage":0,"enemies":"2 Louse","floor":3,"turns":4},{"damage":1,"enemies":"Blue Slaver","floor":5,"turns":5},{"damage":35,"enemies":"Gremlin Nob","floor":6,"turns":5},{"damage":6,"enemies":"3 Louse","floor":7,"turns":5},{"damage":3,"enemies":"Red Slaver","floor":8,"turns":4},{"damage":13,"enemies":"Lagavulin","floor":11,"turns":9}],"seed_played":"9211147152967426163","potions_obtained":[{"floor":1,"key":"SteroidPotion"},{"floor":3,"key":"GamblersBrew"},{"floor":5,"key":"Swift Potion"},{"floor":8,"key":"Weak Potion"}],"is_trial":false,"path_per_floor":["M","M","M","?","M","E","M","M","T","$","E"],"character_chosen":"THE_SILENT","items_purchased":["Night Terror"],"campfire_rested":0,"item_purchase_floors":[10],"current_hp_per_floor":[69,69,69,44,43,8,4,1,11,11,0],"gold":27,"neow_bonus":"ONE_RARE_RELIC","is_prod":false,"is_daily":false,"chose_seed":false,"campfire_upgraded":0,"win_rate":0,"timestamp":1561175552,"path_taken":["M","M","?","?","M","E","M","M","T","$","E"],"build_version":"2019-01-23","purchased_purges":0,"victory":false,"max_hp_per_floor":[70,70,70,70,70,70,72,72,82,82,82],"card_choices":[{"not_picked":["Slice","Flying Knee"],"picked":"Escape Plan","floor":1},{"not_picked":["Dagger Throw","Reflex"],"picked":"PiercingWail","floor":2},{"not_picked":["Poisoned Stab","Finisher"],"picked":"Cloak And Dagger","floor":3},{"not_picked":["Underhanded Strike","Flying Knee"],"picked":"Setup","floor":5},{"not_picked":["Crippling Poison","Dagger Spray"],"picked":"Envenom","floor":6},{"not_picked":["Dodge and Roll","Deflect","All Out Attack"],"picked":"Singing Bowl","floor":7},{"not_picked":["Infinite Blades","Escape Plan"],"picked":"Well Laid Plans","floor":8}],"player_experience":529595,"relics_obtained":[{"floor":6,"key":"Singing Bowl"},{"floor":9,"key":"Pear"}],"event_choices":[{"damage_healed":0,"gold_gain":0,"player_choice":"Success","damage_taken":25,"relics_obtained":["Boot"],"max_hp_gain":0,"max_hp_loss":0,"event_name":"Scrap Ooze","floor":4,"gold_loss":0}],"is_beta":false,"boss_relics":[],"items_purged_floors":[],"is_endless":false,"potions_floor_spawned":[1,3,5,8],"killed_by":"Lagavulin","ascension_level":0}