{"gold_per_floor":[34,94,94,129,129,214,259,259,259,259,65,65,108,156,156,306,306,346,43,58,58,58,58],"floor_reached":23,"playtime":762,"items_purged":["Strike_B"],"score":189,"play_id":"72e13986-8271-4116-a232-a19d4285115f","local_time":"20181216225000","is_ascension_mode":false,"campfire_choices":[{"floor":10,"key":"REST"},{"floor":12,"key":"REST"},{"data":"Panacea","floor":15,"key":"SMITH"}],"neow_cost":"NO_GOLD","seed_source_timestamp":325413856518781,"circlet_count":0,"master_deck":["Strike_B","Strike_B","Strike_B","Defend_B","Defend_B","Defend_B","Defend_B","Zap+1","Dualcast","HandOfGreed+1","Panacea+1","Gash","Echo Form","Ball Lightning","Capacitor+1","Chill","Electrodynamics+1","Mayhem+1","Self Repair+1"],"relics":["FrozenCore","Incense Burner","Golden Idol","Frozen Egg 2","PreservedInsect","Centennial Puzzle"],"potions_floor_usage":[16],"damage_taken":[{"damage":6,"enemies":"Cultist","floor":1,"turns":3},{"damage":0,"enemies":"Small Slimes","floor":4,"turns":2},{"damage":31,"enemies":"3 Sentries","floor":6,"turns":7},{"damage":12,"enemies":"2 Louse","floor":7,"turns":3},{"damage":2,"enemies":"Large Slime","floor":13,"turns":7},{"damage":11,"enemies":"Exordium Wildlife","floor":14,"turns":2},{"damage":7,"enemies":"Slime Boss","floor":16,"turns":5},{"damage":10,"enemies":"2 Thieves","floor":18,"turns":4},{"damage":13,"enemies":"Shell Parasite","floor":20,"turns":7},{"damage":56,"enemies":"Book of Stabbing","floor":23,"turns":5}],"seed_played":"-425598105975137984","potions_obtained":[{"floor":6,"key":"FocusPotion"},{"floor":13,"key":"SteroidPotion"}],"is_trial":false,"path_per_floor":["M","?","?","M","?","E","M","?","T","R","$","R","M","M","R","B",null,"M","$","M","?","?","E"],"character_chosen":"DEFECT","items_purchased":["PreservedInsect","Capacitor+1","Mayhem+1","Self Repair+1"],"campfire_rested":2,"item_purchase_floors":[11,11,19,19],"current_hp_per_floor":[69,69,54,54,54,23,11,11,11,31,31,51,49,38,38,31,69,59,59,56,56,56,0],"gold":58,"neow_bonus":"RANDOM_COLORLESS_2","is_prod":false,"is_daily":false,"chose_seed":false,"campfire_upgraded":1,"win_rate":0,"timestamp":1545022200,"path_taken":["M","?","?","M","?","E","M","?","T","R","$","R","M","M","R","BOSS","M","$","M","?","?","E"],"build_version":"2018-12-13","purchased_purges":1,"victory":false,"max_hp_per_floor":[75,75,75,75,75,75,75,69,69,69,69,69,69,69,69,69,69,69,69,69,69,69,69],"card_choices":[{"not_picked":["Darkness","Chaos","Redo"],"picked":"SKIP","floor":1},{"not_picked":["Streamline","Fusion"],"picked":"Gash","floor":4},{"not_picked":["Coolheaded","Conserve Battery"],"picked":"Echo Form","floor":6},{"not_picked":["Static Discharge","Coolheaded"],"picked":"Ball Lightning","floor":7},{"not_picked":["Consume","Fusion","Stack"],"picked":"SKIP","floor":13},{"not_picked":["Streamline","Consume"],"picked":"Chill","floor":14},{"not_picked":["Core Surge","Biased Cognition+1"],"picked":"Electrodynamics+1","floor":16},{"not_picked":["Redo","Rebound+1","Ball Lightning"],"picked":"SKIP","floor":18},{"not_picked":["Beam Cell","Sweeping Beam","Steam Power"],"picked":"SKIP","floor":20}],"player_experience":378886,"relics_obtained":[{"floor":6,"key":"Incense Burner"},{"floor":9,"key":"Frozen Egg 2"}],"event_choices":[{"damage_healed":0,"gold_gain":60,"player_choice":"Gained Gold","damage_taken":0,"max_hp_gain":0,"max_hp_loss":0,"event_name":"Golden Wing","floor":2,"gold_loss":0},{"damage_healed":0,"gold_gain":0,"player_choice":"Entered Light","damage_taken":15,"max_hp_gain":0,"max_hp_loss":0,"event_name":"Shining Light","floor":3,"gold_loss":0,"cards_upgraded":["HandOfGreed","Zap"]},{"damage_healed":0,"gold_gain":0,"player_choice":"Ignored","damage_taken":0,"max_hp_gain":0,"max_hp_loss":0,"event_name":"Liars Game","floor":5,"gold_loss":0},{"damage_healed":0,"gold_gain":0,"player_choice":"Lose Max HP","damage_taken":0,"relics_obtained":["Golden Idol"],"max_hp_gain":0,"max_hp_loss":6,"event_name":"Golden Idol","floor":8,"gold_loss":0},{"damage_healed":0,"gold_gain":0,"player_choice":"Opened","damage_taken":0,"relics_obtained":["Centennial Puzzle"],"max_hp_gain":0,"max_hp_loss":0,"event_name":"The Mausoleum","floor":21,"gold_loss":0,"cards_obtained":["Writhe"]},{"cards_removed":["Writhe"],"damage_healed":0,"gold_gain":0,"player_choice":"Removed Curses","damage_taken":0,"max_hp_gain":0,"max_hp_loss":0,"event_name":"Fountain of Cleansing","floor":22,"gold_loss":0}],"is_beta":true,"boss_relics":[{"not_picked":["Runic Pyramid","Inserter"],"picked":"FrozenCore"}],"items_purged_floors":[19],"is_endless":false,"potions_floor_spawned":[6,13],"killed_by":"Book of Stabbing","ascension_level":0}