{"gold_per_floor":[119,137,137,137,62,95,95,110,110,10,10,28,44,8,8,113,113,124,141,28,43,43,68,45,74,74,74,74,84,84,136,136,231,231,251,261,261,261],"floor_reached":39,"playtime":4379,"items_purged":["Strike_G","Strike_G"],"score":679,"play_id":"2686ba2e-7942-4690-aa2f-b6e46f633421","local_time":"20180714230056","is_ascension_mode":true,"campfire_choices":[{"data":"Cloak And Dagger","floor":7.0,"key":"SMITH"},{"data":"Dodge and Roll","floor":11.0,"key":"SMITH"},{"data":"Neutralize","floor":15.0,"key":"SMITH"},{"data":"Terror","floor":28,"key":"SMITH"},{"data":"Calculated Gamble","floor":32,"key":"SMITH"}],"neow_cost":"NONE","seed_source_timestamp":0,"circlet_count":0,"master_deck":["Defend_G","Defend_G","Defend_G","Strike_G","Survivor","Neutralize+1","Dodge and Roll+1","Dagger Throw","Cloak And Dagger+1","Quick Slash","Backflip","Flying Knee","Sucker Punch","Cloak And Dagger+1","Predator","Well Laid Plans","Dagger Spray","Calculated Gamble+1","Deflect","Terror+1","Dagger Throw+1","Adrenaline","Predator+1","Noxious Fumes+1","Calculated Gamble+1","Slice"],"special_seed":0,"relics":["Coffee Dripper","NlothsMask","Kunai","Eternal Feather","Meat on the Bone","Orichalcum","Tough Bandages","Omamori","Boot","Astrolabe"],"potions_floor_usage":[33,38,38,38,38],"damage_taken":[{"damage":2.0,"enemies":"Jaw Worm","floor":1.0,"turns":4.0},{"damage":0.0,"enemies":"Small Slimes","floor":2.0,"turns":4.0},{"damage":55.0,"enemies":"Gremlin Nob","floor":6.0,"turns":7.0},{"damage":0.0,"enemies":"2 Louse","floor":8.0,"turns":3.0},{"damage":0.0,"enemies":"Blue Slaver","floor":12.0,"turns":5.0},{"damage":1.0,"enemies":"Gremlin Gang","floor":13.0,"turns":3.0},{"damage":0.0,"enemies":"Hexaghost","floor":16.0,"turns":15.0},{"damage":0.0,"enemies":"3 Byrds","floor":18.0,"turns":6.0},{"damage":0.0,"enemies":"Shell Parasite","floor":19.0,"turns":7.0},{"damage":0.0,"enemies":"Cultist and Chosen","floor":21.0,"turns":8.0},{"damage":11.0,"enemies":"Gremlin Leader","floor":23.0,"turns":8.0},{"damage":1,"enemies":"Book of Stabbing","floor":25,"turns":7},{"damage":3,"enemies":"Snake Plant","floor":29,"turns":6},{"damage":4,"enemies":"Collector","floor":33,"turns":16},{"damage":0,"enemies":"Orb Walker","floor":35,"turns":2},{"damage":0,"enemies":"3 Shapes","floor":36,"turns":4},{"damage":28,"enemies":"Awakened One","floor":38,"turns":16}],"seed_played":"-6752406803551342065","potions_obtained":[{"floor":6.0,"key":"SkillPotion"},{"floor":8.0,"key":"Explosive Potion"},{"floor":12.0,"key":"Dexterity Potion"},{"floor":13.0,"key":"Energy Potion"},{"floor":21.0,"key":"Ancient Potion"},{"floor":25,"key":"EntropicBrew"},{"floor":33,"key":"Ancient Potion"},{"floor":36,"key":"Strength Potion"}],"is_trial":false,"path_per_floor":["M","M","?","?","$","E","R","M","T","$","R","M","M","?","R","B",null,"M","M","$","M","?","E","$","E","T","?","R","M","?","T","R","B",null,"M","M","?","B"],"character_chosen":"THE_SILENT","items_purchased":["Predator","Well Laid Plans","Deflect"],"campfire_rested":0,"item_purchase_floors":[20,20,24],"current_hp_per_floor":[68,68,61,61,61,6,6,6,6,6,6,6,5,5,5,5,70,70,70,70,70,70,59,59,58,58,58,66,63,63,63,70,66,70,70,70,70,42],"gold":261,"neow_bonus":"BOSS_RELIC","is_prod":false,"is_daily":false,"chose_seed":false,"campfire_upgraded":5,"win_rate":0,"timestamp":1531602056,"path_taken":["M","M","?","?","$","E","R","M","T","?","R","?","?","?","R","BOSS","M","M","$","M","?","E","$","E","T","?","R","?","?","?","R","BOSS","M","M","?","BOSS"],"build_version":"2018-07-13","purchased_purges":2,"victory":true,"max_hp_per_floor":[70,70,70,70,70,70,70,70,70,70,70,70,70,70,70,70,70,70,70,70,70,70,70,70,70,70,70,70,70,70,70,70,70,70,70,70,70,70],"card_choices":[{"not_picked":["Deadly Poison","Terror"],"picked":"Dodge and Roll","floor":1.0},{"not_picked":["Slice","Bane"],"picked":"Dagger Throw","floor":2.0},{"not_picked":["Deadly Poison","Deflect"],"picked":"Cloak And Dagger","floor":6.0},{"not_picked":["Dagger Spray","Dodge and Roll"],"picked":"Quick Slash","floor":8.0},{"not_picked":["Tools of the Trade","Dagger Throw"],"picked":"Backflip","floor":12.0},{"not_picked":["Outmaneuver","Skewer"],"picked":"Flying Knee","floor":13.0},{"not_picked":["Bane+1","Masterful Stab"],"picked":"Sucker Punch","floor":18.0},{"not_picked":["Backflip","Malaise"],"picked":"Cloak And Dagger+1","floor":19.0},{"not_picked":["Catalyst","PiercingWail"],"picked":"Dagger Spray","floor":21.0},{"not_picked":["Flying Knee+1","Bane+1"],"picked":"Calculated Gamble","floor":23},{"not_picked":["Quick Slash","Flying Knee"],"picked":"Terror","floor":25},{"not_picked":["Outmaneuver","Noxious Fumes+1"],"picked":"Dagger Throw+1","floor":29},{"not_picked":["Die Die Die","Unload"],"picked":"Adrenaline","floor":33},{"not_picked":["Acrobatics+1","PiercingWail","Endless Agony+1"],"picked":"SKIP","floor":35},{"not_picked":["Deadly Poison","Quick Slash+1"],"picked":"Slice","floor":36}],"player_experience":252066,"relics_obtained":[{"floor":6.0,"key":"Kunai"},{"floor":23,"key":"Meat on the Bone"},{"floor":25,"key":"Orichalcum"},{"floor":26,"key":"Tough Bandages"},{"floor":31,"key":"Boot"}],"event_choices":[{"event_name":"Golden Wing","player_choice":"Card Removal","floor":3.0,"damage_taken":0.0},{"event_name":"FaceTrader","player_choice":"Trade","floor":4.0,"damage_taken":0.0},{"event_name":"World of Goop","player_choice":"Left","floor":14.0,"damage_taken":0.0},{"event_name":"Beggar","player_choice":"Ignored","floor":22.0,"damage_taken":0.0},{"event_name":"The Mausoleum","player_choice":"Yes","floor":27,"damage_taken":0},{"event_name":"Vampires","player_choice":"Ignored","floor":30,"damage_taken":0},{"event_name":"SecretPortal","player_choice":"Took Portal.","floor":37,"damage_taken":0}],"boss_relics":[{"not_picked":["Philosopher\u0027s Stone","Velvet Choker"],"picked":"Eternal Feather"},{"not_picked":["Empty Cage","Snecko Eye"],"picked":"Astrolabe"}],"items_purged_floors":[5,10],"is_endless":false,"potions_floor_spawned":[6,8,12,13,21,25,33,36],"ascension_level":2}