{"gold_per_floor":[361,380,68,84,384,384,439,68,118,133,133,163,163,195,195,300,300,316,591,591],"floor_reached":20,"playtime":1590,"items_purged":[],"score":205,"play_id":"29d55b86-81f5-4664-a18a-4f12db3d13a2","local_time":"20181111230528","is_ascension_mode":false,"campfire_choices":[{"data":"Endless Agony","floor":6,"key":"SMITH"},{"data":"Flash of Steel","floor":11,"key":"SMITH"},{"data":"Flash of Steel","floor":13,"key":"SMITH"},{"floor":15,"key":"REST"}],"neow_cost":"TEN_PERCENT_HP_LOSS","seed_source_timestamp":2744892394171438,"circlet_count":0,"master_deck":["Defend_G","Defend_G","Defend_G","Defend_G","Defend_G","Strike_G","Strike_G","Strike_G","Strike_G","Strike_G","Survivor","Neutralize","Endless Agony+1","Flying Knee","Flash of Steel+1","Deflect","Backflip","Cloak And Dagger","Heel Hook","Flash of Steel+1","Finesse","Backflip","Acrobatics","PiercingWail","After Image","Accuracy"],"relics":["Ring of the Serpent","Juzu Bracelet","Old Coin","The Courier","Ninja Scroll","Omamori","Dodecahedron","Snake Skull"],"potions_floor_usage":[7,7,12,15,20],"damage_taken":[{"damage":0,"enemies":"Small Slimes","floor":1,"turns":4},{"damage":2,"enemies":"Jaw Worm","floor":2,"turns":3},{"damage":0,"enemies":"Cultist","floor":4,"turns":3},{"damage":10,"enemies":"Lagavulin Event","floor":7,"turns":5},{"damage":0,"enemies":"Looter","floor":10,"turns":2},{"damage":9,"enemies":"Lagavulin","floor":12,"turns":5},{"damage":7,"enemies":"3 Sentries","floor":14,"turns":8},{"damage":36,"enemies":"The Guardian","floor":16,"turns":16},{"damage":5,"enemies":"Spheric Guardian","floor":18,"turns":4},{"damage":2,"enemies":"Colosseum Slavers","floor":20,"turns":6},{"damage":86,"enemies":"Colosseum Nobs","floor":20,"turns":5}],"seed_played":"1455009332834326385","potions_obtained":[{"floor":1,"key":"Poison Potion"},{"floor":4,"key":"Poison Potion"},{"floor":10,"key":"Poison Potion"},{"floor":14,"key":"Fruit Juice"},{"floor":18,"key":"GamblersBrew"}],"is_trial":false,"path_per_floor":["M","M","$","M","?","R","?","$","T","M","R","E","R","E","R","B",null,"M","?","?"],"character_chosen":"THE_SILENT","items_purchased":["Flash of Steel","Juzu Bracelet","Deflect","Backflip","Flash of Steel","Finesse","Backflip","Ninja Scroll"],"campfire_rested":1,"item_purchase_floors":[3,3,3,3,8,8,8,8],"current_hp_per_floor":[63,61,61,61,54,54,44,44,44,44,44,35,35,28,53,17,68,63,63,0],"gold":591,"neow_bonus":"TWO_FIFTY_GOLD","is_prod":false,"is_daily":false,"chose_seed":false,"campfire_upgraded":3,"win_rate":0,"timestamp":1541999128,"path_taken":["M","M","$","M","?","R","?","$","T","M","R","E","R","E","R","BOSS","M","?","?"],"build_version":"2018-11-08","purchased_purges":0,"victory":false,"max_hp_per_floor":[63,63,63,63,63,63,63,63,63,63,63,63,63,63,68,68,68,68,68,68],"card_choices":[{"not_picked":["All Out Attack","Blade Dance"],"picked":"Endless Agony","floor":1},{"not_picked":["Underhanded Strike","PiercingWail"],"picked":"Flying Knee","floor":2},{"not_picked":["Outmaneuver","All Out Attack"],"picked":"Cloak And Dagger","floor":4},{"not_picked":["Bouncing Flask","Bane"],"picked":"Heel Hook","floor":7},{"not_picked":["Deadly Poison","Underhanded Strike","Outmaneuver"],"picked":"SKIP","floor":10},{"not_picked":["Prepared","Deadly Poison"],"picked":"Acrobatics","floor":12},{"not_picked":["Caltrops","Accuracy"],"picked":"PiercingWail","floor":14},{"not_picked":["Grand Finale","Glass Knife"],"picked":"After Image","floor":16},{"not_picked":["Leg Sweep","Sucker Punch"],"picked":"Accuracy","floor":18}],"player_experience":246081,"relics_obtained":[{"floor":7,"key":"The Courier"},{"floor":9,"key":"Omamori"},{"floor":12,"key":"Dodecahedron"},{"floor":14,"key":"Snake Skull"}],"event_choices":[{"damage_healed":0,"gold_gain":0,"player_choice":"Success","damage_taken":7,"relics_obtained":["Old Coin"],"max_hp_gain":0,"max_hp_loss":0,"event_name":"Scrap Ooze","floor":5,"gold_loss":0},{"damage_healed":0,"gold_gain":30,"player_choice":"Searched \u00273\u0027 times","damage_taken":0,"max_hp_gain":0,"max_hp_loss":0,"event_name":"Dead Adventurer","floor":7,"gold_loss":0},{"damage_healed":0,"gold_gain":275,"player_choice":"Desecrate","damage_taken":0,"max_hp_gain":0,"max_hp_loss":0,"event_name":"Golden Shrine","floor":19,"gold_loss":0,"cards_obtained":["Regret"]},{"damage_healed":0,"gold_gain":0,"player_choice":"Fight","damage_taken":0,"max_hp_gain":0,"max_hp_loss":0,"event_name":"Colosseum","floor":20,"gold_loss":0},{"damage_healed":0,"gold_gain":0,"player_choice":"Fought Nobs","damage_taken":0,"max_hp_gain":0,"max_hp_loss":0,"event_name":"Colosseum","floor":20,"gold_loss":0}],"is_beta":true,"boss_relics":[{"not_picked":["Runic Dome","Lizard Tail"],"picked":"Ring of the Serpent"}],"items_purged_floors":[],"is_endless":false,"potions_floor_spawned":[1,4,10,14,18],"killed_by":"Colosseum Nobs","ascension_level":0}