{"gold_per_floor":[15,15,28,41,60,60,76,76,76,76,89,124,49,68,68,170,170,186,186,86,86,86,86,86,86,86,86,105,117,131,151,151,249,299,309,146,162,174,174,207,207,207,231,250,250,274,307,317,317,317],"floor_reached":51,"playtime":2980,"items_purged":["Defend_B","Rebound","Writhe"],"score":784,"play_id":"1d437f00-b9c2-45bd-ad1a-2c7a55a858e9","local_time":"20190910022039","is_ascension_mode":false,"campfire_choices":[{"data":"Dualcast","floor":6.0,"key":"SMITH"},{"data":"Go for the Eyes","floor":10.0,"key":"SMITH"},{"data":"Melter","floor":15.0,"key":"SMITH"},{"data":"Rainbow","floor":23.0,"key":"SMITH"},{"data":"Creative AI","floor":25.0,"key":"SMITH"},{"data":"Sunder","floor":27.0,"key":"SMITH"},{"floor":32.0,"key":"REST"},{"data":"Buffer","floor":42,"key":"SMITH"},{"data":"White Noise","floor":45,"key":"SMITH"},{"data":"White Noise","floor":49,"key":"SMITH"}],"neow_cost":"NO_GOLD","seed_source_timestamp":225266811073300,"circlet_count":0,"master_deck":["Zap+1","Dualcast+1","Conserve Battery","Melter+1","Go for the Eyes+1","Conserve Battery","Biased Cognition","Creative AI+1","Steam+1","Sweeping Beam","Sunder+1","Beam Cell","Multi-Cast","Rainbow+1","White Noise+1","Steam","Leap","Force Field+1","Buffer+1","Heatsinks+1","Capacitor","Glacier+1","Parasite","Madness","Finesse","White Noise+1"],"special_seed":0,"relics":["Cracked Core","Ice Cream","Mummified Hand","Pantograph","Matryoshka","Pandora\u0027s Box","Nilry\u0027s Codex","Question Card","PreservedInsect","Regal Pillow","Tiny House","Meat on the Bone","Oddly Smooth Stone","Ancient Tea Set","Strawberry","Shuriken"],"potions_floor_usage":[47,50,50],"damage_taken":[{"damage":0.0,"enemies":"2 Louse","floor":1.0,"turns":3.0},{"damage":0.0,"enemies":"Jaw Worm","floor":3.0,"turns":4.0},{"damage":0.0,"enemies":"Cultist","floor":4.0,"turns":3.0},{"damage":9.0,"enemies":"Blue Slaver","floor":5.0,"turns":4.0},{"damage":0.0,"enemies":"2 Fungi Beasts","floor":7.0,"turns":3.0},{"damage":5.0,"enemies":"3 Louse","floor":11.0,"turns":3.0},{"damage":4.0,"enemies":"Lagavulin","floor":12.0,"turns":6.0},{"damage":2.0,"enemies":"Looter","floor":14.0,"turns":2.0},{"damage":43.0,"enemies":"Hexaghost","floor":16.0,"turns":11.0},{"damage":0.0,"enemies":"Spheric Guardian","floor":18.0,"turns":1.0},{"damage":10.0,"enemies":"Chosen","floor":28.0,"turns":4.0},{"damage":12.0,"enemies":"Snake Plant","floor":29.0,"turns":4.0},{"damage":10.0,"enemies":"Cultist and Chosen","floor":30.0,"turns":5.0},{"damage":3.0,"enemies":"Sentry and Sphere","floor":31.0,"turns":3.0},{"damage":8.0,"enemies":"Champ","floor":33.0,"turns":7.0},{"damage":17.0,"enemies":"3 Darklings","floor":35.0,"turns":4.0},{"damage":0.0,"enemies":"Orb Walker","floor":37.0,"turns":3.0},{"damage":8.0,"enemies":"Writhing Mass","floor":38.0,"turns":5.0},{"damage":0.0,"enemies":"Nemesis","floor":40.0,"turns":7.0},{"damage":0,"enemies":"Jaw Worm Horde","floor":44,"turns":4},{"damage":1,"enemies":"Reptomancer","floor":47,"turns":7},{"damage":0,"enemies":"Maw","floor":48,"turns":7},{"damage":0,"enemies":"Donu and Deca","floor":50,"turns":8}],"seed_played":"-8873555559676396059","potions_obtained":[{"floor":5.0,"key":"SkillPotion"},{"floor":7.0,"key":"GamblersBrew"},{"floor":11.0,"key":"Poison Potion"},{"floor":12.0,"key":"FocusPotion"},{"floor":16.0,"key":"GamblersBrew"},{"floor":29.0,"key":"Block Potion"},{"floor":30.0,"key":"FocusPotion"},{"floor":34.0,"key":"Fruit Juice"},{"floor":35.0,"key":"GamblersBrew"},{"floor":37.0,"key":"LiquidBronze"},{"floor":47,"key":"Ancient Potion"}],"is_trial":false,"path_per_floor":["M","?","M","M","M","R","M","T","T","R","M","E","$","M","R","B",null,"M","?","$","?","?","R","$","R","T","R","M","M","M","M","R","B",null,"M","$","M","M","?","E","?","R","T","M","R","T","E","M","R","B",null],"character_chosen":"DEFECT","items_purchased":["Capacitor"],"campfire_rested":1,"item_purchase_floors":[36],"current_hp_per_floor":[75,75,75,75,66,66,66,66,66,66,61,57,57,55,55,32,75,75,61,61,45,45,45,45,45,45,45,35,23,13,10,49,66,90,73,73,73,65,54,54,54,54,54,54,54,61,60,60,60,85],"gold":317,"neow_bonus":"ONE_RARE_RELIC","is_prod":false,"is_daily":false,"chose_seed":false,"campfire_upgraded":9,"win_rate":0,"timestamp":1568049639,"path_taken":["M","?","M","M","M","R","M","?","T","R","?","E","$","M","R","BOSS","M","?","$","?","?","R","?","R","T","R","M","M","M","M","R","BOSS","M","$","M","M","?","E","?","R","T","?","R","?","E","M","R","BOSS"],"build_version":"2019-07-17","purchased_purges":3,"victory":true,"max_hp_per_floor":[75,75,75,75,75,75,75,75,75,75,75,75,75,75,75,75,75,75,80,80,80,80,80,80,80,80,80,80,80,80,80,80,80,90,90,90,90,90,90,90,90,90,90,90,90,97,97,97,97,97],"card_choices":[{"not_picked":["Hologram","Barrage"],"picked":"Conserve Battery","floor":1.0},{"not_picked":["Barrage","Skim"],"picked":"Melter","floor":3.0},{"not_picked":["Darkness","Coolheaded"],"picked":"Go for the Eyes","floor":4.0},{"not_picked":["Go for the Eyes","Compile Driver","Hologram"],"picked":"SKIP","floor":5.0},{"not_picked":["Coolheaded","Leap"],"picked":"Conserve Battery","floor":7.0},{"not_picked":["Steam","Static Discharge"],"picked":"Biased Cognition","floor":11.0},{"not_picked":["Darkness","Sweeping Beam","Steam"],"picked":"SKIP","floor":12.0},{"not_picked":["Coolheaded","Undo","Hologram"],"picked":"SKIP","floor":14.0},{"not_picked":["Rainbow","Core Surge"],"picked":"Creative AI","floor":16.0},{"not_picked":["Redo","White Noise","Coolheaded"],"picked":"SKIP","floor":18.0},{"not_picked":["Redo","Coolheaded"],"picked":"White Noise","floor":18.0},{"not_picked":["Ball Lightning","Hologram","Rebound+1"],"picked":"Steam","floor":28.0},{"not_picked":["Beam Cell","Cold Snap+1","Chaos"],"picked":"Leap","floor":29.0},{"not_picked":["Stack","FTL","White Noise"],"picked":"Force Field+1","floor":30.0},{"not_picked":["Genetic Algorithm","Static Discharge+1","Streamline+1","Chill"],"picked":"SKIP","floor":31.0},{"not_picked":["Rainbow","Thunder Strike","Seek"],"picked":"Buffer","floor":33.0},{"not_picked":["Sweeping Beam+1","Coolheaded","Compile Driver+1"],"picked":"Heatsinks+1","floor":35.0},{"not_picked":["Gash","Cold Snap","Defragment+1"],"picked":"Glacier+1","floor":37.0},{"not_picked":["Compile Driver+1","Stack","Undo","Rip and Tear+1"],"picked":"SKIP","floor":38.0},{"not_picked":["Coolheaded","Steam","Chaos","Hologram+1"],"picked":"SKIP","floor":40.0},{"not_picked":["Steam Power","Stack","Chill+1","Conserve Battery+1"],"picked":"SKIP","floor":44},{"not_picked":["Conserve Battery","All For One","Turbo"],"picked":"White Noise","floor":47},{"not_picked":["Cold Snap+1","Glacier","Melter+1","Compile Driver+1"],"picked":"SKIP","floor":48}],"player_experience":401718,"relics_obtained":[{"floor":8.0,"key":"Mummified Hand"},{"floor":9.0,"key":"Pantograph"},{"floor":12.0,"key":"Matryoshka"},{"floor":21.0,"key":"Nilry\u0027s Codex"},{"floor":26.0,"key":"PreservedInsect"},{"floor":26.0,"key":"Regal Pillow"},{"floor":40.0,"key":"Meat on the Bone"},{"floor":43,"key":"Oddly Smooth Stone"},{"floor":43,"key":"Ancient Tea Set"},{"floor":46,"key":"Strawberry"},{"floor":47,"key":"Shuriken"}],"event_choices":[{"damage_healed":0.0,"max_hp_gain":0.0,"max_hp_loss":0.0,"gold_gain":0.0,"event_name":"Living Wall","player_choice":"Grow","floor":2.0,"gold_loss":0.0,"damage_taken":0.0,"cards_upgraded":["Zap"]},{"damage_healed":0.0,"max_hp_gain":5.0,"max_hp_loss":0.0,"gold_gain":0.0,"event_name":"Forgotten Altar","player_choice":"Shed Blood","floor":19.0,"gold_loss":0.0,"damage_taken":19.0},{"damage_healed":0.0,"max_hp_gain":0.0,"max_hp_loss":0.0,"gold_gain":0.0,"event_name":"Cursed Tome","player_choice":"Obtained Book","floor":21.0,"gold_loss":0.0,"damage_taken":16.0},{"damage_healed":0.0,"max_hp_gain":0.0,"max_hp_loss":0.0,"gold_gain":0.0,"event_name":"The Mausoleum","player_choice":"Opened","floor":22.0,"gold_loss":0.0,"damage_taken":0.0,"relics_obtained":["Question Card"],"cards_obtained":["Writhe"]},{"damage_healed":0.0,"max_hp_gain":0.0,"max_hp_loss":0.0,"gold_gain":0.0,"event_name":"Winding Halls","player_choice":"Embrace Madness","floor":39.0,"gold_loss":0.0,"damage_taken":11.0,"cards_obtained":["Madness","Madness"]},{"damage_healed":0,"gold_gain":0,"cards_transformed":["Madness"],"player_choice":"Transformed","damage_taken":0,"max_hp_gain":0,"max_hp_loss":0,"event_name":"Transmorgrifier","floor":41,"gold_loss":0,"cards_obtained":["Finesse"]}],"is_beta":false,"boss_relics":[{"not_picked":["Runic Dome","Velvet Choker"],"picked":"Pandora\u0027s Box"},{"not_picked":["Coffee Dripper","Fusion Hammer"],"picked":"Tiny House"}],"items_purged_floors":[13,20,36],"is_endless":false,"potions_floor_spawned":[5,7,11,12,16,29,30,35,37,47,48],"ascension_level":0}