{"gold_per_floor":[114,129,146,146,36,36,69,84,84,100,175,175,175,175,175,274,274,293,293,277,297,313,313,313],"floor_reached":24,"playtime":1096,"items_purged":[],"score":218,"play_id":"fb0af404-c487-4256-b873-90d3ed2b1d55","local_time":"20190827205126","is_ascension_mode":true,"campfire_choices":[{"data":"Bash","floor":6,"key":"SMITH"},{"data":"True Grit","floor":13,"key":"SMITH"},{"data":"Rampage","floor":15,"key":"SMITH"},{"floor":23,"key":"REST"}],"neow_cost":"NONE","seed_source_timestamp":21699134951600,"circlet_count":0,"master_deck":["Strike_R","Strike_R","Strike_R","Strike_R","Defend_R+1","Defend_R","Defend_R+1","Defend_R","Bash+1","Clothesline","Carnage","Battle Trance","Rampage+1","Impervious","True Grit+1","Demon Form","Infernal Blade+1","Armaments+1","Combust","Thunderclap","Pummel"],"relics":["Burning Blood","War Paint","Meat on the Bone","Bottled Lightning","Toxic Egg 2","Busted Crown"],"potions_floor_usage":[16,24],"damage_taken":[{"damage":1,"enemies":"Cultist","floor":1,"turns":3},{"damage":4,"enemies":"Jaw Worm","floor":2,"turns":4},{"damage":0,"enemies":"2 Louse","floor":3,"turns":2},{"damage":48,"enemies":"Gremlin Nob","floor":7,"turns":5},{"damage":0,"enemies":"Exordium Thugs","floor":8,"turns":4},{"damage":0,"enemies":"Large Slime","floor":10,"turns":5},{"damage":31,"enemies":"Hexaghost","floor":16,"turns":11},{"damage":10,"enemies":"Shell Parasite","floor":18,"turns":6},{"damage":2,"enemies":"2 Thieves","floor":20,"turns":4},{"damage":29,"enemies":"Centurion and Healer","floor":21,"turns":8},{"damage":32,"enemies":"Snake Plant","floor":22,"turns":5},{"damage":74,"enemies":"Gremlin Leader","floor":24,"turns":6}],"seed_played":"1325711925386677368","potions_obtained":[{"floor":1,"key":"PowerPotion"},{"floor":7,"key":"EssenceOfSteel"},{"floor":21,"key":"Ancient Potion"},{"floor":22,"key":"Ancient Potion"}],"is_trial":false,"path_per_floor":["M","M","M","?","$","R","E","M","T","M","?","T","R","?","R","B",null,"M","?","M","M","M","R","E"],"character_chosen":"IRONCLAD","items_purchased":["Battle Trance","Rampage"],"campfire_rested":1,"item_purchase_floors":[5,5],"current_hp_per_floor":[80,80,80,73,73,73,31,49,49,55,44,44,44,44,44,31,80,76,76,80,57,43,67,0],"gold":313,"neow_bonus":"RANDOM_COMMON_RELIC","is_prod":false,"is_daily":false,"chose_seed":false,"campfire_upgraded":3,"win_rate":0,"timestamp":1566953486,"path_taken":["M","M","M","?","$","R","E","M","T","M","?","?","R","?","R","BOSS","M","?","M","M","M","R","E"],"build_version":"2019-07-17","purchased_purges":0,"victory":false,"max_hp_per_floor":[80,80,80,80,80,80,80,80,80,80,80,80,80,80,80,80,80,80,80,80,80,80,80,80],"card_choices":[{"not_picked":["True Grit","Havoc"],"picked":"Clothesline","floor":1},{"not_picked":["Pommel Strike","Spot Weakness"],"picked":"Carnage","floor":2},{"not_picked":["Havoc","Sword Boomerang","Sentinel"],"picked":"SKIP","floor":3},{"not_picked":["Sword Boomerang","Body Slam","Havoc"],"picked":"SKIP","floor":7},{"not_picked":["Twin Strike","Heavy Blade"],"picked":"Impervious","floor":8},{"not_picked":["Rage","Warcry"],"picked":"True Grit","floor":10},{"not_picked":["Fiend Fire","Impervious+1"],"picked":"Demon Form","floor":16},{"not_picked":[],"picked":"Infernal Blade+1","floor":18},{"not_picked":[],"picked":"Combust","floor":20},{"not_picked":[],"picked":"Thunderclap","floor":21},{"not_picked":[],"picked":"Pummel","floor":22}],"player_experience":117649,"relics_obtained":[{"floor":7,"key":"Meat on the Bone"},{"floor":9,"key":"Bottled Lightning"},{"floor":12,"key":"Toxic Egg 2"}],"event_choices":[{"cards_removed":["Strike_R"],"damage_healed":0,"gold_gain":0,"player_choice":"Card Removal","damage_taken":7,"max_hp_gain":0,"max_hp_loss":0,"event_name":"Golden Wing","floor":4,"gold_loss":0},{"damage_healed":0,"gold_gain":75,"player_choice":"Gather Gold","damage_taken":11,"max_hp_gain":0,"max_hp_loss":0,"event_name":"World of Goop","floor":11,"gold_loss":0},{"damage_healed":0,"gold_gain":0,"player_choice":"0 cards matched","damage_taken":0,"max_hp_gain":0,"max_hp_loss":0,"event_name":"Match and Keep!","floor":14,"gold_loss":0,"cards_obtained":[]},{"damage_healed":0,"gold_gain":0,"player_choice":"Read","damage_taken":0,"max_hp_gain":0,"max_hp_loss":0,"event_name":"The Library","floor":19,"gold_loss":0,"cards_obtained":["Armaments"]}],"is_beta":false,"boss_relics":[{"not_picked":["Tiny House","Pandora\u0027s Box"],"picked":"Busted Crown"}],"items_purged_floors":[],"is_endless":false,"potions_floor_spawned":[1,7,21,22],"killed_by":"Gremlin Leader","ascension_level":2}