{"gold_per_floor":[114,39,53,71,81,81,103,116,167,167,167,183,183,196,196,301,301,256,256,256,156,156,156,156,156,156,156,156,156,156,156,156,156,156,156,156,156,156,156,156,156,156,156,156,156,156,156,156,156,156],"floor_reached":51,"playtime":2913,"items_purged":["Strike_G","Defend_G"],"score":647,"play_id":"607cea43-e1e7-4677-9a80-f719c6339c4b","local_time":"20190829181026","is_ascension_mode":false,"campfire_choices":[{"data":"Survivor","floor":6.0,"key":"SMITH"},{"data":"Bouncing Flask","floor":15.0,"key":"SMITH"},{"data":"After Image","floor":24,"key":"SMITH"},{"data":"Backflip","floor":29,"key":"SMITH"},{"data":"Bullet Time","floor":32,"key":"SMITH"},{"data":"Footwork","floor":41,"key":"SMITH"},{"data":"Noxious Fumes","floor":44,"key":"SMITH"},{"floor":49,"key":"REST"}],"neow_cost":"NONE","seed_source_timestamp":1152148455182900,"circlet_count":0,"master_deck":["Strike_G+1","Defend_G","Defend_G+1","Survivor+1","Neutralize","Well Laid Plans","Cloak And Dagger","Bouncing Flask+1","Poisoned Stab","Bullet Time+1","Quick Slash+1","PiercingWail","Corpse Explosion","After Image+1","Backflip+1","Footwork+1","Malaise","Catalyst+1","Blur+1","Noxious Fumes+1","Footwork","Backflip+1"],"special_seed":0,"relics":["Ring of the Snake","NeowsBlessing","Odd Mushroom","Bronze Scales","Ectoplasm","Question Card","Snake Skull","Mummified Hand","Empty Cage","The Specimen","Sundial"],"potions_floor_usage":[18,33,36,36,50,50,50],"damage_taken":[{"damage":0.0,"enemies":"2 Louse","floor":1.0,"turns":1.0},{"damage":0.0,"enemies":"Jaw Worm","floor":3.0,"turns":1.0},{"damage":0.0,"enemies":"Small Slimes","floor":4.0,"turns":1.0},{"damage":4.0,"enemies":"Looter","floor":5.0,"turns":4.0},{"damage":0.0,"enemies":"The Mushroom Lair","floor":7.0,"turns":7.0},{"damage":1.0,"enemies":"Gremlin Gang","floor":8.0,"turns":6.0},{"damage":7.0,"enemies":"Exordium Thugs","floor":12.0,"turns":5.0},{"damage":0.0,"enemies":"Looter","floor":14.0,"turns":4.0},{"damage":17.0,"enemies":"The Guardian","floor":16.0,"turns":8.0},{"damage":6,"enemies":"2 Thieves","floor":18,"turns":4},{"damage":5,"enemies":"Chosen","floor":20,"turns":4},{"damage":2,"enemies":"3 Cultists","floor":22,"turns":5},{"damage":0,"enemies":"Centurion and Healer","floor":28,"turns":4},{"damage":0,"enemies":"Cultist and Chosen","floor":30,"turns":3},{"damage":0,"enemies":"Snake Plant","floor":31,"turns":4},{"damage":13,"enemies":"Collector","floor":33,"turns":6},{"damage":0,"enemies":"3 Shapes","floor":35,"turns":5},{"damage":23,"enemies":"2 Orb Walkers","floor":36,"turns":3},{"damage":0,"enemies":"Orb Walker","floor":38,"turns":2},{"damage":0,"enemies":"Transient","floor":39,"turns":5},{"damage":0,"enemies":"Writhing Mass","floor":40,"turns":4},{"damage":1,"enemies":"Jaw Worm Horde","floor":42,"turns":3},{"damage":9,"enemies":"Spire Growth","floor":45,"turns":5},{"damage":0,"enemies":"Maw","floor":46,"turns":6},{"damage":0,"enemies":"Mind Bloom Boss Battle","floor":47,"turns":5},{"damage":0,"enemies":"Transient","floor":48,"turns":5},{"damage":64,"enemies":"Awakened One","floor":50,"turns":12}],"seed_played":"-3000800932346413380","potions_obtained":[{"floor":1.0,"key":"EssenceOfSteel"},{"floor":5.0,"key":"SkillPotion"},{"floor":8.0,"key":"GamblersBrew"},{"floor":28,"key":"GamblersBrew"},{"floor":30,"key":"Regen Potion"},{"floor":31,"key":"Weak Potion"},{"floor":33,"key":"AttackPotion"},{"floor":36,"key":"Fruit Juice"},{"floor":40,"key":"SteroidPotion"},{"floor":47,"key":"Dexterity Potion"}],"is_trial":false,"path_per_floor":["M","$","M","M","M","R","?","M","T","?","?","M","?","M","R","B",null,"M","?","M","$","M","?","R","?","T","T","M","R","M","M","R","B",null,"M","?","?","M","M","M","R","M","T","R","M","M","?","M","R","B",null],"character_chosen":"THE_SILENT","items_purchased":[],"campfire_rested":1,"item_purchase_floors":[],"current_hp_per_floor":[70,70,70,70,66,66,66,65,65,51,51,44,37,37,37,20,70,64,64,59,59,57,57,57,57,57,57,57,57,57,57,57,44,70,70,52,52,52,52,52,52,51,51,51,42,42,42,42,64,15],"gold":156,"neow_bonus":"THREE_ENEMY_KILL","is_prod":false,"is_daily":false,"chose_seed":false,"campfire_upgraded":7,"win_rate":0,"timestamp":1567069826,"path_taken":["M","$","M","M","M","R","?","M","T","?","?","M","?","M","R","BOSS","M","?","M","$","?","?","R","?","T","?","M","R","?","M","R","BOSS","M","?","?","M","?","M","R","M","T","R","M","M","?","M","R","BOSS"],"build_version":"2019-07-17","purchased_purges":2,"victory":true,"max_hp_per_floor":[70,70,70,70,70,70,70,70,70,70,70,70,70,70,70,70,70,70,70,70,70,70,70,70,70,70,70,70,70,70,70,70,70,70,70,75,75,75,75,75,75,75,75,75,75,75,75,75,75,75],"card_choices":[{"not_picked":["Flying Knee","Terror"],"picked":"Well Laid Plans","floor":1.0},{"not_picked":["Slice","Flechettes","Dodge and Roll"],"picked":"SKIP","floor":3.0},{"not_picked":["Quick Slash","Masterful Stab","Flying Knee"],"picked":"SKIP","floor":4.0},{"not_picked":["Dagger Throw","Storm of Steel","Predator"],"picked":"SKIP","floor":5.0},{"not_picked":["Distraction","Escape Plan"],"picked":"Cloak And Dagger","floor":7.0},{"not_picked":["Quick Slash","Dagger Spray"],"picked":"Bouncing Flask","floor":8.0},{"not_picked":["Bouncing Flask","Slice"],"picked":"Bane","floor":12.0},{"not_picked":["Finisher","Blade Dance"],"picked":"Poisoned Stab","floor":14.0},{"not_picked":["Phantasmal Killer","Glass Knife"],"picked":"Bullet Time","floor":16.0},{"not_picked":["Sucker Punch","Underhanded Strike"],"picked":"Quick Slash+1","floor":18},{"not_picked":["Dagger Throw","Deflect","Cloak And Dagger+1"],"picked":"PiercingWail","floor":20},{"not_picked":["Concentrate","Doppelganger","Bouncing Flask+1","Masterful Stab"],"picked":"SKIP","floor":22},{"not_picked":["PiercingWail","Dagger Throw","Heel Hook+1"],"picked":"Backflip","floor":28},{"not_picked":["Predator","Outmaneuver","Dodge and Roll","Quick Slash"],"picked":"SKIP","floor":30},{"not_picked":["Dodge and Roll","Underhanded Strike+1","Cloak And Dagger"],"picked":"Footwork","floor":31},{"not_picked":["Burst","Doppelganger","Venomology"],"picked":"Malaise","floor":33},{"not_picked":["Reflex","Acrobatics+1","Backflip+1"],"picked":"Catalyst+1","floor":35},{"not_picked":["Setup+1","Endless Agony","Slice","Dagger Throw"],"picked":"SKIP","floor":38},{"not_picked":["Poisoned Stab+1","Flying Knee","Blade Dance","Bane+1"],"picked":"SKIP","floor":39},{"not_picked":["Dodge and Roll+1","Prepared","Deadly Poison"],"picked":"Blur+1","floor":40},{"not_picked":["Flying Knee+1","Bouncing Flask+1","Dagger Throw+1"],"picked":"Noxious Fumes","floor":42},{"not_picked":["Poisoned Stab","Bouncing Flask+1","Blade Dance"],"picked":"Footwork","floor":45},{"not_picked":["Masterful Stab","Prepared","Dagger Spray+1","Dash"],"picked":"SKIP","floor":46},{"not_picked":["Endless Agony","PiercingWail+1","Glass Knife"],"picked":"Backflip+1","floor":48}],"player_experience":307634,"relics_obtained":[{"floor":7.0,"key":"Odd Mushroom"},{"floor":9.0,"key":"Bronze Scales"},{"floor":26,"key":"Snake Skull"},{"floor":27,"key":"Mummified Hand"},{"floor":36,"key":"The Specimen"},{"floor":43,"key":"Sundial"}],"event_choices":[{"damage_healed":0.0,"max_hp_gain":0.0,"max_hp_loss":0.0,"gold_gain":0.0,"event_name":"Mushrooms","player_choice":"Fought Mushrooms","floor":7.0,"gold_loss":0.0,"damage_taken":0.0},{"damage_healed":0.0,"max_hp_gain":0.0,"max_hp_loss":0.0,"gold_gain":0.0,"event_name":"Shining Light","player_choice":"Entered Light","floor":10.0,"gold_loss":0.0,"damage_taken":14.0,"cards_upgraded":["Defend_G","Strike_G"]},{"damage_healed":0.0,"max_hp_gain":0.0,"max_hp_loss":0.0,"gold_gain":0.0,"event_name":"Golden Idol","player_choice":"Ignored","floor":11.0,"gold_loss":0.0,"damage_taken":0.0},{"cards_removed":["Strike_G"],"damage_healed":0.0,"max_hp_gain":0.0,"max_hp_loss":0.0,"gold_gain":0.0,"event_name":"Golden Wing","player_choice":"Card Removal","floor":13.0,"gold_loss":0.0,"damage_taken":7.0},{"cards_removed":["Bane"],"damage_healed":0,"gold_gain":0,"player_choice":"Gave Card","damage_taken":0,"relics_obtained":["Question Card"],"max_hp_gain":0,"max_hp_loss":0,"event_name":"WeMeetAgain","floor":19,"gold_loss":0},{"damage_healed":0,"gold_gain":0,"cards_transformed":["Defend_G","Strike_G"],"player_choice":"Became Test Subject","damage_taken":0,"max_hp_gain":0,"max_hp_loss":0,"event_name":"Drug Dealer","floor":23,"gold_loss":0,"cards_obtained":["Corpse Explosion","After Image"]},{"damage_healed":0,"gold_gain":0,"player_choice":"Ignored","damage_taken":0,"max_hp_gain":0,"max_hp_loss":0,"event_name":"Cursed Tome","floor":25,"gold_loss":0},{"damage_healed":0,"gold_gain":0,"player_choice":"Fight","damage_taken":0,"max_hp_gain":0,"max_hp_loss":0,"event_name":"Mysterious Sphere","floor":36,"gold_loss":0},{"damage_healed":0,"gold_gain":0,"player_choice":"Ignored","damage_taken":0,"max_hp_gain":0,"max_hp_loss":0,"event_name":"NoteForYourself","floor":37,"gold_loss":0},{"damage_healed":0,"gold_gain":0,"player_choice":"Fight","damage_taken":0,"max_hp_gain":0,"max_hp_loss":0,"event_name":"MindBloom","floor":47,"gold_loss":0}],"is_beta":false,"boss_relics":[{"not_picked":["Coffee Dripper","Calling Bell"],"picked":"Ectoplasm"},{"not_picked":["Pandora\u0027s Box","Tiny House"],"picked":"Empty Cage"}],"items_purged_floors":[2,21],"is_endless":false,"potions_floor_spawned":[1,5,8,28,30,31,33,35,36,40,47,48],"ascension_level":0}