{"gold_per_floor":[218,237,24,40,59,89,89,121,147,147,164,181,195,208,208,311,311,324,334,4,23,36,61,61,61,140,140,156,168,178,205,205,307,307,318,333,39,139,149,179,179,54,54,66,366,381,381,406,406,406],"floor_reached":51,"playtime":3422,"items_purged":["Defend_G","Strike_G","Defend_G"],"score":897,"play_id":"b75a2a59-ab72-4726-87a7-1766b57ecd44","local_time":"20190207002501","is_ascension_mode":true,"campfire_choices":[{"data":"Neutralize","floor":7.0,"key":"SMITH"},{"floor":10.0,"key":"REST"},{"floor":15.0,"key":"REST"},{"data":"Infinite Blades","floor":24.0,"key":"SMITH"},{"data":"After Image","floor":27.0,"key":"SMITH"},{"floor":32.0,"key":"REST"},{"floor":41.0,"key":"REST"},{"data":"Panache","floor":47.0,"key":"SMITH"},{"floor":49.0,"key":"REST"}],"neow_cost":"NONE","seed_source_timestamp":828020832263310,"circlet_count":0,"master_deck":["Defend_G","Defend_G","Strike_G","Strike_G","Survivor","Neutralize+1","Dagger Throw","PiercingWail","Footwork","Acrobatics","Riddle With Holes","PiercingWail","Die Die Die","Infinite Blades+1","Deadly Poison","Dash","After Image+1","Deflect","Expertise","Dash","Deadly Poison","Bane+1","Dodge and Roll","Prepared","PiercingWail","Deflect","Blade Dance+1","Night Terror+1","All Out Attack+1","Reflex+1","Dagger Spray+1","Deflect+1","Panache+1","Backflip+1","Poisoned Stab","Bouncing Flask+1","Backstab"],"special_seed":0,"relics":["Ring of the Snake","PreservedInsect","Shuriken","Dream Catcher","Centennial Puzzle","Busted Crown","Ornamental Fan","Bag of Marbles","Pear","Lantern","Astrolabe","Incense Burner","Bag of Preparation","Vajra","Blood Vial"],"potions_floor_usage":[50],"damage_taken":[{"damage":1.0,"enemies":"Cultist","floor":1.0,"turns":5.0},{"damage":1.0,"enemies":"Jaw Worm","floor":2.0,"turns":5.0},{"damage":0.0,"enemies":"2 Louse","floor":4.0,"turns":4.0},{"damage":5.0,"enemies":"Blue Slaver","floor":5.0,"turns":5.0},{"damage":24.0,"enemies":"3 Sentries","floor":6.0,"turns":9.0},{"damage":6.0,"enemies":"Lagavulin","floor":8.0,"turns":7.0},{"damage":2.0,"enemies":"Red Slaver","floor":11.0,"turns":5.0},{"damage":2.0,"enemies":"2 Fungi Beasts","floor":12.0,"turns":3.0},{"damage":18.0,"enemies":"Exordium Thugs","floor":13.0,"turns":4.0},{"damage":3.0,"enemies":"Red Slaver","floor":14.0,"turns":5.0},{"damage":42.0,"enemies":"Slime Boss","floor":16.0,"turns":10.0},{"damage":13.0,"enemies":"2 Thieves","floor":18.0,"turns":4.0},{"damage":2.0,"enemies":"Chosen","floor":19.0,"turns":6.0},{"damage":7.0,"enemies":"Snecko","floor":21.0,"turns":5.0},{"damage":1.0,"enemies":"Cultist and Chosen","floor":22.0,"turns":7.0},{"damage":1.0,"enemies":"Book of Stabbing","floor":23.0,"turns":7.0},{"damage":12.0,"enemies":"Shelled Parasite and Fungi","floor":28.0,"turns":6.0},{"damage":0.0,"enemies":"3 Cultists","floor":29.0,"turns":6.0},{"damage":11.0,"enemies":"Centurion and Healer","floor":30.0,"turns":7.0},{"damage":15.0,"enemies":"Gremlin Leader","floor":31.0,"turns":6.0},{"damage":28.0,"enemies":"Collector","floor":33.0,"turns":8.0},{"damage":28.0,"enemies":"3 Darklings","floor":35.0,"turns":9.0},{"damage":3.0,"enemies":"Orb Walker","floor":36.0,"turns":4.0},{"damage":2.0,"enemies":"Mind Bloom Boss Battle","floor":38.0,"turns":6.0},{"damage":4.0,"enemies":"3 Darklings","floor":39.0,"turns":3.0},{"damage":18.0,"enemies":"Nemesis","floor":40.0,"turns":7.0},{"damage":0.0,"enemies":"Maw","floor":44.0,"turns":7.0},{"damage":0.0,"enemies":"Jaw Worm Horde","floor":46.0,"turns":2.0},{"damage":18.0,"enemies":"Reptomancer","floor":48.0,"turns":5.0},{"damage":31,"enemies":"Donu and Deca","floor":50,"turns":6}],"seed_played":"-7431947042299789676","potions_obtained":[{"floor":2.0,"key":"SpeedPotion"},{"floor":4.0,"key":"GamblersBrew"},{"floor":5.0,"key":"Fire Potion"},{"floor":14.0,"key":"Strength Potion"},{"floor":16.0,"key":"Fire Potion"},{"floor":28.0,"key":"Explosive Potion"},{"floor":30.0,"key":"Swift Potion"},{"floor":31.0,"key":"FearPotion"},{"floor":35.0,"key":"Regen Potion"},{"floor":36.0,"key":"Dexterity Potion"},{"floor":38.0,"key":"FairyPotion"},{"floor":44.0,"key":"Poison Potion"}],"is_trial":false,"path_per_floor":["M","M","$","M","M","E","R","E","T","R","M","M","M","M","R","B",null,"M","M","$","M","M","E","R","?","T","R","M","M","M","E","R","B",null,"M","M","$","?","M","E","R","$","T","M","?","M","R","E","R","B",null],"character_chosen":"THE_SILENT","items_purchased":["Footwork","PreservedInsect","Ornamental Fan","Panache"],"campfire_rested":5,"item_purchase_floors":[3,3,20,37],"current_hp_per_floor":[69,68,68,68,63,39,39,33,33,54,52,50,32,29,50,8,70,57,55,55,48,47,46,46,46,56,56,44,44,33,18,42,14,80,52,61,61,59,55,37,61,61,61,61,61,61,61,43,67,38],"gold":406,"neow_bonus":"HUNDRED_GOLD","is_prod":false,"is_daily":false,"chose_seed":false,"campfire_upgraded":4,"win_rate":0,"timestamp":1549466701,"path_taken":["M","M","?","M","M","E","R","E","T","R","M","M","M","M","R","BOSS","M","M","$","M","M","E","R","?","T","R","M","M","M","E","R","BOSS","M","M","$","?","M","E","R","$","T","M","?","?","R","E","R","BOSS"],"build_version":"2019-01-23","purchased_purges":3,"victory":true,"max_hp_per_floor":[70,70,70,70,70,70,70,70,70,70,70,70,70,70,70,70,70,70,70,70,70,70,70,70,70,80,80,80,80,80,80,80,80,80,80,80,80,80,80,80,80,80,80,80,80,80,80,80,80,80],"card_choices":[{"not_picked":["Dagger Spray","Sucker Punch"],"picked":"Dagger Throw","floor":1.0},{"not_picked":["Dodge and Roll","Concentrate"],"picked":"PiercingWail","floor":2.0},{"not_picked":["Dodge and Roll","Outmaneuver"],"picked":"Acrobatics","floor":4.0},{"not_picked":["Caltrops","Choke"],"picked":"Riddle With Holes","floor":5.0},{"not_picked":["Blade Dance","Bane"],"picked":"PiercingWail","floor":6.0},{"not_picked":["PiercingWail","Reflex"],"picked":"Die Die Die","floor":8.0},{"not_picked":["Bouncing Flask","Predator"],"picked":"Infinite Blades","floor":11.0},{"not_picked":["Dagger Spray","Flying Knee","Doppelganger"],"picked":"SKIP","floor":12.0},{"not_picked":["Eviscerate","Infinite Blades"],"picked":"Deadly Poison","floor":13.0},{"not_picked":["Slice","Catalyst"],"picked":"Dash","floor":14.0},{"not_picked":["Malaise","Burst"],"picked":"After Image","floor":16.0},{"not_picked":[],"picked":"Deflect","floor":18.0},{"not_picked":[],"picked":"Expertise","floor":19.0},{"not_picked":[],"picked":"Dash","floor":21.0},{"not_picked":[],"picked":"Deadly Poison","floor":22.0},{"not_picked":[],"picked":"Bane+1","floor":23.0},{"not_picked":[],"picked":"Dodge and Roll","floor":28.0},{"not_picked":[],"picked":"Prepared","floor":29.0},{"not_picked":[],"picked":"PiercingWail","floor":30.0},{"not_picked":[],"picked":"Deflect","floor":31.0},{"not_picked":[],"picked":"Blade Dance+1","floor":32.0},{"not_picked":[],"picked":"Dagger Spray+1","floor":35.0},{"not_picked":[],"picked":"Deflect+1","floor":36.0},{"not_picked":[],"picked":"Backflip+1","floor":38.0},{"not_picked":[],"picked":"Poisoned Stab","floor":39.0},{"not_picked":["Flying Knee"],"picked":"SKIP","floor":40.0},{"not_picked":[],"picked":"Bouncing Flask+1","floor":44.0},{"not_picked":["Eviscerate"],"picked":"SKIP","floor":46.0},{"not_picked":["Eviscerate"],"picked":"SKIP","floor":46.0},{"not_picked":["Deflect"],"picked":"SKIP","floor":48.0},{"not_picked":[],"picked":"Backstab","floor":49.0}],"player_experience":185147,"relics_obtained":[{"floor":6.0,"key":"Shuriken"},{"floor":8.0,"key":"Dream Catcher"},{"floor":9.0,"key":"Centennial Puzzle"},{"floor":23.0,"key":"Bag of Marbles"},{"floor":26.0,"key":"Pear"},{"floor":31.0,"key":"Lantern"},{"floor":38.0,"key":"Incense Burner"},{"floor":40.0,"key":"Bag of Preparation"},{"floor":43.0,"key":"Vajra"},{"floor":48.0,"key":"Blood Vial"}],"event_choices":[{"damage_healed":0.0,"max_hp_gain":0.0,"max_hp_loss":0.0,"gold_gain":0.0,"event_name":"Beggar","player_choice":"Ignored","floor":25.0,"gold_loss":0.0,"damage_taken":0.0},{"damage_healed":0.0,"max_hp_gain":0.0,"max_hp_loss":0.0,"gold_gain":0.0,"event_name":"MindBloom","player_choice":"Fight","floor":38.0,"gold_loss":0.0,"damage_taken":0.0},{"damage_healed":0.0,"max_hp_gain":0.0,"max_hp_loss":0.0,"gold_gain":300.0,"event_name":"Wheel of Change","player_choice":"Gold","floor":45.0,"gold_loss":0.0,"damage_taken":0.0}],"is_beta":false,"boss_relics":[{"not_picked":["Eternal Feather","Calling Bell"],"picked":"Busted Crown"},{"not_picked":["Coffee Dripper","Black Star"],"picked":"Astrolabe"}],"items_purged_floors":[20,37,42],"is_endless":false,"potions_floor_spawned":[2,4,5,6,14,16,18,22,28,30,31,35,36,38,44],"ascension_level":3}