{"gold_per_floor":[109,109,384,3,14,14,45,45,114,114,126,24,41,41,41,136,136,147,1,1,16,16,16,16,16,16,35,35],"floor_reached":28,"playtime":907,"items_purged":["Regret"],"score":299,"play_id":"ce082906-935d-4aa2-b1c5-43b2eb5df63a","local_time":"20190221014753","is_ascension_mode":true,"campfire_choices":[{"data":"Leg Sweep","floor":6,"key":"SMITH"},{"data":"Neutralize","floor":8,"key":"SMITH"},{"data":"Dash","floor":10,"key":"SMITH"},{"data":"Crippling Poison","floor":15,"key":"SMITH"},{"floor":23,"key":"DIG"},{"floor":24,"key":"DIG"},{"floor":25,"key":"DIG"}],"neow_cost":"NONE","seed_source_timestamp":598693250642328,"circlet_count":0,"master_deck":["Defend_G","Defend_G","Defend_G","Defend_G","Strike_G","Strike_G","Strike_G","Strike_G","Strike_G","Survivor","Neutralize+1","Leg Sweep+1","Dagger Throw","Dash+1","Crippling Poison+1","Backflip","Footwork","Adrenaline","Backflip","Cloak And Dagger"],"relics":["Ring of the Serpent","NeowsBlessing","Ice Cream","WingedGreaves","Bottled Flame","Snake Skull","Shovel","Torii","Question Card","Unceasing Top","Meat on the Bone"],"potions_floor_usage":[16,16,21],"damage_taken":[{"damage":0,"enemies":"Small Slimes","floor":1,"turns":1},{"damage":0,"enemies":"Jaw Worm","floor":5,"turns":1},{"damage":0,"enemies":"3 Sentries","floor":7,"turns":1},{"damage":0,"enemies":"Cultist","floor":11,"turns":4},{"damage":0,"enemies":"Red Slaver","floor":13,"turns":5},{"damage":16,"enemies":"Slime Boss","floor":16,"turns":12},{"damage":1,"enemies":"Shell Parasite","floor":18,"turns":9},{"damage":6,"enemies":"2 Thieves","floor":21,"turns":4},{"damage":0,"enemies":"Snecko","floor":27,"turns":7},{"damage":62,"enemies":"Gremlin Leader","floor":28,"turns":8}],"seed_played":"4238990466651646035","potions_obtained":[{"floor":1,"key":"PowerPotion"},{"floor":13,"key":"Strength Potion"},{"floor":18,"key":"Fire Potion"}],"is_trial":false,"path_per_floor":["M","?","?","$","M","R","E","R","T","R","M","$","M","?","R","B",null,"M","$","T","M","$","R","R","R","T","M","E"],"character_chosen":"THE_SILENT","items_purchased":["Ice Cream","Backflip","Footwork","Snake Skull"],"campfire_rested":0,"item_purchase_floors":[4,12,12,19],"current_hp_per_floor":[70,63,63,63,63,63,63,63,63,63,63,63,63,56,56,40,63,62,62,62,56,56,56,56,56,56,56,0],"gold":35,"neow_bonus":"THREE_ENEMY_KILL","is_prod":false,"is_daily":false,"chose_seed":false,"campfire_upgraded":4,"win_rate":0,"timestamp":1550735273,"path_taken":["M","?","?","$","M","R","E","R","T","R","?","?","M","?","R","BOSS","M","$","?","M","$","R","R","R","T","M","E"],"build_version":"2019-02-06","purchased_purges":1,"victory":false,"max_hp_per_floor":[70,70,70,70,70,70,70,70,70,70,70,70,70,70,70,70,70,70,70,70,70,70,70,70,70,70,70,70],"card_choices":[{"not_picked":["Riddle With Holes","Flechettes"],"picked":"Leg Sweep","floor":1},{"not_picked":["Underhanded Strike","Prepared"],"picked":"Dagger Throw","floor":5},{"not_picked":["Underhanded Strike","Blur"],"picked":"Dash","floor":7},{"not_picked":["Dagger Spray","Underhanded Strike"],"picked":"Crippling Poison","floor":11},{"not_picked":["Masterful Stab","Dagger Spray","Setup"],"picked":"SKIP","floor":13},{"not_picked":["Grand Finale","Unload"],"picked":"Adrenaline","floor":16},{"not_picked":["Calculated Gamble","Outmaneuver","Quick Slash"],"picked":"SKIP","floor":18},{"not_picked":["Quick Slash+1","Deflect"],"picked":"Backflip","floor":21},{"not_picked":["Outmaneuver","Blade Dance","Heel Hook"],"picked":"Cloak And Dagger","floor":27}],"player_experience":450187,"relics_obtained":[{"floor":7,"key":"WingedGreaves"},{"floor":9,"key":"Bottled Flame"},{"floor":20,"key":"Shovel"},{"floor":23,"key":"Torii"},{"floor":24,"key":"Question Card"},{"floor":25,"key":"Unceasing Top"},{"floor":26,"key":"Meat on the Bone"}],"event_choices":[{"cards_removed":["Defend_G"],"damage_healed":0,"gold_gain":0,"player_choice":"Card Removal","damage_taken":7,"max_hp_gain":0,"max_hp_loss":0,"event_name":"Golden Wing","floor":2,"gold_loss":0},{"damage_healed":0,"gold_gain":275,"player_choice":"Desecrate","damage_taken":0,"max_hp_gain":0,"max_hp_loss":0,"event_name":"Golden Shrine","floor":3,"gold_loss":0,"cards_obtained":["Regret"]},{"damage_healed":0,"gold_gain":0,"player_choice":"Damaged","damage_taken":7,"max_hp_gain":0,"max_hp_loss":0,"event_name":"Wheel of Change","floor":14,"gold_loss":0}],"is_beta":true,"boss_relics":[{"not_picked":["Runic Dome","Eternal Feather"],"picked":"Ring of the Serpent"}],"items_purged_floors":[4],"is_endless":false,"potions_floor_spawned":[1,13,18],"killed_by":"Gremlin Leader","ascension_level":5}