{"gold_per_floor":[112,112,112,128,146,146,146,146,228,239,252,67,87,100,100,201,201,220,231,231,242,242,242,132,132,207,207,236,254,154,173,173,276,276,289,305,323,323,343,343,363,363,363,382,382,416,10,10],"floor_reached":48,"playtime":3433,"items_purged":["Strike_B","Strike_B"],"score":595,"play_id":"3f9700ea-f876-4b54-a639-fbae8e7b4a80","local_time":"20180721162535","is_ascension_mode":true,"campfire_choices":[{"data":"Dualcast","floor":6,"key":"SMITH"},{"data":"Zap","floor":8,"key":"SMITH"},{"data":"Darkness","floor":15,"key":"SMITH"},{"data":"Glacier","floor":23,"key":"SMITH"},{"data":"Auto Shields","floor":25,"key":"SMITH"},{"floor":32,"key":"REST"},{"data":"Defragment","floor":40,"key":"SMITH"},{"floor":42,"key":"REST"},{"floor":45,"key":"REST"}],"neow_cost":"TEN_PERCENT_HP_LOSS","seed_source_timestamp":4973157560640,"circlet_count":0,"master_deck":["Defend_B+1","Defend_B+1","Zap+1","Dualcast+1","Darkness+1","Glacier+1","Ball Lightning","Core Surge","Auto Shields+1","Ball Lightning","Barrage","Electrodynamics","Defragment+1","Loop","Tempest+1","Multi-Cast"],"relics":["Cracked Core","Ancient Tea Set","Letter Opener","Art of War","Velvet Choker","Cables","Pantograph","Empty Cage","Dream Catcher","Bag of Preparation","War Paint","Toy Ornithopter"],"potions_floor_usage":[16,18,28,33,39,48],"damage_taken":[{"damage":0,"enemies":"2 Louse","floor":1,"turns":4},{"damage":2,"enemies":"Jaw Worm","floor":4,"turns":3},{"damage":1,"enemies":"Cultist","floor":5,"turns":3},{"damage":0,"enemies":"3 Louse","floor":10,"turns":2},{"damage":9,"enemies":"Red Slaver","floor":11,"turns":2},{"damage":0,"enemies":"2 Fungi Beasts","floor":13,"turns":3},{"damage":0,"enemies":"3 Louse","floor":14,"turns":2},{"damage":30,"enemies":"Slime Boss","floor":16,"turns":6},{"damage":20,"enemies":"Shell Parasite","floor":18,"turns":4},{"damage":0,"enemies":"Spheric Guardian","floor":19,"turns":3},{"damage":9,"enemies":"Snecko","floor":21,"turns":5},{"damage":26,"enemies":"Slavers","floor":28,"turns":4},{"damage":4,"enemies":"Centurion and Healer","floor":29,"turns":6},{"damage":0,"enemies":"Cultist and Chosen","floor":31,"turns":4},{"damage":64,"enemies":"Collector","floor":33,"turns":16},{"damage":4,"enemies":"3 Shapes","floor":35,"turns":3},{"damage":4,"enemies":"Orb Walker","floor":36,"turns":3},{"damage":0,"enemies":"Sphere and 2 Shapes","floor":37,"turns":3},{"damage":3,"enemies":"Transient","floor":39,"turns":5},{"damage":15,"enemies":"Spire Growth","floor":41,"turns":4},{"damage":6,"enemies":"Flame Bruiser 2 Orb","floor":44,"turns":4},{"damage":44,"enemies":"Nemesis","floor":46,"turns":5},{"damage":33,"enemies":"Transient","floor":48,"turns":5}],"seed_played":"4301754923217373857","potions_obtained":[{"floor":11,"key":"SteroidPotion"},{"floor":13,"key":"FocusPotion"},{"floor":14,"key":"Strength Potion"},{"floor":16,"key":"Regen Potion"},{"floor":18,"key":"Strength Potion"},{"floor":41,"key":"FocusPotion"},{"floor":44,"key":"Energy Potion"}],"is_trial":false,"path_per_floor":["M","?","?","M","M","R","?","R","T","M","M","$","M","M","R","B",null,"M","M","?","M","?","R","$","R","T","?","E","M","$","M","R","B",null,"M","M","M","?","M","R","M","R","T","M","R","E","$"],"character_chosen":"DEFECT","items_purchased":["Darkness","Art of War","Auto Shields","War Paint","Multi-Cast","Toy Ornithopter"],"campfire_rested":3,"item_purchase_floors":[12,12,24,47,47,47],"current_hp_per_floor":[68,68,68,66,65,65,51,51,51,51,42,42,42,42,42,12,54,46,46,46,37,68,68,68,68,68,68,42,38,38,38,58,4,52,48,44,44,44,41,41,26,46,46,40,60,16,16,0],"gold":10,"neow_bonus":"REMOVE_TWO","is_prod":false,"is_daily":false,"chose_seed":false,"campfire_upgraded":6,"win_rate":0,"timestamp":1532183135,"path_taken":["M","?","?","M","M","R","?","R","T","M","M","$","M","M","R","BOSS","M","M","?","M","?","R","$","R","T","?","E","?","$","M","R","BOSS","M","M","M","?","M","R","M","R","T","M","R","E","$","M"],"build_version":"2018-07-19","purchased_purges":2,"victory":false,"max_hp_per_floor":[68,68,68,68,68,68,68,68,68,68,68,68,68,68,68,68,68,68,68,68,68,68,68,68,68,68,68,68,68,68,68,68,68,68,68,68,68,68,68,68,68,68,68,68,68,68,68,68],"card_choices":[{"not_picked":["Barrage","Go for the Eyes","Sunder"],"picked":"SKIP","floor":1},{"not_picked":["Barrage","Go for the Eyes"],"picked":"Sunder","floor":1},{"not_picked":["Cold Snap","Gash","Redo"],"picked":"SKIP","floor":4},{"not_picked":["Barrage","Coolheaded","Cold Snap"],"picked":"SKIP","floor":5},{"not_picked":["Steam","Stack","Compile Driver"],"picked":"SKIP","floor":10},{"not_picked":["Genetic Algorithm","Undo"],"picked":"Rebound","floor":11},{"not_picked":["Beam Cell","Meteor Strike"],"picked":"Glacier","floor":13},{"not_picked":["Beam Cell","Coolheaded"],"picked":"Ball Lightning","floor":14},{"not_picked":["Thunder Strike","Machine Learning"],"picked":"Core Surge","floor":16},{"not_picked":["Turbo","Streamline","Go for the Eyes"],"picked":"SKIP","floor":18},{"not_picked":["Steam+1","Consume","Cold Snap"],"picked":"SKIP","floor":19},{"not_picked":["Steam+1","Cold Snap"],"picked":"Consume","floor":19},{"not_picked":["Gash","Stack","Turbo"],"picked":"SKIP","floor":21},{"not_picked":["Amplify","Stack+1","Hologram"],"picked":"SKIP","floor":28},{"not_picked":["Compile Driver+1","Hologram","Leap"],"picked":"SKIP","floor":29},{"not_picked":["Rip and Tear","Beam Cell"],"picked":"Barrage","floor":31},{"not_picked":["Core Surge","Multi-Cast"],"picked":"Electrodynamics","floor":33},{"not_picked":["Steam","Compile Driver","FTL+1"],"picked":"SKIP","floor":35},{"not_picked":["Redo+1","Chaos+1"],"picked":"Defragment","floor":36},{"not_picked":["Skim+1","Barrage","Hologram"],"picked":"SKIP","floor":37},{"not_picked":["Go for the Eyes","Turbo"],"picked":"Loop","floor":39},{"not_picked":["Steam Power+1","Rebound","Force Field+1"],"picked":"SKIP","floor":41},{"not_picked":["Hologram+1","Steam"],"picked":"Tempest","floor":44},{"not_picked":["Stack","FTL+1","Rebound+1"],"picked":"SKIP","floor":46}],"player_experience":265048,"relics_obtained":[{"floor":9,"key":"Letter Opener"},{"floor":26,"key":"Cables"},{"floor":28,"key":"Pantograph"},{"floor":43,"key":"Dream Catcher"},{"floor":46,"key":"Bag of Preparation"}],"event_choices":[{"event_name":"Liars Game","player_choice":"disagreed","floor":2,"damage_taken":0},{"event_name":"WeMeetAgain","player_choice":"Card","floor":3,"damage_taken":0},{"event_name":"Shining Light","player_choice":"Entered Light","floor":7,"damage_taken":0},{"event_name":"Addict","player_choice":"Ignored","floor":20,"damage_taken":0},{"event_name":"Bonfire Elementals","player_choice":"UNCOMMON","floor":22,"damage_taken":0},{"event_name":"The Library","player_choice":"Read","floor":27,"damage_taken":0},{"event_name":"Wheel of Change","player_choice":"Card Removal","floor":38,"damage_taken":0}],"is_beta":true,"boss_relics":[{"not_picked":["Black Star","Fusion Hammer"],"picked":"Velvet Choker"},{"not_picked":["Calling Bell","Busted Crown"],"picked":"Empty Cage"}],"items_purged_floors":[24,30],"is_endless":false,"potions_floor_spawned":[11,13,14,16,18,41,44],"killed_by":"Transient","ascension_level":5}