{"gold_per_floor":[110,110,35,35,50,75,75,92,92,117,128,28,28,45,45,140,140,159,171,122,142,155,180,180,95,95,95,106,106,122,149,149,249,249,263,263,58,74,74,74,105,105,105,136,151,163,180,198,198,198,198,198,58,85,85],"floor_reached":56,"playtime":3642,"items_purged":["Defend_B","Strike_B","Defend_B"],"score":1309,"play_id":"dc111cfe-5b14-4970-bad3-b28bed736265","local_time":"20190907223349","is_ascension_mode":false,"campfire_choices":[{"data":"Zap","floor":7.0,"key":"SMITH"},{"data":"Dualcast","floor":13.0,"key":"SMITH"},{"data":"Fission","floor":15.0,"key":"SMITH"},{"data":"Defragment","floor":24.0,"key":"SMITH"},{"data":"1","floor":27.0,"key":"LIFT"},{"data":"2","floor":29.0,"key":"LIFT"},{"floor":32.0,"key":"REST"},{"data":"3","floor":40.0,"key":"LIFT"},{"data":"Go for the Eyes","floor":42,"key":"SMITH"},{"floor":49,"key":"RECALL"},{"data":"All For One","floor":52,"key":"SMITH"}],"neow_cost":"NONE","seed_source_timestamp":37955233993100,"circlet_count":0,"master_deck":["Strike_B","Strike_B","Defend_B","Defend_B","Zap+1","Dualcast+1","Go for the Eyes+1","Beam Cell","Fission+1","Go for the Eyes","Auto Shields+1","Self Repair","Undo+1","All For One+1","FTL","Leap+1","Ball Lightning","Gash+1","Defragment+1","Coolheaded+1","Steam+1","All For One","Chrysalis+1","Glacier+1","Gash","Zap+1","Seek+1","Gash+1","Skim+1","Redo+1","Hologram+1","Cold Snap+1"],"special_seed":0,"relics":["FrozenCore","NeowsBlessing","Girya","Toxic Egg 2","Turnip","Inserter","Ancient Tea Set","Vajra","Blue Candle","Darkstone Periapt","Letter Opener","Molten Egg 2","Pen Nib"],"potions_floor_usage":[41,55,55,55],"damage_taken":[{"damage":0.0,"enemies":"Small Slimes","floor":1.0,"turns":1.0},{"damage":0.0,"enemies":"Cultist","floor":5.0,"turns":1.0},{"damage":0.0,"enemies":"Lagavulin","floor":6.0,"turns":1.0},{"damage":0.0,"enemies":"Jaw Worm","floor":8.0,"turns":2.0},{"damage":25.0,"enemies":"Gremlin Nob","floor":10.0,"turns":5.0},{"damage":4.0,"enemies":"Gremlin Gang","floor":11.0,"turns":5.0},{"damage":0.0,"enemies":"Exordium Wildlife","floor":14.0,"turns":3.0},{"damage":43.0,"enemies":"Slime Boss","floor":16.0,"turns":19.0},{"damage":17.0,"enemies":"3 Byrds","floor":18.0,"turns":7.0},{"damage":13.0,"enemies":"Spheric Guardian","floor":19.0,"turns":6.0},{"damage":11.0,"enemies":"3 Cultists","floor":21.0,"turns":6.0},{"damage":0.0,"enemies":"Sentry and Sphere","floor":22.0,"turns":4.0},{"damage":32.0,"enemies":"Slavers","floor":23.0,"turns":6.0},{"damage":0.0,"enemies":"Snake Plant","floor":28.0,"turns":4.0},{"damage":11.0,"enemies":"3 Cultists","floor":30.0,"turns":4.0},{"damage":6.0,"enemies":"Book of Stabbing","floor":31.0,"turns":4.0},{"damage":34.0,"enemies":"Collector","floor":33.0,"turns":8.0},{"damage":0.0,"enemies":"3 Shapes","floor":35.0,"turns":4.0},{"damage":0.0,"enemies":"3 Darklings","floor":38.0,"turns":5.0},{"damage":28,"enemies":"Reptomancer","floor":41,"turns":6},{"damage":0,"enemies":"Nemesis","floor":44,"turns":4},{"damage":17,"enemies":"Transient","floor":45,"turns":5},{"damage":5,"enemies":"4 Shapes","floor":46,"turns":5},{"damage":2,"enemies":"Spire Growth","floor":47,"turns":4},{"damage":4,"enemies":"3 Darklings","floor":48,"turns":5},{"damage":0,"enemies":"Donu and Deca","floor":50,"turns":7},{"damage":6,"enemies":"Shield and Spear","floor":54,"turns":7},{"damage":60,"enemies":"The Heart","floor":55,"turns":9}],"seed_played":"-4335228634239850367","potions_obtained":[{"floor":1.0,"key":"FocusPotion"},{"floor":11.0,"key":"FearPotion"},{"floor":18.0,"key":"Swift Potion"},{"floor":21.0,"key":"SpeedPotion"},{"floor":22.0,"key":"Explosive Potion"},{"floor":30.0,"key":"Swift Potion"},{"floor":46,"key":"PowerPotion"},{"floor":47,"key":"Energy Potion"}],"is_trial":false,"path_per_floor":["M","?","$","?","M","E","R","M","T","E","M","$","R","M","R","B",null,"M","M","$","M","M","E","R","?","T","R","M","R","M","E","R","B",null,"M","?","$","M","?","R","E","R","T","E","M","M","M","M","R","B",null,"R","$","E","B",null],"character_chosen":"DEFECT","items_purchased":["Ball Lightning","Glacier+1","Hologram+1","Block Potion","Cold Snap+1"],"campfire_rested":1,"item_purchase_floors":[20,37,53,53,53],"current_hp_per_floor":[75,75,75,75,75,75,75,75,75,50,46,46,46,53,53,17,75,65,59,59,55,62,37,37,37,37,37,44,44,40,34,56,29,75,75,75,75,75,75,75,54,54,54,61,51,53,58,61,61,68,75,75,75,75,22],"gold":85,"neow_bonus":"THREE_ENEMY_KILL","is_prod":false,"is_daily":false,"chose_seed":false,"campfire_upgraded":6,"win_rate":0,"timestamp":1567863229,"path_taken":["M","?","?","?","?","E","R","M","T","E","?","$","R","M","R","BOSS","M","M","$","M","M","E","R","?","T","R","M","R","M","E","R","BOSS","M","?","$","M","?","R","E","R","T","E","M","M","M","?","R","BOSS","R","$","E","BOSS"],"build_version":"2019-07-17","purchased_purges":3,"victory":true,"max_hp_per_floor":[75,75,75,75,75,75,75,75,75,75,75,75,75,75,75,75,75,75,75,75,75,75,75,75,75,75,75,75,75,75,75,75,75,75,75,75,75,75,75,75,75,75,75,75,75,75,75,75,75,75,75,75,75,75,75],"card_choices":[{"not_picked":["Storm","Scrape"],"picked":"Go for the Eyes","floor":1.0},{"not_picked":["Rebound","Doom and Gloom"],"picked":"Beam Cell","floor":5.0},{"not_picked":["Compile Driver","Rebound"],"picked":"Fission","floor":6.0},{"not_picked":["Chaos","Redo"],"picked":"Go for the Eyes","floor":8.0},{"not_picked":["Redo+1","Ball Lightning"],"picked":"Auto Shields+1","floor":10.0},{"not_picked":["Recycle+1","Rebound"],"picked":"Self Repair","floor":11.0},{"not_picked":["Go for the Eyes","Reprogram+1"],"picked":"Undo+1","floor":14.0},{"not_picked":["Rainbow+1","Biased Cognition"],"picked":"All For One","floor":16.0},{"not_picked":["Reinforced Body+1","Coolheaded+1"],"picked":"FTL","floor":18.0},{"not_picked":["Coolheaded+1","Rebound+1"],"picked":"Leap+1","floor":19.0},{"not_picked":["Ball Lightning","Hologram+1"],"picked":"Gash+1","floor":21.0},{"not_picked":["Beam Cell+1","Barrage+1"],"picked":"Defragment","floor":22.0},{"not_picked":["Sunder+1","Sweeping Beam"],"picked":"Coolheaded+1","floor":23.0},{"not_picked":["Steam Power+1","Barrage+1","Rebound"],"picked":"SKIP","floor":28.0},{"not_picked":["Echo Form","Go for the Eyes+1","Consume+1"],"picked":"SKIP","floor":30.0},{"not_picked":["Tempest+1","Storm"],"picked":"Steam+1","floor":31.0},{"not_picked":["Creative AI","Rainbow+1"],"picked":"All For One","floor":33.0},{"not_picked":["Beam Cell+1","Undo+1","Blizzard"],"picked":"SKIP","floor":35.0},{"not_picked":["Metamorphosis+1","Mayhem"],"picked":"Chrysalis+1","floor":36.0},{"not_picked":["Barrage+1","Sunder"],"picked":"Gash","floor":38.0},{"not_picked":["Chaos+1","Storm+1","Go for the Eyes"],"picked":"SKIP","floor":41},{"not_picked":["Conserve Battery+1","Chaos+1"],"picked":"Gash+1","floor":44},{"not_picked":["Heatsinks","Force Field+1","Go for the Eyes+1"],"picked":"SKIP","floor":45},{"not_picked":["Heatsinks","Leap+1","Undo+1"],"picked":"SKIP","floor":46},{"not_picked":["Beam Cell+1","Cold Snap+1"],"picked":"Skim+1","floor":47},{"not_picked":["Stack+1","Beam Cell+1"],"picked":"Redo+1","floor":48},{"not_picked":["Rebound+1","Blizzard+1","Tempest+1"],"picked":"SKIP","floor":54}],"player_experience":355204,"relics_obtained":[{"floor":6.0,"key":"Girya"},{"floor":9.0,"key":"Toxic Egg 2"},{"floor":10.0,"key":"Turnip"},{"floor":23.0,"key":"Ancient Tea Set"},{"floor":31.0,"key":"Blue Candle"},{"floor":41,"key":"Darkstone Periapt"},{"floor":43,"key":"Letter Opener"},{"floor":44,"key":"Molten Egg 2"},{"floor":54,"key":"Pen Nib"}],"event_choices":[{"cards_removed":["Strike_B"],"damage_healed":0.0,"max_hp_gain":0.0,"max_hp_loss":0.0,"gold_gain":0.0,"event_name":"Purifier","player_choice":"Purged","floor":2.0,"gold_loss":0.0,"damage_taken":0.0},{"damage_healed":0.0,"max_hp_gain":0.0,"max_hp_loss":0.0,"gold_gain":0.0,"event_name":"Liars Game","player_choice":"Ignored","floor":4.0,"gold_loss":0.0,"damage_taken":0.0},{"damage_healed":0.0,"max_hp_gain":0.0,"max_hp_loss":0.0,"gold_gain":0.0,"event_name":"Addict","player_choice":"Obtained Relic","floor":25.0,"gold_loss":85.0,"damage_taken":0.0,"relics_obtained":["Vajra"]},{"damage_healed":0.0,"max_hp_gain":0.0,"max_hp_loss":0.0,"gold_gain":0.0,"event_name":"SensoryStone","player_choice":"Memory 1","floor":36.0,"gold_loss":0.0,"damage_taken":0.0},{"damage_healed":0.0,"max_hp_gain":0.0,"max_hp_loss":0.0,"gold_gain":0.0,"event_name":"Match and Keep!","player_choice":"2 cards matched","floor":39.0,"gold_loss":0.0,"damage_taken":0.0,"cards_obtained":["Zap","Seek"]}],"is_beta":false,"boss_relics":[{"not_picked":["Snecko Eye","Pandora\u0027s Box"],"picked":"Inserter"},{"not_picked":["Black Star","Calling Bell"],"picked":"FrozenCore"}],"items_purged_floors":[3,12,37],"is_endless":false,"potions_floor_spawned":[1,11,18,21,22,30,46,47],"ascension_level":0}