{"gold_per_floor":[111,111,111,111,134,134,134,469,469,11,11,42,56,95,95,225,225,244,343,343,343,361,396,396,427,427,3,3,34,0,0,0,0],"floor_reached":33,"playtime":1149,"items_purged":["Strike_R","Strike_R"],"score":425,"play_id":"3e70de2b-2938-4433-92b3-00f1fded517a","local_time":"20190725222926","is_ascension_mode":true,"campfire_choices":[{"data":"Sword Boomerang","floor":7,"key":"SMITH"},{"floor":11,"key":"REST"},{"floor":15,"key":"REST"},{"data":"Shrug It Off","floor":24,"key":"SMITH"},{"data":"Fiend Fire","floor":28,"key":"SMITH"},{"floor":32,"key":"RECALL"}],"neow_cost":"NONE","seed_source_timestamp":23520965925134,"circlet_count":0,"master_deck":["Strike_R","Strike_R","Defend_R","Defend_R","Defend_R","Defend_R","Bash+1","Warcry","Sword Boomerang+1","Shrug It Off+1","Fiend Fire+1","Uppercut+1","Cleave","Offering","Feed","Metallicize","Sentinel","Ghostly Armor"],"relics":["Burning Blood","Bag of Preparation","PreservedInsect","Bloody Idol","Old Coin","Oddly Smooth Stone","Regal Pillow","MealTicket","Bottled Flame","Potion Belt","Busted Crown","Kunai","Gremlin Horn","Ornamental Fan","Matryoshka"],"potions_floor_usage":[12,23,25,33,33],"damage_taken":[{"damage":1,"enemies":"Cultist","floor":1,"turns":4},{"damage":11,"enemies":"2 Louse","floor":5,"turns":2},{"damage":30,"enemies":"Lagavulin","floor":8,"turns":5},{"damage":14,"enemies":"3 Sentries","floor":12,"turns":7},{"damage":12,"enemies":"Jaw Worm","floor":13,"turns":2},{"damage":17,"enemies":"Lagavulin","floor":14,"turns":5},{"damage":27,"enemies":"The Guardian","floor":16,"turns":8},{"damage":18,"enemies":"Spheric Guardian","floor":18,"turns":4},{"damage":10,"enemies":"Shell Parasite","floor":22,"turns":4},{"damage":17,"enemies":"Slavers","floor":23,"turns":6},{"damage":27,"enemies":"Gremlin Leader","floor":25,"turns":9},{"damage":20,"enemies":"Book of Stabbing","floor":29,"turns":4},{"damage":89,"enemies":"Automaton","floor":33,"turns":12}],"seed_played":"4021113766382144715","potions_obtained":[{"floor":5,"key":"Energy Potion"},{"floor":8,"key":"BloodPotion"},{"floor":12,"key":"FearPotion"},{"floor":16,"key":"SkillPotion"},{"floor":25,"key":"Energy Potion"}],"is_trial":false,"path_per_floor":["M","?","?","?","M","?","R","E","T","$","R","E","M","E","R","B",null,"M","?","?","?","M","E","R","E","T","$","R","E","?","?","R","B"],"character_chosen":"IRONCLAD","items_purchased":["Regal Pillow","MealTicket","Uppercut","Sentinel","Ornamental Fan"],"campfire_rested":2,"item_purchase_floors":[10,10,10,27,27],"current_hp_per_floor":[77,74,74,54,49,49,49,25,25,25,64,56,50,39,78,57,74,62,62,62,62,63,60,60,44,44,59,59,50,50,50,50,0],"gold":0,"neow_bonus":"RANDOM_COMMON_RELIC","is_prod":false,"is_daily":false,"chose_seed":false,"campfire_upgraded":3,"win_rate":0,"timestamp":1564108166,"path_taken":["M","?","?","?","?","?","R","E","T","$","R","E","M","E","R","BOSS","M","?","?","?","?","E","R","E","T","$","R","E","?","?","R","BOSS"],"build_version":"2019-07-17","purchased_purges":2,"victory":false,"max_hp_per_floor":[80,80,80,80,80,80,80,80,80,80,80,80,80,80,80,80,80,80,80,80,80,80,83,83,83,83,83,83,83,83,83,83,83],"card_choices":[{"not_picked":["Wild Strike","Heavy Blade"],"picked":"Warcry","floor":1},{"not_picked":["Wild Strike","Havoc"],"picked":"Shrug It Off","floor":5},{"not_picked":["Sentinel","Shrug It Off"],"picked":"Fiend Fire","floor":8},{"not_picked":["Warcry","Corruption"],"picked":"Cleave","floor":12},{"not_picked":["Havoc","Intimidate","Sword Boomerang"],"picked":"SKIP","floor":13},{"not_picked":["Rage","Pommel Strike"],"picked":"Offering","floor":14},{"not_picked":["Reaper","Juggernaut"],"picked":"Feed","floor":16},{"not_picked":["Perfected Strike"],"picked":"SKIP","floor":18},{"not_picked":[],"picked":"Metallicize","floor":22},{"not_picked":["Clash"],"picked":"SKIP","floor":23},{"not_picked":["Uppercut"],"picked":"SKIP","floor":25},{"not_picked":[],"picked":"Ghostly Armor","floor":29}],"player_experience":316122,"relics_obtained":[{"floor":8,"key":"Old Coin"},{"floor":9,"key":"Oddly Smooth Stone"},{"floor":12,"key":"Bottled Flame"},{"floor":14,"key":"Potion Belt"},{"floor":23,"key":"Kunai"},{"floor":25,"key":"Gremlin Horn"},{"floor":29,"key":"Matryoshka"}],"event_choices":[{"damage_healed":0,"gold_gain":0,"player_choice":"Success","damage_taken":3,"relics_obtained":["PreservedInsect"],"max_hp_gain":0,"max_hp_loss":0,"event_name":"Scrap Ooze","floor":2,"gold_loss":0},{"damage_healed":0,"gold_gain":0,"cards_transformed":["Strike_R"],"player_choice":"Change","damage_taken":0,"max_hp_gain":0,"max_hp_loss":0,"event_name":"Living Wall","floor":3,"gold_loss":0,"cards_obtained":["Sword Boomerang"]},{"damage_healed":0,"gold_gain":0,"player_choice":"Take Damage","damage_taken":20,"relics_obtained":["Golden Idol"],"max_hp_gain":0,"max_hp_loss":0,"event_name":"Golden Idol","floor":4,"gold_loss":0},{"damage_healed":0,"gold_gain":0,"player_choice":"Upgraded","damage_taken":0,"max_hp_gain":0,"max_hp_loss":0,"event_name":"Upgrade Shrine","floor":6,"gold_loss":0,"cards_upgraded":["Bash"]},{"damage_healed":0,"gold_gain":99,"player_choice":"Stole From Cult","damage_taken":0,"max_hp_gain":0,"max_hp_loss":0,"event_name":"Nest","floor":19,"gold_loss":0},{"damage_healed":0,"gold_gain":0,"player_choice":"Gave Idol","damage_taken":0,"relics_obtained":["Bloody Idol"],"max_hp_gain":0,"max_hp_loss":0,"event_name":"Forgotten Altar","floor":20,"relics_lost":["Golden Idol"],"gold_loss":0},{"damage_healed":0,"gold_gain":0,"player_choice":"Upgraded","damage_taken":0,"max_hp_gain":0,"max_hp_loss":0,"event_name":"Upgrade Shrine","floor":21,"gold_loss":0,"cards_upgraded":["Uppercut"]},{"damage_healed":0,"gold_gain":0,"player_choice":"Paid Fearfully","damage_taken":0,"max_hp_gain":0,"max_hp_loss":0,"event_name":"Masked Bandits","floor":30,"gold_loss":34}],"is_beta":false,"boss_relics":[{"not_picked":["Black Blood","Ectoplasm"],"picked":"Busted Crown"}],"items_purged_floors":[10,27],"is_endless":false,"potions_floor_spawned":[5,8,12,16,25],"killed_by":"Automaton","ascension_level":7}