{"gold_per_floor":[113,1,76,76,96,126,126,160,160,171,184,2,2,34,46,161,173,197,223,160,191,223,235,263,11,11,101,119,136,136,170,170,170],"floor_reached":33,"playtime":1458,"items_purged":["Strike_G","Pain","Strike_G"],"score":354,"play_id":"e91911d7-9e29-4185-a28c-0cf7e5bfd22e","local_time":"20181127033609","is_ascension_mode":false,"campfire_choices":[{"floor":7,"key":"RECALL"},{"data":"Poisoned Stab","floor":15,"key":"SMITH"},{"data":"Adrenaline","floor":23,"key":"SMITH"},{"floor":30,"key":"REST"},{"data":"Mind Blast","floor":32,"key":"SMITH"}],"neow_cost":"NONE","seed_source_timestamp":964839103973051,"circlet_count":0,"master_deck":["Defend_G","Defend_G","Defend_G","Defend_G","Defend_G","Strike_G","Strike_G","Survivor","Neutralize","Endless Agony","Finisher","Sucker Punch","Poisoned Stab+1","Outmaneuver","Catalyst","Slice","Adrenaline+1","Slice","Sucker Punch+1","Quick Slash+1","Slice","Slice+1","Mind Blast+1","Bane","Tools of the Trade","Expertise+1"],"relics":["Ring of the Serpent","NeowsBlessing","WarpedTongs","Matryoshka","Pear","PreservedInsect","Bag of Preparation","MawBank","Membership Card","Dream Catcher","Gremlin Horn"],"potions_floor_usage":[8,16,16,19,24,28,33],"damage_taken":[{"damage":0,"enemies":"Jaw Worm","floor":1,"turns":1},{"damage":0,"enemies":"2 Louse","floor":5,"turns":1},{"damage":1,"enemies":"Gremlin Nob","floor":6,"turns":1},{"damage":8,"enemies":"Lagavulin","floor":8,"turns":4},{"damage":1,"enemies":"Cultist","floor":10,"turns":4},{"damage":6,"enemies":"Exordium Thugs","floor":11,"turns":5},{"damage":0,"enemies":"2 Fungi Beasts","floor":14,"turns":4},{"damage":68,"enemies":"The Guardian","floor":16,"turns":15},{"damage":0,"enemies":"Spheric Guardian","floor":18,"turns":1},{"damage":0,"enemies":"2 Thieves","floor":19,"turns":2},{"damage":4,"enemies":"Cultist and Chosen","floor":21,"turns":7},{"damage":13,"enemies":"Centurion and Healer","floor":22,"turns":6},{"damage":11,"enemies":"Snecko","floor":24,"turns":5},{"damage":5,"enemies":"Shelled Parasite and Fungi","floor":28,"turns":5},{"damage":13,"enemies":"Centurion and Healer","floor":29,"turns":4},{"damage":0,"enemies":"Gremlin Leader","floor":31,"turns":4},{"damage":44,"enemies":"Collector","floor":33,"turns":6}],"seed_played":"1646603259057124810","potions_obtained":[{"floor":6,"key":"Poison Potion"},{"floor":8,"key":"Regen Potion"},{"floor":11,"key":"Regen Potion"},{"floor":16,"key":"SteroidPotion"},{"floor":21,"key":"Weak Potion"},{"floor":22,"key":"PowerPotion"},{"floor":31,"key":"EssenceOfSteel"}],"is_trial":false,"path_per_floor":["M","$","?","?","M","E","R","E","T","M","M","$","?","M","R","B",null,"M","M","?","M","M","R","M","$","T","?","M","M","R","E","R","B"],"character_chosen":"THE_SILENT","items_purchased":["Finisher","Catalyst","Membership Card"],"campfire_rested":1,"item_purchase_floors":[2,12,25],"current_hp_per_floor":[70,70,59,59,59,58,58,60,60,59,53,53,53,53,53,15,80,80,80,80,76,63,63,52,52,52,28,23,10,34,34,34,0],"gold":170,"neow_bonus":"THREE_ENEMY_KILL","is_prod":false,"is_daily":false,"chose_seed":false,"campfire_upgraded":3,"win_rate":0,"timestamp":1543311369,"path_taken":["M","$","?","?","M","E","R","E","T","?","M","$","?","M","R","BOSS","M","M","?","M","M","R","M","$","T","?","?","M","R","E","R","BOSS"],"build_version":"2018-11-15","purchased_purges":3,"victory":false,"max_hp_per_floor":[70,70,70,70,70,70,70,80,80,80,80,80,80,80,80,80,80,80,80,80,80,80,80,80,80,80,80,80,80,80,80,80,80],"card_choices":[{"not_picked":["Prepared","Reflex"],"picked":"Endless Agony","floor":1},{"not_picked":["Bane","Poisoned Stab"],"picked":"Sucker Punch","floor":5},{"not_picked":["Sucker Punch","Dash"],"picked":"Poisoned Stab","floor":6},{"not_picked":["Setup","Dodge and Roll","Well Laid Plans"],"picked":"SKIP","floor":8},{"not_picked":["Bouncing Flask","Skewer"],"picked":"Dagger Throw","floor":10},{"not_picked":["Quick Slash","Concentrate"],"picked":"Outmaneuver","floor":11},{"not_picked":["Setup","Concentrate"],"picked":"Slice","floor":14},{"not_picked":["Storm of Steel","Grand Finale"],"picked":"Adrenaline","floor":16},{"not_picked":["Outmaneuver","Acrobatics"],"picked":"Slice","floor":18},{"not_picked":["Poisoned Stab","Leg Sweep+1"],"picked":"Sucker Punch+1","floor":19},{"not_picked":["Finisher","Dash+1"],"picked":"Quick Slash+1","floor":21},{"not_picked":["Acrobatics","Backflip"],"picked":"Slice","floor":22},{"not_picked":["Heel Hook","Underhanded Strike"],"picked":"Slice+1","floor":24},{"not_picked":["Sucker Punch","PiercingWail+1"],"picked":"Bane","floor":28},{"not_picked":["Acrobatics","Dodge and Roll","Bouncing Flask+1"],"picked":"SKIP","floor":29},{"not_picked":["Dagger Spray","Reflex+1"],"picked":"Tools of the Trade","floor":30},{"not_picked":["Eviscerate","Skewer"],"picked":"Expertise+1","floor":31}],"player_experience":251504,"relics_obtained":[{"floor":6,"key":"Matryoshka"},{"floor":8,"key":"Pear"},{"floor":9,"key":"PreservedInsect"},{"floor":9,"key":"Bag of Preparation"},{"floor":26,"key":"Dream Catcher"},{"floor":31,"key":"Gremlin Horn"}],"event_choices":[{"damage_healed":0,"gold_gain":75,"player_choice":"Gather Gold","damage_taken":11,"max_hp_gain":0,"max_hp_loss":0,"event_name":"World of Goop","floor":3,"gold_loss":0},{"damage_healed":0,"gold_gain":0,"player_choice":"Rummage","damage_taken":0,"relics_obtained":["WarpedTongs"],"max_hp_gain":0,"max_hp_loss":0,"event_name":"Accursed Blacksmith","floor":4,"gold_loss":0,"cards_obtained":["Pain"]},{"cards_removed":["Dagger Throw"],"damage_healed":0,"gold_gain":0,"player_choice":"Gave Card","damage_taken":0,"relics_obtained":["MawBank"],"max_hp_gain":0,"max_hp_loss":0,"event_name":"WeMeetAgain","floor":13,"gold_loss":0},{"cards_removed":["Strike_G"],"damage_healed":0,"gold_gain":0,"player_choice":"Gave Gold","damage_taken":0,"max_hp_gain":0,"max_hp_loss":0,"event_name":"Beggar","floor":20,"gold_loss":75},{"damage_healed":0,"gold_gain":90,"player_choice":"CARD GOLD ","damage_taken":24,"max_hp_gain":0,"max_hp_loss":0,"event_name":"Knowing Skull","floor":27,"potions_obtained":[],"gold_loss":0,"cards_obtained":["Mind Blast"]}],"is_beta":true,"boss_relics":[{"not_picked":["Black Star","Empty Cage"],"picked":"Ring of the Serpent"}],"items_purged_floors":[2,12,25],"is_endless":false,"potions_floor_spawned":[6,8,11,16,21,22,31],"killed_by":"Collector","ascension_level":0}