{"gold_per_floor":[114,134,65,65,75,101,101,101,101,118,118,118,144,161,161,262,262,273,273,286,298,36,36,62,62,62,62,87,110,209,242,242,242],"floor_reached":33,"playtime":1842,"items_purged":["Strike_R"],"score":344,"play_id":"92dc02d2-100b-4435-bea7-5a790beea8f1","local_time":"20190811001803","is_ascension_mode":true,"campfire_choices":[{"data":"Bash","floor":8,"key":"SMITH"},{"data":"Shrug It Off","floor":12,"key":"SMITH"},{"floor":15,"key":"REST"},{"floor":23,"key":"REST"},{"floor":25,"key":"REST"},{"data":"Blood for Blood","floor":27,"key":"SMITH"},{"floor":32,"key":"REST"}],"neow_cost":"NONE","seed_source_timestamp":85179988883888,"circlet_count":0,"master_deck":["Strike_R","Strike_R+1","Strike_R+1","Strike_R","Defend_R","Defend_R","Defend_R","Defend_R","Bash+1","Disarm+1","Anger","Shrug It Off+1","Whirlwind","Combust","Blood for Blood+1","Dual Wield+1","Rage+1","Uppercut+1","Offering+1","Shrug It Off+1","Writhe","Cleave+1","Armaments+1","Reaper+1","Inflame","Armaments+1","True Grit+1","Rage+1"],"relics":["Black Blood","Nunchaku","Toxic Egg 2","Molten Egg 2","Strawberry","Orichalcum","Letter Opener","Shovel","Whetstone","Blue Candle"],"potions_floor_usage":[7,14,16,18,24,31,31],"damage_taken":[{"damage":5,"enemies":"2 Louse","floor":1,"turns":3},{"damage":0,"enemies":"Cultist","floor":2,"turns":4},{"damage":5,"enemies":"Small Slimes","floor":5,"turns":3},{"damage":21,"enemies":"Gremlin Nob","floor":6,"turns":4},{"damage":0,"enemies":"Exordium Thugs","floor":7,"turns":1},{"damage":6,"enemies":"Looter","floor":10,"turns":3},{"damage":37,"enemies":"3 Sentries","floor":13,"turns":7},{"damage":16,"enemies":"Large Slime","floor":14,"turns":6},{"damage":35,"enemies":"Slime Boss","floor":16,"turns":10},{"damage":25,"enemies":"2 Thieves","floor":18,"turns":4},{"damage":9,"enemies":"Chosen","floor":20,"turns":5},{"damage":26,"enemies":"Snake Plant","floor":21,"turns":6},{"damage":34,"enemies":"Book of Stabbing","floor":24,"turns":8},{"damage":54,"enemies":"Slavers","floor":28,"turns":5},{"damage":21,"enemies":"Gremlin Leader","floor":31,"turns":6},{"damage":70,"enemies":"Automaton","floor":33,"turns":6}],"seed_played":"-1873546660184401362","potions_obtained":[{"floor":5,"key":"Swift Potion"},{"floor":6,"key":"SmokeBomb"},{"floor":10,"key":"LiquidBronze"},{"floor":11,"key":"FearPotion"},{"floor":11,"key":"Dexterity Potion"},{"floor":11,"key":"Explosive Potion"},{"floor":16,"key":"PowerPotion"},{"floor":20,"key":"Weak Potion"},{"floor":28,"key":"AttackPotion"}],"is_trial":false,"path_per_floor":["M","M","$","?","M","E","M","R","T","M","?","R","E","M","R","B",null,"M","?","M","M","$","R","E","R","T","R","E","T","?","E","R","B"],"character_chosen":"IRONCLAD","items_purchased":["Whirlwind","Reaper+1","Inflame"],"campfire_rested":4,"item_purchase_floors":[3,22,22],"current_hp_per_floor":[80,80,80,80,80,65,71,71,71,71,71,71,40,30,54,25,80,65,72,73,57,57,83,66,87,87,87,43,43,43,32,58,0],"gold":242,"neow_bonus":"THREE_CARDS","is_prod":false,"is_daily":false,"chose_seed":false,"campfire_upgraded":3,"win_rate":0,"timestamp":1565497083,"path_taken":["M","M","$","?","?","E","M","R","T","M","?","R","E","M","R","BOSS","M","?","M","M","$","R","E","R","T","R","E","?","?","E","R","BOSS"],"build_version":"2019-07-17","purchased_purges":1,"victory":false,"max_hp_per_floor":[80,80,80,80,80,80,80,80,80,80,80,80,80,80,80,80,80,80,87,87,87,87,87,87,87,87,87,87,87,87,87,87,87],"card_choices":[{"not_picked":["Body Slam","Flex"],"picked":"Disarm","floor":0},{"not_picked":["Feel No Pain","True Grit"],"picked":"Anger","floor":1},{"not_picked":["Thunderclap","Clash"],"picked":"Shrug It Off","floor":2},{"not_picked":["Wild Strike","Pommel Strike"],"picked":"Combust","floor":5},{"not_picked":["True Grit","Anger"],"picked":"Blood for Blood","floor":6},{"not_picked":["Warcry+1","Dropkick"],"picked":"Dual Wield+1","floor":10},{"not_picked":["Sword Boomerang","Cleave"],"picked":"Rage+1","floor":13},{"not_picked":["Headbutt+1","Metallicize"],"picked":"Uppercut+1","floor":14},{"not_picked":["Berserk","Limit Break+1"],"picked":"Offering+1","floor":16},{"not_picked":["Clash+1","Power Through+1"],"picked":"Shrug It Off+1","floor":18},{"not_picked":["Anger+1","Flex+1"],"picked":"Cleave+1","floor":20},{"not_picked":["Sword Boomerang+1","Flex+1"],"picked":"Armaments+1","floor":21},{"not_picked":["Havoc+1","Iron Wave+1"],"picked":"Armaments+1","floor":24},{"not_picked":["Flame Barrier+1","Reckless Charge+1"],"picked":"True Grit+1","floor":28},{"not_picked":["Twin Strike+1","Anger+1"],"picked":"Rage+1","floor":31}],"player_experience":91168,"relics_obtained":[{"floor":6,"key":"Nunchaku"},{"floor":9,"key":"Toxic Egg 2"},{"floor":13,"key":"Molten Egg 2"},{"floor":24,"key":"Orichalcum"},{"floor":26,"key":"Letter Opener"},{"floor":28,"key":"Shovel"},{"floor":29,"key":"Whetstone"},{"floor":31,"key":"Blue Candle"}],"event_choices":[{"damage_healed":0,"gold_gain":0,"player_choice":"Upgraded","damage_taken":0,"max_hp_gain":0,"max_hp_loss":0,"event_name":"Upgrade Shrine","floor":4,"gold_loss":0,"cards_upgraded":["Disarm"]},{"damage_healed":0,"gold_gain":0,"player_choice":"Got Potions","damage_taken":0,"max_hp_gain":0,"max_hp_loss":0,"event_name":"Lab","floor":11,"gold_loss":0},{"damage_healed":0,"gold_gain":0,"player_choice":"Opened","damage_taken":0,"relics_obtained":["Strawberry"],"max_hp_gain":0,"max_hp_loss":0,"event_name":"The Mausoleum","floor":19,"gold_loss":0,"cards_obtained":["Writhe"]},{"damage_healed":0,"gold_gain":99,"player_choice":"Stole From Cult","damage_taken":0,"max_hp_gain":0,"max_hp_loss":0,"event_name":"Nest","floor":30,"gold_loss":0}],"is_beta":false,"boss_relics":[{"not_picked":["Sozu","Runic Dome"],"picked":"Black Blood"}],"items_purged_floors":[22],"is_endless":false,"potions_floor_spawned":[5,6,10,16,20,28],"killed_by":"Automaton","ascension_level":2}