{"gold_per_floor":[114,128,78,97,97,128,128,53,101,111,111,111,128,142,142,237,237,257,19,29,29,113,113,141,158,238,238,249,164,164,180,180,285,285,302,402,412,424,438,473,491,505,505,505],"floor_reached":44,"playtime":1670,"items_purged":["Strike_R"],"score":464,"play_id":"40d93cda-01d4-479c-9908-894d9704a991","local_time":"20190228235105","is_ascension_mode":false,"campfire_choices":[{"data":"Whirlwind","floor":12,"key":"SMITH"},{"data":"Bash","floor":15,"key":"SMITH"},{"data":"Limit Break","floor":23,"key":"SMITH"},{"data":"Bloodletting","floor":27,"key":"SMITH"},{"data":"Dual Wield","floor":30,"key":"SMITH"},{"data":"Entrench","floor":32,"key":"SMITH"}],"neow_cost":"NONE","seed_source_timestamp":1258714851489307,"circlet_count":0,"master_deck":["Strike_R","Strike_R","Defend_R","Defend_R","Defend_R","Defend_R","Bash+1","Inflame","Sword Boomerang","Whirlwind+1","Bloodletting+1","Heavy Blade","Wild Strike","Limit Break+1","Dual Wield+1","Evolve","Shrug It Off","Twin Strike","Necronomicurse","Uppercut","Headbutt+1","Shrug It Off+1","Entrench+1","Double Tap","Shockwave+1","Regret"],"special_seed":0,"relics":["Black Blood","Lantern","PreservedInsect","Potion Belt","Anchor","Necronomicon","Tiny Chest","Oddly Smooth Stone","Meat on the Bone","Letter Opener","Cursed Key","Smiling Mask","Ornamental Fan"],"potions_floor_usage":[6,16,24,24,33,33],"damage_taken":[{"damage":0,"enemies":"Small Slimes","floor":1,"turns":3},{"damage":8,"enemies":"2 Louse","floor":2,"turns":3},{"damage":13,"enemies":"Cultist","floor":4,"turns":4},{"damage":44,"enemies":"3 Sentries","floor":6,"turns":9},{"damage":0,"enemies":"3 Louse","floor":10,"turns":1},{"damage":2,"enemies":"Exordium Wildlife","floor":13,"turns":2},{"damage":23,"enemies":"Large Slime","floor":14,"turns":6},{"damage":71,"enemies":"Hexaghost","floor":16,"turns":10},{"damage":3,"enemies":"3 Byrds","floor":18,"turns":4},{"damage":21,"enemies":"Spheric Guardian","floor":20,"turns":5},{"damage":4,"enemies":"Slavers","floor":24,"turns":3},{"damage":16,"enemies":"Snake Plant","floor":25,"turns":4},{"damage":0,"enemies":"Cultist and Chosen","floor":28,"turns":3},{"damage":0,"enemies":"Centurion and Healer","floor":31,"turns":3},{"damage":81,"enemies":"Champ","floor":33,"turns":10},{"damage":0,"enemies":"Orb Walker","floor":35,"turns":2},{"damage":0,"enemies":"3 Shapes","floor":37,"turns":2},{"damage":38,"enemies":"3 Darklings","floor":38,"turns":4},{"damage":8,"enemies":"Maw","floor":39,"turns":8},{"damage":14,"enemies":"Giant Head","floor":40,"turns":5},{"damage":21,"enemies":"Jaw Worm Horde","floor":41,"turns":5},{"damage":24,"enemies":"Spire Growth","floor":42,"turns":4},{"damage":64,"enemies":"Reptomancer","floor":44,"turns":5}],"seed_played":"-374193294639122591","potions_obtained":[{"floor":1,"key":"Swift Potion"},{"floor":2,"key":"Weak Potion"},{"floor":6,"key":"EssenceOfSteel"},{"floor":14,"key":"EssenceOfSteel"},{"floor":18,"key":"Dexterity Potion"},{"floor":25,"key":"BloodPotion"},{"floor":28,"key":"FearPotion"},{"floor":31,"key":"EssenceOfSteel"},{"floor":38,"key":"Fire Potion"},{"floor":40,"key":"Dexterity Potion"}],"is_trial":false,"path_per_floor":["M","M","?","M","?","E","?","$","T","M","?","R","M","M","R","B",null,"M","$","M","?","T","R","E","M","T","R","M","?","R","M","R","B",null,"M","?","M","M","M","E","M","M","T","E"],"character_chosen":"IRONCLAD","items_purchased":["Evolve","Anchor","Shrug It Off"],"campfire_rested":0,"item_purchase_floors":[19,19,19],"current_hp_per_floor":[80,78,78,71,64,26,8,8,8,14,90,90,90,73,73,8,90,90,90,79,63,63,63,69,63,63,63,73,73,73,83,83,33,90,90,90,90,62,64,60,61,59,59,0],"gold":505,"neow_bonus":"ONE_RANDOM_RARE_CARD","is_prod":false,"is_daily":false,"chose_seed":false,"campfire_upgraded":6,"win_rate":0,"timestamp":1551365465,"path_taken":["M","M","?","M","?","E","?","$","T","M","?","R","M","?","R","BOSS","M","$","M","?","?","R","E","M","T","R","?","?","R","M","R","BOSS","M","?","M","?","M","E","M","M","T","E"],"build_version":"2019-01-23","purchased_purges":1,"victory":false,"max_hp_per_floor":[80,80,80,80,80,80,80,80,80,80,90,90,90,90,90,90,90,90,90,90,90,90,90,90,90,90,90,90,90,90,90,90,90,90,90,90,90,90,90,90,90,90,90,90],"card_choices":[{"not_picked":["Second Wind","Fire Breathing","Sword Boomerang"],"picked":"SKIP","floor":1},{"not_picked":["Battle Trance","Dual Wield"],"picked":"Inflame","floor":2},{"not_picked":["Sentinel","Flex"],"picked":"Sword Boomerang","floor":4},{"not_picked":["Uppercut","Body Slam"],"picked":"Whirlwind","floor":6},{"not_picked":["Cleave","Perfected Strike"],"picked":"Bloodletting","floor":10},{"not_picked":["Second Wind","Carnage"],"picked":"Heavy Blade","floor":13},{"not_picked":["Flex","Perfected Strike"],"picked":"Wild Strike","floor":14},{"not_picked":["Barricade","Demon Form"],"picked":"Limit Break","floor":16},{"not_picked":["Sword Boomerang","Hemokinesis"],"picked":"Dual Wield","floor":18},{"not_picked":["Rampage","Body Slam"],"picked":"Twin Strike","floor":20},{"not_picked":["Flame Barrier","Thunderclap"],"picked":"Uppercut","floor":24},{"not_picked":["Cleave","Armaments"],"picked":"Headbutt+1","floor":25},{"not_picked":["Combust","Wild Strike"],"picked":"Shrug It Off+1","floor":28},{"not_picked":["True Grit","Seeing Red+1"],"picked":"Entrench","floor":31},{"not_picked":["Reaper","Bludgeon"],"picked":"Double Tap","floor":33},{"not_picked":["Clash","True Grit+1","Havoc"],"picked":"SKIP","floor":35},{"not_picked":["Thunderclap","Power Through+1","Shrug It Off+1"],"picked":"SKIP","floor":37},{"not_picked":["Clash","Shrug It Off+1","Rage"],"picked":"SKIP","floor":38},{"not_picked":["Heavy Blade+1","Wild Strike"],"picked":"Shockwave+1","floor":39},{"not_picked":["True Grit+1","Fire Breathing+1","Whirlwind+1"],"picked":"SKIP","floor":40},{"not_picked":["Intimidate","Clothesline+1","Cleave"],"picked":"SKIP","floor":41},{"not_picked":["Wild Strike","Iron Wave","Heavy Blade"],"picked":"SKIP","floor":42}],"player_experience":264730,"relics_obtained":[{"floor":6,"key":"Lantern"},{"floor":9,"key":"Potion Belt"},{"floor":21,"key":"Necronomicon"},{"floor":22,"key":"Tiny Chest"},{"floor":24,"key":"Oddly Smooth Stone"},{"floor":26,"key":"Meat on the Bone"},{"floor":40,"key":"Smiling Mask"},{"floor":43,"key":"Ornamental Fan"}],"event_choices":[{"cards_removed":["Strike_R"],"damage_healed":0,"gold_gain":0,"player_choice":"Card Removal","damage_taken":0,"max_hp_gain":0,"max_hp_loss":0,"event_name":"The Cleric","floor":3,"gold_loss":50},{"cards_removed":["Strike_R"],"damage_healed":0,"gold_gain":0,"player_choice":"Card Removal","damage_taken":7,"max_hp_gain":0,"max_hp_loss":0,"event_name":"Golden Wing","floor":5,"gold_loss":0},{"damage_healed":0,"gold_gain":0,"player_choice":"Success","damage_taken":18,"relics_obtained":["PreservedInsect"],"max_hp_gain":0,"max_hp_loss":0,"event_name":"Scrap Ooze","floor":7,"gold_loss":0},{"cards_removed":["Berserk"],"damage_healed":66,"gold_gain":0,"player_choice":"Offered Rare","damage_taken":0,"max_hp_gain":10,"max_hp_loss":0,"event_name":"Bonfire Elementals","floor":11,"gold_loss":0},{"damage_healed":0,"gold_gain":0,"player_choice":"Obtained Book","damage_taken":16,"max_hp_gain":0,"max_hp_loss":0,"event_name":"Cursed Tome","floor":21,"gold_loss":0},{"damage_healed":0,"gold_gain":0,"player_choice":"Obtained Relic","damage_taken":0,"relics_obtained":["Letter Opener"],"max_hp_gain":0,"max_hp_loss":0,"event_name":"Addict","floor":29,"gold_loss":85},{"damage_healed":0,"gold_gain":100,"player_choice":"Pray","damage_taken":0,"max_hp_gain":0,"max_hp_loss":0,"event_name":"Golden Shrine","floor":36,"gold_loss":0}],"is_beta":false,"boss_relics":[{"not_picked":["Runic Cube","Pandora\u0027s Box"],"picked":"Black Blood"},{"not_picked":["Orrery","Empty Cage"],"picked":"Cursed Key"}],"items_purged_floors":[8],"is_endless":false,"potions_floor_spawned":[1,2,6,14,18,25,28,31,38,40],"killed_by":"Reptomancer","ascension_level":0}