{"gold_per_floor":[113,63,29,42,42,54,64,98,146,180,196,196,196,196],"floor_reached":14,"playtime":583,"items_purged":[],"score":150,"play_id":"46f42bd0-573b-4c6b-a3a6-8ffc78f44ecb","local_time":"20190201223223","is_ascension_mode":true,"campfire_choices":[{"data":"Chaos","floor":12,"key":"SMITH"}],"neow_cost":"CURSE","seed_source_timestamp":749085974988341,"circlet_count":0,"master_deck":["Strike_B","Strike_B","Strike_B","Strike_B","Defend_B","Defend_B","Defend_B","Defend_B","Zap","Dualcast","Chaos+1","Glacier","Conserve Battery","Conserve Battery","Leap","Compile Driver"],"relics":["Cracked Core","Gambling Chip","Bottled Lightning","Omamori","Anchor","Calipers"],"potions_floor_usage":[8,8,10],"damage_taken":[{"damage":6,"enemies":"2 Louse","floor":1,"turns":3},{"damage":0,"enemies":"Small Slimes","floor":4,"turns":3},{"damage":0,"enemies":"Cultist","floor":6,"turns":4},{"damage":2,"enemies":"3 Louse","floor":7,"turns":4},{"damage":9,"enemies":"Gremlin Nob","floor":8,"turns":4},{"damage":0,"enemies":"3 Sentries","floor":10,"turns":11},{"damage":5,"enemies":"Large Slime","floor":11,"turns":12},{"damage":27,"enemies":"Gremlin Nob","floor":14,"turns":5}],"seed_played":"7720038172500790477","potions_obtained":[{"floor":4,"key":"PowerPotion"},{"floor":6,"key":"FocusPotion"},{"floor":7,"key":"SkillPotion"}],"is_trial":false,"path_per_floor":["M","?","$","M","?","M","M","E","T","E","M","R","?","E"],"character_chosen":"DEFECT","items_purchased":["Glacier"],"campfire_rested":0,"item_purchase_floors":[3],"current_hp_per_floor":[69,69,69,69,69,69,67,58,58,58,53,53,41,14],"gold":196,"neow_bonus":"ONE_RARE_RELIC","is_prod":false,"is_daily":false,"chose_seed":false,"campfire_upgraded":1,"win_rate":0,"timestamp":1549081943,"path_taken":["M","?","$","M","?","M","M","E","T","E","?","R","?","E"],"build_version":"2019-01-23","purchased_purges":0,"victory":false,"max_hp_per_floor":[75,75,75,75,75,75,75,75,75,75,75,75,75,75],"card_choices":[{"not_picked":["Streamline","Stack"],"picked":"Chaos","floor":1},{"not_picked":["Sweeping Beam","Tempest"],"picked":"Conserve Battery","floor":4},{"not_picked":["Reprogram","Rebound"],"picked":"Conserve Battery","floor":6},{"not_picked":["Stack","Turbo","Aggregate"],"picked":"SKIP","floor":7},{"not_picked":["Hyperbeam","Streamline","Steam Power"],"picked":"SKIP","floor":8},{"not_picked":["Go for the Eyes","Thunder Strike"],"picked":"Leap","floor":10},{"not_picked":["Lockon","Redo"],"picked":"Compile Driver","floor":11}],"player_experience":423440,"relics_obtained":[{"floor":8,"key":"Bottled Lightning"},{"floor":9,"key":"Omamori"},{"floor":10,"key":"Anchor"}],"event_choices":[{"cards_removed":["Decay"],"damage_healed":0,"gold_gain":0,"player_choice":"Card Removal","damage_taken":0,"max_hp_gain":0,"max_hp_loss":0,"event_name":"The Cleric","floor":2,"gold_loss":50},{"damage_healed":0,"gold_gain":0,"player_choice":"0 cards matched","damage_taken":0,"max_hp_gain":0,"max_hp_loss":0,"event_name":"Match and Keep!","floor":5,"gold_loss":0,"cards_obtained":[]},{"damage_healed":0,"gold_gain":0,"player_choice":"Success","damage_taken":12,"relics_obtained":["Calipers"],"max_hp_gain":0,"max_hp_loss":0,"event_name":"Scrap Ooze","floor":13,"gold_loss":0}],"is_beta":true,"boss_relics":[],"items_purged_floors":[],"is_endless":false,"potions_floor_spawned":[4,6,7],"killed_by":"Gremlin Nob","ascension_level":4}