{"path_per_floor":["M","M","$","?","M","R","M","R","T","M","M","M","$","M","R","B",null,"M","M","M","$","?","R","M","E","T","?","$","E","R","M","R","B",null,"M","M","M","$","M","R","?","R","T","E","?","M","M","M","R","B"],"character_chosen":"THE_SILENT","items_purchased":["Footwork","Dream Catcher"],"gold_per_floor":[12,22,22,122,135,135,147,147,147,161,174,194,119,135,135,235,235,217,228,241,141,141,141,157,187,187,287,84,117,117,130,130,226,226,237,248,268,112,126,126,126,126,126,160,160,180,194,209,209,209],"floor_reached":51,"campfire_rested":2,"playtime":4395,"current_hp_per_floor":[70,70,70,70,70,70,70,70,70,70,70,70,70,70,70,26,70,60,60,60,60,47,47,46,46,46,46,46,43,43,44,66,5,75,75,75,75,75,73,73,64,64,64,32,32,32,38,39,61,23],"items_purged":["Strike_G","Strike_G","Defend_G"],"gold":209,"score":690,"play_id":"903a06de-e30d-44b4-a45c-927dbbd8892b","local_time":"20180515212306","is_prod":false,"is_daily":false,"chose_seed":false,"is_ascension_mode":false,"campfire_upgraded":7,"timestamp":1526412186,"path_taken":["M","M","$","?","M","R","M","R","T","?","?","M","$","M","R","BOSS","M","M","M","$","?","R","M","E","T","?","$","E","R","M","R","BOSS","M","M","?","$","M","R","?","R","T","E","?","M","M","M","R","BOSS"],"build_version":"2018-05-14v2","seed_source_timestamp":13678778595756,"purchased_purges":3,"victory":true,"master_deck":["Defend_G","Defend_G","Defend_G","Defend_G","Strike_G","Strike_G","Strike_G","Survivor","Neutralize","Outmaneuver+1","Dash+1","Quick Slash","Flying Knee","Caltrops+1","A Thousand Cuts+1","Malaise+1","Flying Knee+1","Finisher","Quick Slash","Footwork+1","Glass Knife+1","Backflip+1","Backflip","Blur+1","Madness","Madness","Doppelganger+1","Skewer+1","Footwork+1","Expertise+1"],"max_hp_per_floor":[70,70,70,70,70,70,70,70,70,70,70,70,70,70,70,70,70,70,70,70,70,75,75,75,75,75,75,75,75,75,75,75,75,75,75,75,75,75,75,75,75,75,75,75,75,75,75,75,75,75],"relics":["Ring of the Snake","Thread and Needle","Mercury Hourglass","Sozu","Darkstone Periapt","Bird Faced Urn","Bag of Preparation","Orrery","Dream Catcher","Toxic Egg 2","Letter Opener"],"card_choices":[{"not_picked":["Deadly Poison","Slice"],"picked":"Outmaneuver","floor":1},{"not_picked":["Underhanded Strike","Deadly Poison","Corpse Explosion"],"picked":"SKIP","floor":2},{"not_picked":["Slice","Prepared","Crippling Poison"],"picked":"SKIP","floor":5},{"not_picked":["Blur","Cloak And Dagger"],"picked":"Dash","floor":7},{"not_picked":["Endless Agony","Noxious Fumes"],"picked":"Quick Slash","floor":10},{"not_picked":["Deadly Poison","Poisoned Stab","Flechettes"],"picked":"SKIP","floor":11},{"not_picked":["Doppelganger","Acrobatics"],"picked":"Flying Knee","floor":12},{"not_picked":["Dagger Throw","Backstab"],"picked":"Caltrops","floor":14},{"not_picked":["Glass Knife","Doppelganger"],"picked":"A Thousand Cuts","floor":16},{"not_picked":["PiercingWail","Flying Knee"],"picked":"Malaise+1","floor":18},{"not_picked":["Bane","Deflect"],"picked":"Flying Knee+1","floor":19},{"not_picked":["Slice","Flying Knee"],"picked":"Finisher","floor":20},{"not_picked":["Accuracy","Dash+1"],"picked":"Quick Slash","floor":24},{"not_picked":["Unload","Prepared+1","Eviscerate"],"picked":"SKIP","floor":25},{"not_picked":["Dagger Throw","Riddle With Holes","Cloak And Dagger"],"picked":"SKIP","floor":29},{"not_picked":["Poisoned Stab","Prepared+1","Deflect+1"],"picked":"SKIP","floor":31},{"not_picked":["A Thousand Cuts","Corpse Explosion"],"picked":"Glass Knife","floor":33},{"not_picked":["Choke","Prepared"],"picked":"Backflip","floor":34},{"not_picked":["Crippling Poison","Bane"],"picked":"Backflip","floor":34},{"not_picked":["Prepared","PiercingWail+1","Dash"],"picked":"SKIP","floor":35},{"not_picked":["Quick Slash","Backstab+1"],"picked":"Blur+1","floor":36},{"not_picked":["Prepared+1","Crippling Poison+1","Dodge and Roll"],"picked":"SKIP","floor":37},{"not_picked":["Slice+1","Burst","Backflip+1"],"picked":"SKIP","floor":39},{"not_picked":["Dagger Throw+1","Quick Slash+1"],"picked":"Doppelganger+1","floor":44},{"not_picked":["Finisher","Cloak And Dagger+1"],"picked":"Skewer+1","floor":46},{"not_picked":["Quick Slash+1","Outmaneuver+1"],"picked":"Footwork+1","floor":47},{"not_picked":["Dodge and Roll+1","Backflip+1"],"picked":"Expertise+1","floor":48}],"player_experience":55127,"potions_floor_usage":[29,50,50],"damage_taken":[{"damage":0,"enemies":"Small Slimes","floor":1,"turns":3},{"damage":0,"enemies":"Cultist","floor":2,"turns":4},{"damage":0,"enemies":"Jaw Worm","floor":5,"turns":4},{"damage":0,"enemies":"Red Slaver","floor":7,"turns":5},{"damage":0,"enemies":"Gremlin Gang","floor":10,"turns":4},{"damage":0,"enemies":"2 Fungi Beasts","floor":11,"turns":3},{"damage":0,"enemies":"Looter","floor":12,"turns":3},{"damage":0,"enemies":"Blue Slaver","floor":14,"turns":4},{"damage":44,"enemies":"Hexaghost","floor":16,"turns":9},{"damage":10,"enemies":"2 Thieves","floor":18,"turns":4},{"damage":0,"enemies":"Shell Parasite","floor":19,"turns":7},{"damage":0,"enemies":"Snecko","floor":20,"turns":7},{"damage":1,"enemies":"Centurion and Healer","floor":24,"turns":6},{"damage":0,"enemies":"Book of Stabbing","floor":25,"turns":5},{"damage":24,"enemies":"Slavers","floor":29,"turns":6},{"damage":5,"enemies":"3 Cultists","floor":31,"turns":4},{"damage":67,"enemies":"Automaton","floor":33,"turns":12},{"damage":0,"enemies":"3 Darklings","floor":35,"turns":5},{"damage":0,"enemies":"Orb Walker","floor":36,"turns":4},{"damage":0,"enemies":"3 Darklings","floor":37,"turns":5},{"damage":2,"enemies":"4 Shapes","floor":39,"turns":4},{"damage":38,"enemies":"2 Orb Walkers","floor":44,"turns":6},{"damage":6,"enemies":"Spire Growth","floor":46,"turns":6},{"damage":0,"enemies":"Flame Bruiser 2 Orb","floor":47,"turns":7},{"damage":7,"enemies":"3 Darklings","floor":48,"turns":5},{"damage":46,"enemies":"Donu and Deca","floor":50,"turns":12}],"relics_obtained":[{"floor":9,"key":"Mercury Hourglass"},{"floor":25,"key":"Darkstone Periapt"},{"floor":26,"key":"Bird Faced Urn"},{"floor":29,"key":"Bag of Preparation"},{"floor":43,"key":"Toxic Egg 2"},{"floor":44,"key":"Letter Opener"}],"event_choices":[{"event_name":"Wheel of Change","player_choice":"Gold","floor":4,"damage_taken":0},{"event_name":"Forgotten Altar","player_choice":"Shed Blood","floor":22,"damage_taken":0},{"event_name":"Golden Shrine","player_choice":"Pray","floor":27,"damage_taken":0},{"event_name":"Winding Halls","player_choice":"Embrace Madness","floor":41,"damage_taken":0},{"event_name":"Mysterious Sphere","player_choice":"Ignore","floor":45,"damage_taken":0}],"boss_relics":[{"not_picked":["Black Star","Runic Dome"],"picked":"Sozu"},{"not_picked":["Philosopher\u0027s Stone","Calling Bell"],"picked":"Orrery"}],"potions_floor_spawned":[2,11,12,16,19,24,29,31,37,44,46,47],"seed_played":"9049629199374732512","ascension_level":0,"potions_obtained":[{"floor":2,"key":"GhostInAJar"},{"floor":11,"key":"Block Potion"},{"floor":12,"key":"Regen Potion"}],"is_trial":false}