{"gold_per_floor":[118,134,41,53,53,53,65,65,65,65,65,79,89,89],"floor_reached":14,"playtime":753,"items_purged":[],"score":82,"play_id":"240e8097-a22c-4362-aa7c-bef83a0fd879","local_time":"20190910191706","is_ascension_mode":false,"campfire_choices":[{"data":"TalkToTheHand","floor":6,"key":"SMITH"},{"data":"Establishment","floor":10,"key":"SMITH"}],"neow_cost":"NONE","seed_source_timestamp":240972960774523,"circlet_count":0,"master_deck":["Strike_P","Strike_P","Strike_P","Strike_P","Defend_P","Defend_P","Defend_P","Defend_P","Eruption","Vigilance","TalkToTheHand+1","FlyingSleeves","Establishment+1","EmptyMind","Meditate","CleanseEvil","Pain","Vengeance","FlyingSleeves"],"relics":["PureWater","Question Card","WarpedTongs","Darkstone Periapt"],"potions_floor_usage":[14],"damage_taken":[{"damage":0,"enemies":"Small Slimes","floor":1,"turns":2},{"damage":8,"enemies":"Cultist","floor":2,"turns":3},{"damage":6,"enemies":"Jaw Worm","floor":4,"turns":4},{"damage":10,"enemies":"3 Louse","floor":7,"turns":2},{"damage":3,"enemies":"Looter","floor":12,"turns":2},{"damage":18,"enemies":"Blue Slaver","floor":13,"turns":2},{"damage":21,"enemies":"Exordium Thugs","floor":14,"turns":3}],"seed_played":"-4695801462206742027","potions_obtained":[{"floor":4,"key":"StancePotion"},{"floor":12,"key":"StancePotion"},{"floor":13,"key":"Weak Potion"}],"is_trial":false,"path_per_floor":["M","M","$","M","?","R","M","?","T","R","$","M","M","M"],"character_chosen":"WATCHER","items_purchased":["Establishment","EmptyMind"],"campfire_rested":0,"item_purchase_floors":[3,3],"current_hp_per_floor":[71,63,63,57,39,39,29,29,29,29,29,26,8,0],"gold":89,"neow_bonus":"TEN_PERCENT_HP_BONUS","is_prod":false,"is_daily":false,"chose_seed":false,"campfire_upgraded":2,"win_rate":0.0,"timestamp":1568157426,"path_taken":["M","M","$","M","?","R","M","?","T","R","$","?","M","M"],"build_version":"2019-09-09v2","purchased_purges":0,"victory":false,"max_hp_per_floor":[71,71,71,71,71,71,71,71,71,71,71,71,71,71],"card_choices":[{"not_picked":["EmptyBody","WaveOfTheHand"],"picked":"TalkToTheHand","floor":1},{"not_picked":["Protect","Weave"],"picked":"FlyingSleeves","floor":2},{"not_picked":["FlyingSleeves","DeceiveReality"],"picked":"Meditate","floor":4},{"not_picked":["Weave","ThirdEye","FlurryOfBlows"],"picked":"CleanseEvil","floor":7},{"not_picked":["CutThroughFate","EmptyMind","ThirdEye"],"picked":"Vengeance","floor":12},{"not_picked":["Meditate","Tantrum","Sanctity"],"picked":"FlyingSleeves","floor":13}],"player_experience":30108,"relics_obtained":[{"floor":9,"key":"Darkstone Periapt"}],"event_choices":[{"damage_healed":0,"gold_gain":0,"player_choice":"Success","damage_taken":18,"relics_obtained":["Question Card"],"max_hp_gain":0,"max_hp_loss":0,"event_name":"Scrap Ooze","floor":5,"gold_loss":0},{"damage_healed":0,"gold_gain":0,"player_choice":"Rummage","damage_taken":0,"relics_obtained":["WarpedTongs"],"max_hp_gain":0,"max_hp_loss":0,"event_name":"Accursed Blacksmith","floor":8,"gold_loss":0,"cards_obtained":["Pain"]}],"is_beta":true,"boss_relics":[],"items_purged_floors":[],"is_endless":false,"potions_floor_spawned":[4,12,13],"killed_by":"Exordium Thugs","ascension_level":0}