{"path_per_floor":["M","?","T","M","M","R","M","R","T","E","R","?","M","$","R","B",null,"M","$","M","?","M","R","M","R","T","E","$","R","M","E","R","B",null,"M","$","?","M","M","R","E","M","T","M","R","M","M","$","R","B"],"character_chosen":"THE_SILENT","items_purchased":["Singing Bowl","Bottled Lightning","Finesse","Whetstone","Bag of Marbles","Regen Potion"],"gold_per_floor":[115,365,365,379,398,398,414,414,414,448,448,448,465,0,0,97,97,115,21,41,41,61,61,76,76,146,175,30,30,41,66,66,162,162,182,82,134,149,149,149,176,191,191,203,203,219,236,32,32,32],"floor_reached":51,"campfire_rested":0,"playtime":2835,"current_hp_per_floor":[56,56,56,53,44,50,50,56,56,37,43,43,43,43,49,8,70,52,52,52,52,52,60,24,32,32,40,40,48,48,48,58,14,80,80,80,80,80,82,82,82,82,82,63,75,75,75,75,82,68],"items_purged":["Strike_G","Masterful Stab"],"gold":32,"score":677,"play_id":"0bbadd4a-61a5-4ed9-b1f2-d05bad0778c0","is_prod":false,"is_daily":false,"is_ascension_mode":true,"campfire_upgraded":5,"path_taken":["M","?","?","?","M","R","M","R","T","E","R","?","?","?","R","BOSS","M","$","M","?","M","R","M","R","T","E","$","R","M","E","R","BOSS","M","$","?","M","M","R","E","?","T","M","R","M","?","?","R","BOSS"],"build_version":"2018-02-16-BETA2","purchased_purges":2,"victory":true,"master_deck":["Defend_G","Defend_G","Defend_G+1","Defend_G+1","Defend_G","Survivor","Neutralize+1","Cloak And Dagger+1","Backflip","Blade Dance+1","Endless Agony+1","Slice","Dagger Throw","Unload+1","Backstab+1","Finesse+1","Finisher+1","Outmaneuver","Deflect","Backflip+1","Footwork","Glass Knife","Adrenaline","Cloak And Dagger+1","Night Terror+1","Outmaneuver+1","Poisoned Stab","Deflect+1","Cloak And Dagger+1","Terror+1","Deflect+1","Poisoned Stab","Adrenaline"],"max_hp_per_floor":[70,70,70,70,70,70,70,70,70,70,70,70,70,70,70,70,70,70,70,70,70,70,70,70,70,70,80,80,80,80,80,80,80,80,80,80,80,80,82,82,82,82,82,82,82,82,82,82,82,82],"relics":["Eternal Feather","Dead Branch","Girya","Bag of Preparation","Spirit Poop","Singing Bowl","Bottled Lightning","Philosopher\u0027s Stone","Blue Candle","Pear","Whetstone","War Paint","Astrolabe","Shovel","Anchor","Unceasing Top","Paper Crane","Darkstone Periapt","Bag of Marbles","Bottled Tornado"],"card_choices":[{"not_picked":["Well Laid Plans","Dodge and Roll"],"picked":"Cloak And Dagger"},{"not_picked":["Outmaneuver","Poisoned Stab"],"picked":"Backflip"},{"not_picked":["Leg Sweep","Doppelganger"],"picked":"Blade Dance"},{"not_picked":["Quick Slash","Flying Knee"],"picked":"Endless Agony"},{"not_picked":["Quick Slash","Dagger Throw"],"picked":"Slice"},{"not_picked":["Quick Slash","Terror"],"picked":"Dagger Throw"},{"not_picked":["Envenom","Bullet Time"],"picked":"Unload"},{"not_picked":["Malaise","Dagger Throw"],"picked":"Backstab"},{"not_picked":["Catalyst","Quick Slash"],"picked":"Finisher"},{"not_picked":["Sucker Punch","Acrobatics"],"picked":"Outmaneuver"},{"not_picked":["Distraction","Underhanded Strike"],"picked":"Deflect"},{"not_picked":["Skewer","Poisoned Stab"],"picked":"Backflip"},{"not_picked":["Backflip","Expertise"],"picked":"Footwork"},{"not_picked":["Acrobatics","Underhanded Strike"],"picked":"Glass Knife"},{"not_picked":["Burst","Tactician"],"picked":"Adrenaline"},{"not_picked":["Bane","Caltrops"],"picked":"Outmaneuver"},{"not_picked":["Choke","Bouncing Flask"],"picked":"Poisoned Stab"},{"not_picked":["Bane","Sucker Punch"],"picked":"Deflect"},{"not_picked":["Dagger Spray","Calculated Gamble"],"picked":"Cloak And Dagger"},{"not_picked":["Envenom","All Out Attack"],"picked":"Terror"},{"not_picked":["Quick Slash","Flying Knee"],"picked":"Deflect"},{"not_picked":["Expertise","Footwork"],"picked":"Poisoned Stab"},{"not_picked":["Backflip","Acrobatics"],"picked":"Adrenaline"}],"player_experience":98916,"potions_floor_usage":[7,7,10,16,22,22,24,33,33,41,50,50,50],"damage_taken":[{"damage":14,"enemies":"Cultist","floor":1,"turns":6},{"damage":3,"enemies":"2 Louse","floor":4,"turns":5},{"damage":9,"enemies":"Jaw Worm","floor":5,"turns":5},{"damage":0,"enemies":"Exordium Thugs","floor":7,"turns":4},{"damage":19,"enemies":"Gremlin Nob","floor":10,"turns":4},{"damage":0,"enemies":"Large Slime","floor":13,"turns":2},{"damage":56,"enemies":"The Guardian","floor":16,"turns":9},{"damage":18,"enemies":"Shell Parasite","floor":18,"turns":3},{"damage":0,"enemies":"2 Thieves","floor":20,"turns":1},{"damage":0,"enemies":"Snecko","floor":22,"turns":2},{"damage":36,"enemies":"Snake Plant","floor":24,"turns":3},{"damage":2,"enemies":"Book of Stabbing","floor":27,"turns":3},{"damage":0,"enemies":"Centurion and Healer","floor":30,"turns":3},{"damage":0,"enemies":"Gremlin Leader","floor":31,"turns":2},{"damage":44,"enemies":"Champ","floor":33,"turns":8},{"damage":0,"enemies":"3 Darklings","floor":35,"turns":2},{"damage":0,"enemies":"Mysterious Sphere","floor":37,"turns":4},{"damage":0,"enemies":"Flame Bruiser 1 Orb","floor":38,"turns":2},{"damage":0,"enemies":"Spire Growth","floor":39,"turns":3},{"damage":0,"enemies":"2 Orb Walkers","floor":41,"turns":3},{"damage":0,"enemies":"Flame Bruiser 2 Orb","floor":42,"turns":1},{"damage":19,"enemies":"4 Shapes","floor":44,"turns":3},{"damage":0,"enemies":"Spire Growth","floor":46,"turns":2},{"damage":0,"enemies":"3 Darklings","floor":47,"turns":2},{"damage":20,"enemies":"Awakened One","floor":50,"turns":9}],"event_choices":[{"event_name":"Golden Shrine","player_choice":"Desecrate","floor":2,"damage_taken":0},{"event_name":"Bonfire Elementals","player_choice":"CURSE","floor":12,"damage_taken":0},{"event_name":"Purifier","player_choice":"One Purge","floor":21,"damage_taken":0},{"event_name":"Mysterious Sphere","player_choice":"Fight","floor":37,"damage_taken":0}],"boss_relics":[{"not_picked":["Calling Bell","Lizard Tail"],"picked":"Philosopher\u0027s Stone"},{"not_picked":["Runic Pyramid","Runic Dome"],"picked":"Astrolabe"}],"potions_floor_spawned":[1,7,10,20,22,27,33,35,44],"seed_played":"9075409454952570333","ascension_level":2,"is_trial":false}