{"gold_per_floor":[117,117,144,144,167,167,190,190,190,190,265,295,333,357,357,482,482,498,196,239,260,285,285,285,36,61,92,92,132,132,155,155,155],"floor_reached":33,"playtime":1245,"items_purged":["Decay"],"score":337,"play_id":"4d53c10a-79bd-4a58-aad4-0103e7a0af55","local_time":"20190613231404","is_ascension_mode":true,"campfire_choices":[{"floor":6,"key":"RECALL"},{"floor":8,"key":"REST"},{"data":"Infernal Blade","floor":10,"key":"SMITH"},{"floor":15,"key":"REST"},{"floor":23,"key":"REST"},{"floor":30,"key":"REST"},{"floor":32,"key":"REST"}],"neow_cost":"NONE","seed_source_timestamp":19272212028375,"circlet_count":0,"master_deck":["Strike_R","Strike_R","Strike_R","Strike_R","Strike_R+1","Defend_R","Defend_R","Defend_R","Defend_R+1","Bash","Infernal Blade+1","Burning Pact+1","Fire Breathing","Writhe","Pummel","Shrug It Off+1","Dark Embrace","Metallicize","Whirlwind","Havoc+1","Heavy Blade","Carnage","Feel No Pain","Cleave+1"],"relics":["Cursed Key","Vajra","Golden Idol","Paper Frog","Omamori","Bottled Lightning","Mark of Pain","War Paint","Red Mask","Enchiridion","Darkstone Periapt","Regal Pillow","Mango","Art of War"],"potions_floor_usage":[13,16,20,29,33],"damage_taken":[{"damage":0,"enemies":"Small Slimes","floor":1,"turns":3},{"damage":1,"enemies":"Jaw Worm","floor":5,"turns":2},{"damage":8,"enemies":"2 Louse","floor":7,"turns":2},{"damage":22,"enemies":"Lagavulin","floor":13,"turns":5},{"damage":2,"enemies":"Large Slime","floor":14,"turns":4},{"damage":27,"enemies":"The Guardian","floor":16,"turns":13},{"damage":19,"enemies":"Spheric Guardian","floor":18,"turns":5},{"damage":16,"enemies":"Masked Bandits","floor":20,"turns":4},{"damage":1,"enemies":"3 Byrds","floor":21,"turns":4},{"damage":31,"enemies":"Snecko","floor":22,"turns":4},{"damage":18,"enemies":"Book of Stabbing","floor":27,"turns":3},{"damage":16,"enemies":"Gremlin Leader","floor":29,"turns":7},{"damage":11,"enemies":"3 Cultists","floor":31,"turns":4},{"damage":85,"enemies":"Collector","floor":33,"turns":9}],"seed_played":"7478405257971221582","potions_obtained":[{"floor":1,"key":"AttackPotion"},{"floor":13,"key":"SteroidPotion"},{"floor":14,"key":"Ancient Potion"},{"floor":18,"key":"SkillPotion"},{"floor":21,"key":"FairyPotion"},{"floor":27,"key":"Energy Potion"},{"floor":29,"key":"SpeedPotion"}],"is_trial":false,"path_per_floor":["M","?","T","?","M","R","M","R","T","R","?","?","E","M","R","B",null,"M","$","?","M","M","R","?","$","T","E","T","E","R","M","R","B"],"character_chosen":"IRONCLAD","items_purchased":["War Paint","Whirlwind","Darkstone Periapt"],"campfire_rested":5,"item_purchase_floors":[19,19,25],"current_hp_per_floor":[80,64,64,44,43,43,35,59,59,59,48,48,26,24,48,21,80,61,61,45,44,13,37,21,21,21,3,17,1,44,33,76,0],"gold":155,"neow_bonus":"BOSS_RELIC","is_prod":false,"is_daily":false,"chose_seed":false,"campfire_upgraded":1,"win_rate":0,"timestamp":1560482044,"path_taken":["M","?","?","?","M","R","M","R","T","R","?","?","E","?","R","BOSS","M","$","?","M","M","R","?","$","T","E","?","E","R","M","R","BOSS"],"build_version":"2019-01-23","purchased_purges":1,"victory":false,"max_hp_per_floor":[80,80,80,80,80,80,80,80,80,80,80,80,80,80,80,80,80,80,80,80,80,80,80,80,80,80,80,94,94,94,94,94,94],"card_choices":[{"not_picked":["Seeing Red","Sword Boomerang"],"picked":"Infernal Blade","floor":1},{"not_picked":["Headbutt","True Grit"],"picked":"Burning Pact","floor":5},{"not_picked":["Wild Strike","Clothesline"],"picked":"Fire Breathing","floor":7},{"not_picked":["Thunderclap","Anger"],"picked":"Pummel","floor":13},{"not_picked":["Combust","Heavy Blade"],"picked":"Shrug It Off","floor":14},{"not_picked":["Brutality","Feed"],"picked":"Dark Embrace","floor":16},{"not_picked":["Sentinel","Second Wind"],"picked":"Metallicize","floor":18},{"not_picked":["Second Wind","Thunderclap"],"picked":"Havoc+1","floor":20},{"not_picked":["Rage","Iron Wave"],"picked":"Heavy Blade","floor":21},{"not_picked":["Twin Strike+1","Cleave"],"picked":"Carnage","floor":22},{"not_picked":["Double Tap","Havoc+1"],"picked":"Feel No Pain","floor":27},{"not_picked":["Iron Wave+1","Sword Boomerang"],"picked":"Cleave+1","floor":29},{"not_picked":["Havoc","Warcry","Headbutt"],"picked":"SKIP","floor":31}],"player_experience":149514,"relics_obtained":[{"floor":3,"key":"Vajra"},{"floor":9,"key":"Paper Frog"},{"floor":13,"key":"Bottled Lightning"},{"floor":20,"key":"Red Mask"},{"floor":24,"key":"Enchiridion"},{"floor":27,"key":"Regal Pillow"},{"floor":28,"key":"Mango"},{"floor":29,"key":"Art of War"}],"event_choices":[{"damage_healed":0,"gold_gain":0,"player_choice":"Entered Light","damage_taken":16,"max_hp_gain":0,"max_hp_loss":0,"event_name":"Shining Light","floor":2,"gold_loss":0,"cards_upgraded":["Strike_R","Defend_R"]},{"damage_healed":0,"gold_gain":0,"player_choice":"Take Damage","damage_taken":20,"relics_obtained":["Golden Idol"],"max_hp_gain":0,"max_hp_loss":0,"event_name":"Golden Idol","floor":4,"gold_loss":0},{"damage_healed":0,"gold_gain":75,"player_choice":"Gather Gold","damage_taken":11,"max_hp_gain":0,"max_hp_loss":0,"event_name":"World of Goop","floor":11,"gold_loss":0},{"damage_healed":0,"gold_gain":30,"player_choice":"Searched \u00273\u0027 times","damage_taken":0,"relics_obtained":["Omamori"],"max_hp_gain":0,"max_hp_loss":0,"event_name":"Dead Adventurer","floor":12,"gold_loss":0},{"damage_healed":0,"gold_gain":0,"player_choice":"Fought Bandits","damage_taken":0,"max_hp_gain":0,"max_hp_loss":0,"event_name":"Masked Bandits","floor":20,"gold_loss":0},{"damage_healed":0,"gold_gain":0,"player_choice":"Obtained Book","damage_taken":16,"max_hp_gain":0,"max_hp_loss":0,"event_name":"Cursed Tome","floor":24,"gold_loss":0}],"is_beta":false,"boss_relics":[{"not_picked":["Lizard Tail","Velvet Choker"],"picked":"Mark of Pain"}],"items_purged_floors":[19],"is_endless":false,"potions_floor_spawned":[1,13,14,18,21,27,29],"killed_by":"Collector","ascension_level":4}