{"gold_per_floor":[111,111,126,136,149,149,181,181,181,181,206,206,206,282,282,411,411,430,430,430,54,73,73,91,91],"floor_reached":25,"playtime":1402,"items_purged":["Writhe"],"score":209,"play_id":"e9840142-217e-404b-9561-ef333030b2d9","local_time":"20190211233218","is_ascension_mode":false,"campfire_choices":[{"data":"Neutralize","floor":6,"key":"SMITH"},{"data":"Venomology","floor":8,"key":"SMITH"},{"data":"Masterful Stab","floor":12,"key":"SMITH"},{"data":"Survivor","floor":15,"key":"SMITH"},{"floor":23,"key":"REST"}],"neow_cost":"NONE","seed_source_timestamp":367397597833673,"circlet_count":0,"master_deck":["Survivor+1","Neutralize+1","Sucker Punch","Blur","Masterful Stab+1","Deadly Poison","Venomology+1","Blade Dance","Envenom","PiercingWail","Deflect","Distraction","Endless Agony","PiercingWail","Prepared","Calculated Gamble","Grand Finale","Dagger Spray+1","Necronomicurse","Flying Knee","Crippling Poison","Infinite Blades","Tools of the Trade"],"relics":["Ring of the Snake","Bottled Lightning","Sundial","Blue Candle","Golden Idol","Pandora\u0027s Box","Anchor","Necronomicon","Prayer Wheel"],"potions_floor_usage":[7,11,16,16,22,24,25],"damage_taken":[{"damage":0,"enemies":"Cultist","floor":1,"turns":4},{"damage":0,"enemies":"2 Louse","floor":3,"turns":3},{"damage":0,"enemies":"Jaw Worm","floor":4,"turns":4},{"damage":5,"enemies":"Large Slime","floor":5,"turns":9},{"damage":33,"enemies":"3 Sentries","floor":7,"turns":11},{"damage":5,"enemies":"Lagavulin","floor":11,"turns":6},{"damage":33,"enemies":"Hexaghost","floor":16,"turns":13},{"damage":22,"enemies":"Shell Parasite","floor":18,"turns":8},{"damage":0,"enemies":"2 Thieves","floor":22,"turns":1},{"damage":5,"enemies":"Centurion and Healer","floor":24,"turns":8},{"damage":61,"enemies":"Slavers","floor":25,"turns":6}],"seed_played":"-7443176254910066425","potions_obtained":[{"floor":4,"key":"Block Potion"},{"floor":7,"key":"Explosive Potion"},{"floor":11,"key":"GhostInAJar"},{"floor":16,"key":"SteroidPotion"},{"floor":18,"key":"Poison Potion"}],"is_trial":false,"path_per_floor":["M","?","M","M","M","R","E","R","T","?","E","R","?","?","R","B",null,"M","?","?","$","M","R","M","E"],"character_chosen":"THE_SILENT","items_purchased":["Prayer Wheel"],"campfire_rested":1,"item_purchase_floors":[21],"current_hp_per_floor":[77,77,77,77,72,72,39,39,39,39,34,34,34,34,34,1,71,49,49,33,33,33,54,49,0],"gold":91,"neow_bonus":"TEN_PERCENT_HP_BONUS","is_prod":false,"is_daily":false,"chose_seed":false,"campfire_upgraded":4,"win_rate":0,"timestamp":1549895538,"path_taken":["M","?","M","?","M","R","E","R","T","?","E","R","?","?","R","BOSS","M","?","?","$","M","R","M","E"],"build_version":"2019-01-23","purchased_purges":1,"victory":false,"max_hp_per_floor":[77,77,77,77,77,77,77,77,77,77,77,77,71,71,71,71,71,71,71,71,71,71,71,71,71],"card_choices":[{"not_picked":["Blade Dance","Bane","Quick Slash"],"picked":"SKIP","floor":1},{"not_picked":["Underhanded Strike","Bouncing Flask"],"picked":"Blur","floor":3},{"not_picked":["Dagger Throw","All Out Attack"],"picked":"Masterful Stab","floor":4},{"not_picked":["Accuracy","Acrobatics"],"picked":"Deadly Poison","floor":5},{"not_picked":["Flying Knee","Blade Dance"],"picked":"Venomology","floor":7},{"not_picked":["Quick Slash","Reflex"],"picked":"Blade Dance","floor":11},{"not_picked":["Adrenaline","Venomology"],"picked":"Envenom","floor":16},{"not_picked":["Poisoned Stab","Dagger Throw"],"picked":"Dagger Spray+1","floor":18},{"not_picked":["Slice","Prepared"],"picked":"Flying Knee","floor":22},{"not_picked":["Flechettes","Choke+1"],"picked":"Crippling Poison","floor":22},{"not_picked":["Tactician","Backflip"],"picked":"Infinite Blades","floor":24},{"not_picked":["Outmaneuver","Flying Knee"],"picked":"Tools of the Trade","floor":24}],"player_experience":199309,"relics_obtained":[{"floor":7,"key":"Bottled Lightning"},{"floor":9,"key":"Sundial"},{"floor":11,"key":"Blue Candle"},{"floor":20,"key":"Necronomicon"}],"event_choices":[{"damage_healed":0,"gold_gain":0,"cards_transformed":["Defend_G"],"player_choice":"Transformed","damage_taken":0,"max_hp_gain":0,"max_hp_loss":0,"event_name":"Transmorgrifier","floor":2,"gold_loss":0,"cards_obtained":["Sucker Punch"]},{"cards_removed":["Strike_G"],"damage_healed":0,"gold_gain":0,"player_choice":"Forget","damage_taken":0,"max_hp_gain":0,"max_hp_loss":0,"event_name":"Living Wall","floor":10,"gold_loss":0},{"damage_healed":0,"gold_gain":0,"player_choice":"Lose Max HP","damage_taken":0,"relics_obtained":["Golden Idol"],"max_hp_gain":0,"max_hp_loss":6,"event_name":"Golden Idol","floor":13,"gold_loss":0},{"damage_healed":0,"gold_gain":76,"player_choice":"Gained Gold","damage_taken":0,"max_hp_gain":0,"max_hp_loss":0,"event_name":"Golden Wing","floor":14,"gold_loss":0},{"damage_healed":0,"gold_gain":0,"player_choice":"Opened","damage_taken":0,"relics_obtained":["Anchor"],"max_hp_gain":0,"max_hp_loss":0,"event_name":"The Mausoleum","floor":19,"gold_loss":0,"cards_obtained":["Writhe"]},{"damage_healed":0,"gold_gain":0,"player_choice":"Obtained Book","damage_taken":16,"max_hp_gain":0,"max_hp_loss":0,"event_name":"Cursed Tome","floor":20,"gold_loss":0}],"is_beta":false,"boss_relics":[{"not_picked":["Snecko Eye","Runic Dome"],"picked":"Pandora\u0027s Box"}],"items_purged_floors":[21],"is_endless":false,"potions_floor_spawned":[4,7,11,16,18],"killed_by":"Slavers","ascension_level":0}