{"gold_per_floor":[110,128,147,163,163,198,198,214,214,230,245,265,296,316,316,316],"floor_reached":16,"playtime":1164,"items_purged":[],"score":118,"play_id":"85cc623c-a654-4d2c-af65-9706b14e4cf7","local_time":"20190129212203","is_ascension_mode":false,"campfire_choices":[{"data":"Limit Break","floor":7,"key":"SMITH"},{"floor":15,"key":"REST"}],"neow_cost":"NONE","seed_source_timestamp":128110189669486,"circlet_count":0,"master_deck":["Strike_R","Strike_R","Strike_R","Strike_R","Strike_R","Defend_R","Defend_R","Defend_R","Defend_R","Bash","Forethought","Cleave","Flex","Clash","Limit Break+1","Battle Trance","Rage","Shrug It Off","Pommel Strike","Offering","Feel No Pain","Flex"],"relics":["Burning Blood","Orichalcum","Dodecahedron","Pen Nib"],"potions_floor_usage":[6,10,16],"damage_taken":[{"damage":1,"enemies":"Jaw Worm","floor":1,"turns":4},{"damage":5,"enemies":"Cultist","floor":2,"turns":4},{"damage":0,"enemies":"Small Slimes","floor":3,"turns":3},{"damage":13,"enemies":"2 Fungi Beasts","floor":4,"turns":3},{"damage":45,"enemies":"Lagavulin","floor":6,"turns":9},{"damage":5,"enemies":"Looter","floor":8,"turns":3},{"damage":21,"enemies":"Exordium Thugs","floor":10,"turns":3},{"damage":6,"enemies":"Large Slime","floor":11,"turns":4},{"damage":1,"enemies":"3 Louse","floor":12,"turns":4},{"damage":32,"enemies":"Gremlin Nob","floor":13,"turns":5},{"damage":9,"enemies":"Lots of Slimes","floor":14,"turns":4},{"damage":44,"enemies":"Hexaghost","floor":16,"turns":11}],"seed_played":"-1036581079106549279","potions_obtained":[{"floor":2,"key":"SpeedPotion"},{"floor":3,"key":"PowerPotion"},{"floor":4,"key":"Regen Potion"},{"floor":6,"key":"BloodPotion"},{"floor":10,"key":"EssenceOfSteel"}],"is_trial":false,"path_per_floor":["M","M","M","M","?","E","R","M","T","M","M","M","E","M","R","B"],"character_chosen":"IRONCLAD","items_purchased":[],"campfire_rested":1,"item_purchase_floors":[],"current_hp_per_floor":[80,80,80,73,73,49,49,50,50,35,35,40,14,11,35,0],"gold":316,"neow_bonus":"RANDOM_COLORLESS","is_prod":false,"is_daily":false,"chose_seed":false,"campfire_upgraded":1,"win_rate":0.0,"timestamp":1548764523,"path_taken":["M","M","M","M","?","E","R","M","T","M","M","M","E","?","R","BOSS"],"build_version":"2019-01-23","purchased_purges":0,"victory":false,"max_hp_per_floor":[80,80,80,80,80,80,80,80,80,80,80,80,80,80,80,80],"card_choices":[{"not_picked":["Flame Barrier","Thunderclap","Sentinel"],"picked":"SKIP","floor":1},{"not_picked":["True Grit","Dropkick"],"picked":"Cleave","floor":2},{"not_picked":["Pommel Strike","Burning Pact"],"picked":"Flex","floor":3},{"not_picked":["Warcry","Reckless Charge"],"picked":"Clash","floor":4},{"not_picked":["Thunderclap","Second Wind"],"picked":"Battle Trance","floor":6},{"not_picked":["Shockwave","Thunderclap"],"picked":"Rage","floor":8},{"not_picked":["Sentinel","Anger"],"picked":"Shrug It Off","floor":10},{"not_picked":["Wild Strike","Havoc"],"picked":"Pommel Strike","floor":11},{"not_picked":["Thunderclap","Carnage"],"picked":"Offering","floor":12},{"not_picked":["Hemokinesis","Havoc"],"picked":"Feel No Pain","floor":13},{"not_picked":["Sword Boomerang","Iron Wave"],"picked":"Flex","floor":14}],"player_experience":25855,"relics_obtained":[{"floor":6,"key":"Orichalcum"},{"floor":9,"key":"Dodecahedron"},{"floor":13,"key":"Pen Nib"}],"event_choices":[{"damage_healed":0,"gold_gain":0,"player_choice":"1 cards matched","damage_taken":0,"max_hp_gain":0,"max_hp_loss":0,"event_name":"Match and Keep!","floor":5,"gold_loss":0,"cards_obtained":["Limit Break"]}],"is_beta":false,"boss_relics":[],"items_purged_floors":[],"is_endless":false,"potions_floor_spawned":[2,3,4,6,10],"killed_by":"Hexaghost","ascension_level":0}