{"gold_per_floor":[112,58,133,133,133,133,166,166,166,166,166,166,246,271,271,391,391,414,339,339,264,282,282,298,198,253,264,278,289,289,77,77,179,179,191,205,205,221,221,221,71,71,71,88,88,88,98,98,98,98],"floor_reached":51,"playtime":2949,"items_purged":["Defend_R","Strike_R","Strike_R","Bash+1"],"score":789,"play_id":"d518a5ca-cd63-49bc-8dbd-51727c4cdffe","local_time":"20180703005154","is_ascension_mode":true,"campfire_choices":[{"data":"True Grit","floor":6,"key":"SMITH"},{"data":"Shrug It Off","floor":8,"key":"SMITH"},{"data":"Bash","floor":10,"key":"SMITH"},{"floor":12,"key":"REST"},{"data":"Strike_R","floor":15,"key":"SMITH"},{"data":"Barricade","floor":23,"key":"SMITH"},{"data":"True Grit","floor":32,"key":"SMITH"},{"data":"Entrench","floor":40,"key":"SMITH"},{"data":"Body Slam","floor":42,"key":"SMITH"},{"data":"Impervious","floor":46,"key":"SMITH"},{"data":"Thinking Ahead","floor":49,"key":"SMITH"}],"neow_cost":"","seed_source_timestamp":0,"circlet_count":0,"master_deck":["Strike_R+1","Defend_R","Defend_R","Defend_R+1","True Grit+1","Shrug It Off+1","Barricade+1","Body Slam+1","Armaments","Entrench+1","True Grit+1","Impervious+1","Body Slam+1","Madness","Madness","Thinking Ahead+1"],"special_seed":0,"relics":["Burning Blood","Thread and Needle","Bloody Idol","Singing Bowl","Blue Candle","Bronze Scales","Meat on the Bone","Coffee Dripper","Potion Belt","Empty Cage","Gremlin Horn"],"potions_floor_usage":[16,16,16,22,22,28,28,36,50,50,50],"damage_taken":[{"damage":4,"enemies":"Jaw Worm","floor":1,"turns":5},{"damage":22,"enemies":"Lagavulin","floor":7,"turns":9},{"damage":1,"enemies":"Cultist","floor":14,"turns":4},{"damage":59,"enemies":"Slime Boss","floor":16,"turns":16},{"damage":22,"enemies":"Spheric Guardian","floor":18,"turns":8},{"damage":7,"enemies":"2 Thieves","floor":22,"turns":4},{"damage":13,"enemies":"Centurion and Healer","floor":24,"turns":7},{"damage":1,"enemies":"Cultist and Chosen","floor":27,"turns":7},{"damage":1,"enemies":"Slaver and Parasite","floor":28,"turns":7},{"damage":2,"enemies":"Centurion and Healer","floor":29,"turns":6},{"damage":22,"enemies":"Automaton","floor":33,"turns":10},{"damage":0,"enemies":"Flame Bruiser 1 Orb","floor":35,"turns":6},{"damage":14,"enemies":"Orb Walker","floor":36,"turns":3},{"damage":38,"enemies":"Sphere and 2 Shapes","floor":38,"turns":8},{"damage":13,"enemies":"3 Darklings","floor":44,"turns":6},{"damage":0,"enemies":"Spire Growth","floor":47,"turns":5},{"damage":32,"enemies":"Awakened One","floor":50,"turns":6}],"seed_played":"-4895705797917431896","potions_obtained":[{"floor":7,"key":"Regen Potion"},{"floor":14,"key":"EntropicBrew"},{"floor":18,"key":"AttackPotion"},{"floor":24,"key":"Weak Potion"},{"floor":28,"key":"GamblersBrew"},{"floor":35,"key":"Dexterity Potion"},{"floor":36,"key":"PowerPotion"},{"floor":47,"key":"Swift Potion"}],"is_trial":false,"path_per_floor":["M","$","?","?","?","R","E","R","T","R","?","R","T","M","R","B",null,"M","?","?","$","M","R","M","$","T","M","M","M","?","$","R","B",null,"M","M","?","M","?","R","$","R","T","M","?","R","M","$","R","B"],"character_chosen":"IRONCLAD","items_purchased":["True Grit","Entrench","True Grit"],"campfire_rested":1,"item_purchase_floors":[2,31,31],"current_hp_per_floor":[72,72,61,47,29,29,13,13,13,13,13,34,34,53,53,27,74,58,58,58,58,76,76,74,74,76,78,80,82,82,82,82,71,82,82,81,70,57,57,57,57,57,57,57,57,57,70,70,70,56],"gold":98,"neow_bonus":"","is_prod":false,"is_daily":false,"chose_seed":false,"campfire_upgraded":10,"win_rate":0,"timestamp":1530571914,"path_taken":["M","$","?","?","?","R","E","R","T","R","?","R","?","M","R","BOSS","M","?","?","?","M","R","M","?","T","?","M","M","?","$","R","BOSS","M","M","?","?","?","R","$","R","T","M","?","R","M","$","R","BOSS"],"build_version":"2018-06-29","purchased_purges":4,"victory":true,"max_hp_per_floor":[72,72,72,72,72,72,72,72,72,72,72,72,72,74,74,74,74,74,74,74,74,76,76,76,76,76,78,80,82,82,82,82,82,82,82,84,84,86,86,86,86,86,86,88,88,88,90,90,90,90],"card_choices":[{"not_picked":["Heavy Blade","Twin Strike","Headbutt"],"picked":"SKIP","floor":1},{"not_picked":["Headbutt","Bloodletting"],"picked":"Shrug It Off","floor":7},{"not_picked":["Thunderclap","Uppercut","Shrug It Off"],"picked":"Singing Bowl","floor":14},{"not_picked":["Fiend Fire","Reaper"],"picked":"Barricade","floor":16},{"not_picked":["Second Wind","Hemokinesis"],"picked":"Body Slam","floor":18},{"not_picked":["Iron Wave","Spot Weakness","Headbutt"],"picked":"Singing Bowl","floor":22},{"not_picked":["Power Through","Combust"],"picked":"Armaments","floor":24},{"not_picked":["Anger","Heavy Blade","Rage"],"picked":"Singing Bowl","floor":27},{"not_picked":["Heavy Blade+1","Perfected Strike+1","Sword Boomerang"],"picked":"Singing Bowl","floor":28},{"not_picked":["Inflame","Wild Strike","Berserk"],"picked":"Singing Bowl","floor":29},{"not_picked":["Offering","Fiend Fire"],"picked":"Impervious","floor":33},{"not_picked":["Feel No Pain+1","Sword Boomerang+1"],"picked":"Body Slam+1","floor":35},{"not_picked":["Clothesline+1","Rampage+1","Uppercut+1"],"picked":"Singing Bowl","floor":36},{"not_picked":["Bloodletting","Combust+1","Havoc"],"picked":"Singing Bowl","floor":38},{"not_picked":["Secret Weapon","Deep Breath"],"picked":"Thinking Ahead","floor":39},{"not_picked":["Anger","Perfected Strike","Heavy Blade+1"],"picked":"Singing Bowl","floor":44},{"not_picked":["Corruption+1","Twin Strike","Limit Break"],"picked":"Singing Bowl","floor":47}],"player_experience":233267,"relics_obtained":[{"floor":7,"key":"Singing Bowl"},{"floor":9,"key":"Blue Candle"},{"floor":13,"key":"Meat on the Bone"},{"floor":26,"key":"Potion Belt"},{"floor":43,"key":"Gremlin Horn"}],"event_choices":[{"event_name":"World of Goop","player_choice":"Gather Gold","floor":3,"damage_taken":0},{"event_name":"Shining Light","player_choice":"Entered Light","floor":4,"damage_taken":0},{"event_name":"Golden Idol","player_choice":"Take Damage","floor":5,"damage_taken":0},{"event_name":"Big Fish","player_choice":"Box","floor":11,"damage_taken":0},{"event_name":"Beggar","player_choice":"Gave Gold","floor":19,"damage_taken":0},{"event_name":"Forgotten Altar","player_choice":"Gave Idol","floor":20,"damage_taken":0},{"event_name":"Cursed Tome","player_choice":"Ignored","floor":30,"damage_taken":0},{"event_name":"Winding Halls","player_choice":"Embrace Madness","floor":37,"damage_taken":0},{"event_name":"SensoryStone","player_choice":"Memory 1","floor":39,"damage_taken":0},{"event_name":"SecretPortal","player_choice":"Rejected Portal.","floor":45,"damage_taken":0}],"boss_relics":[{"not_picked":["Snecko Eye","Ectoplasm"],"picked":"Coffee Dripper"},{"not_picked":["Runic Cube","Eternal Feather"],"picked":"Empty Cage"}],"items_purged_floors":[21,25,31,41],"is_endless":false,"potions_floor_spawned":[7,14,18,24,28,35,36,47],"ascension_level":4}