{"gold_per_floor":[118,137,62,78,94,94,120,131,158,158,158,158,213,230,230,330,330,348,24,24,37,0,0,25,125,152,171,171,24,44,44,44,145,145,163,178,56,69,0,32,32,32,56,56,56,56,6,26,26,26],"floor_reached":50,"playtime":2973,"items_purged":["Strike_B","Defend_B","Decay","Strike_B","Strike_B"],"score":610,"play_id":"ccc99e8e-eda5-44f7-b6c2-16ce3d624c68","local_time":"20190114204634","is_ascension_mode":true,"campfire_choices":[{"data":"Zap","floor":6.0,"key":"SMITH"},{"data":"Reinforced Body","floor":10.0,"key":"SMITH"},{"floor":12.0,"key":"REST"},{"floor":15.0,"key":"REST"},{"data":"Creative AI","floor":23,"key":"SMITH"},{"floor":32,"key":"DIG"},{"floor":41,"key":"REST"},{"data":"Self Repair","floor":44,"key":"SMITH"},{"floor":45,"key":"DIG"},{"floor":46,"key":"DIG"},{"floor":49,"key":"DIG"}],"neow_cost":"NONE","seed_source_timestamp":37594408895092,"circlet_count":0,"master_deck":["Strike_B","Defend_B+1","Defend_B","Defend_B","Zap+1","Dualcast+1","Creative AI+1","Gash","Gash","Reinforced Body+1","Go for the Eyes","All For One","Steam","Streamline","Gash","Conserve Battery","Skim","Self Repair+1","Redo+1"],"special_seed":0,"relics":["Cracked Core","Mummified Hand","War Paint","Smiling Mask","Busted Crown","Membership Card","PreservedInsect","Shovel","Matryoshka","Cables","Dream Catcher","Lee\u0027s Waffle","Bag of Marbles","Mango","Girya","White Beast Statue","Red Mask","WingedGreaves","Bag of Preparation","Mercury Hourglass","Happy Flower","DataDisk"],"potions_floor_usage":[24,25,36,38,38,38,50,50],"damage_taken":[{"damage":6.0,"enemies":"2 Louse","floor":1.0,"turns":3.0},{"damage":2.0,"enemies":"Jaw Worm","floor":2.0,"turns":4.0},{"damage":0.0,"enemies":"Small Slimes","floor":4.0,"turns":3.0},{"damage":0.0,"enemies":"Blue Slaver","floor":5.0,"turns":2.0},{"damage":34.0,"enemies":"Gremlin Nob","floor":7.0,"turns":4.0},{"damage":12.0,"enemies":"2 Fungi Beasts","floor":8.0,"turns":3.0},{"damage":16.0,"enemies":"3 Sentries","floor":13.0,"turns":7.0},{"damage":0.0,"enemies":"Large Slime","floor":14.0,"turns":8.0},{"damage":12.0,"enemies":"Hexaghost","floor":16.0,"turns":7.0},{"damage":0.0,"enemies":"3 Byrds","floor":18.0,"turns":4.0},{"damage":3.0,"enemies":"Chosen","floor":21.0,"turns":4.0},{"damage":44,"enemies":"Gremlin Leader","floor":24,"turns":8},{"damage":13,"enemies":"Colosseum Slavers","floor":25,"turns":4},{"damage":0,"enemies":"Colosseum Nobs","floor":25,"turns":4},{"damage":11,"enemies":"Snake Plant","floor":27,"turns":4},{"damage":7,"enemies":"Cultist and Chosen","floor":30,"turns":4},{"damage":57,"enemies":"Automaton","floor":33,"turns":8},{"damage":9,"enemies":"3 Darklings","floor":35,"turns":5},{"damage":0,"enemies":"Orb Walker","floor":36,"turns":2},{"damage":8,"enemies":"4 Shapes","floor":38,"turns":8},{"damage":70,"enemies":"Nemesis","floor":40,"turns":7},{"damage":0,"enemies":"Transient","floor":48,"turns":5},{"damage":151,"enemies":"Awakened One","floor":50,"turns":12}],"seed_played":"8073443617579594661","potions_obtained":[{"floor":2.0,"key":"Fire Potion"},{"floor":8.0,"key":"EssenceOfSteel"},{"floor":13.0,"key":"Weak Potion"},{"floor":18.0,"key":"Fruit Juice"},{"floor":21.0,"key":"EssenceOfSteel"},{"floor":30,"key":"EssenceOfSteel"},{"floor":33,"key":"SteroidPotion"},{"floor":35,"key":"SpeedPotion"},{"floor":36,"key":"AttackPotion"},{"floor":38,"key":"FairyPotion"},{"floor":40,"key":"LiquidBronze"},{"floor":48,"key":"Regen Potion"}],"is_trial":false,"path_per_floor":["M","M","$","M","M","R","E","M","T","R","?","R","?","M","R","B",null,"M","$","?","M","?","R","E","?","T","M","?","$","M","T","R","B",null,"M","M","$","M","?","E","R","?","T","R","R","R","$","M","R","B"],"character_chosen":"DEFECT","items_purchased":["Membership Card","Steam","Regen Potion","Lee\u0027s Waffle","Skim","Self Repair"],"campfire_rested":3,"item_purchase_floors":[19,19,19,29,37,37],"current_hp_per_floor":[69,67,67,67,67,67,33,21,21,21,21,43,27,27,49,37,66,66,71,71,68,68,68,37,24,24,13,13,87,80,94,94,37,85,76,76,76,75,75,12,42,88,88,88,88,88,88,88,88,0],"gold":26,"neow_bonus":"ONE_RANDOM_RARE_CARD","is_prod":false,"is_daily":false,"chose_seed":false,"campfire_upgraded":4,"win_rate":0,"timestamp":1547495194,"path_taken":["M","M","$","M","M","R","E","M","T","R","?","R","?","M","R","BOSS","M","$","?","M","?","R","E","?","T","M","?","$","M","?","R","BOSS","M","M","$","M","?","E","R","?","T","R","R","R","$","M","R","BOSS"],"build_version":"2019-01-10","purchased_purges":5,"victory":false,"max_hp_per_floor":[75,75,75,75,75,75,75,75,75,75,75,75,75,75,75,75,75,75,80,80,80,80,80,80,80,80,80,80,87,87,101,101,101,101,101,101,101,101,101,101,101,88,88,88,88,88,88,88,88,88],"card_choices":[{"not_picked":["Recycle","Rebound"],"picked":"Gash","floor":1.0},{"not_picked":["Streamline","Defragment"],"picked":"Gash","floor":2.0},{"not_picked":["Rebound","Conserve Battery","Redo"],"picked":"SKIP","floor":4.0},{"not_picked":["Rebound","White Noise","Coolheaded"],"picked":"SKIP","floor":5.0},{"not_picked":["Sunder","Lockon"],"picked":"Reinforced Body","floor":7.0},{"not_picked":["Compile Driver","Hologram","Barrage"],"picked":"SKIP","floor":8.0},{"not_picked":["Sweeping Beam","Cold Snap"],"picked":"Go for the Eyes","floor":13.0},{"not_picked":["Defragment","Turbo","Thunder Strike"],"picked":"SKIP","floor":14.0},{"not_picked":["Biased Cognition","Reboot"],"picked":"All For One","floor":16.0},{"not_picked":["Cold Snap"],"picked":"SKIP","floor":18.0},{"not_picked":[],"picked":"Streamline","floor":21.0},{"not_picked":["Chill"],"picked":"SKIP","floor":24},{"not_picked":[],"picked":"Gash","floor":25},{"not_picked":[],"picked":"Conserve Battery","floor":27},{"not_picked":["Auto Shields+1"],"picked":"SKIP","floor":30},{"not_picked":["Cold Snap+1"],"picked":"SKIP","floor":35},{"not_picked":["Turbo"],"picked":"SKIP","floor":36},{"not_picked":["Darkness"],"picked":"SKIP","floor":38},{"not_picked":[],"picked":"Redo+1","floor":40},{"not_picked":["White Noise"],"picked":"SKIP","floor":48}],"player_experience":306957,"relics_obtained":[{"floor":7.0,"key":"Mummified Hand"},{"floor":9.0,"key":"War Paint"},{"floor":13.0,"key":"Smiling Mask"},{"floor":24,"key":"PreservedInsect"},{"floor":25,"key":"Shovel"},{"floor":25,"key":"Matryoshka"},{"floor":26,"key":"Cables"},{"floor":26,"key":"Dream Catcher"},{"floor":31,"key":"Bag of Marbles"},{"floor":31,"key":"Mango"},{"floor":32,"key":"Girya"},{"floor":40,"key":"WingedGreaves"},{"floor":43,"key":"Bag of Preparation"},{"floor":45,"key":"Mercury Hourglass"},{"floor":46,"key":"Happy Flower"},{"floor":49,"key":"DataDisk"}],"event_choices":[{"damage_healed":0.0,"max_hp_gain":0.0,"max_hp_loss":0.0,"gold_gain":0.0,"event_name":"Liars Game","player_choice":"Ignored","floor":11.0,"gold_loss":0.0,"damage_taken":0.0},{"damage_healed":0.0,"max_hp_gain":0.0,"max_hp_loss":0.0,"gold_gain":30.0,"event_name":"Dead Adventurer","player_choice":"Searched \u00272\u0027 times","floor":13.0,"gold_loss":0.0,"damage_taken":0.0},{"damage_healed":0.0,"max_hp_gain":0.0,"max_hp_loss":0.0,"gold_gain":0.0,"event_name":"Cursed Tome","player_choice":"Ignored","floor":20.0,"gold_loss":0.0,"damage_taken":0.0},{"damage_healed":0,"gold_gain":0,"player_choice":"Paid Fearfully","damage_taken":0,"max_hp_gain":0,"max_hp_loss":0,"event_name":"Masked Bandits","floor":22,"gold_loss":37},{"damage_healed":0,"gold_gain":0,"player_choice":"Fight","damage_taken":0,"max_hp_gain":0,"max_hp_loss":0,"event_name":"Colosseum","floor":25,"gold_loss":0},{"damage_healed":0,"gold_gain":0,"player_choice":"Fought Nobs","damage_taken":0,"max_hp_gain":0,"max_hp_loss":0,"event_name":"Colosseum","floor":25,"gold_loss":0},{"damage_healed":0,"gold_gain":0,"player_choice":"Smashed Altar","damage_taken":0,"max_hp_gain":0,"max_hp_loss":0,"event_name":"Forgotten Altar","floor":28,"gold_loss":0,"cards_obtained":["Decay"]},{"damage_healed":0,"gold_gain":0,"player_choice":"Paid","damage_taken":0,"relics_obtained":["Red Mask"],"max_hp_gain":0,"max_hp_loss":0,"event_name":"Tomb of Lord Red Mask","floor":39,"gold_loss":69},{"damage_healed":88,"gold_gain":0,"player_choice":"Heal","damage_taken":0,"max_hp_gain":0,"max_hp_loss":13,"event_name":"The Moai Head","floor":42,"gold_loss":0}],"is_beta":true,"boss_relics":[{"not_picked":["Eternal Feather","Velvet Choker"],"picked":"Busted Crown"},{"not_picked":["FrozenCore","Cursed Key"],"picked":"White Beast Statue"}],"items_purged_floors":[3,19,29,37,47],"is_endless":false,"potions_floor_spawned":[2,8,13,18,21,30,33,35,36,38,40,48],"killed_by":"Awakened One","ascension_level":5}