{"gold_per_floor":[115,127,147,147,159,159,194,194,218,241,269,309,396,32,32,127,127,147,147,157,57,75,75,104,104,104,204,215,228,228,256,256,357,357,376,286,296,296,310,310,345,345,345,345,371,47,66,76,76,76],"floor_reached":50,"playtime":2701,"items_purged":["Defend_R","Strike_R","Defend_R"],"score":580,"play_id":"602aab4a-8244-4745-b0f0-13420a6c47fb","local_time":"20190206211811","is_ascension_mode":true,"campfire_choices":[{"data":"Uppercut","floor":6,"key":"SMITH"},{"data":"Armaments","floor":8,"key":"SMITH"},{"floor":15,"key":"REST"},{"data":"Whirlwind","floor":23,"key":"SMITH"},{"data":"Rupture","floor":25,"key":"SMITH"},{"data":"Spot Weakness","floor":30,"key":"SMITH"},{"data":"Dual Wield","floor":32,"key":"SMITH"},{"data":"Pommel Strike","floor":40,"key":"SMITH"},{"data":"Impervious","floor":42,"key":"SMITH"},{"data":"Offering","floor":44,"key":"SMITH"},{"data":"Power Through","floor":49,"key":"SMITH"}],"neow_cost":"NONE","seed_source_timestamp":817559256923952,"circlet_count":0,"master_deck":["Strike_R","Strike_R","Defend_R","Defend_R","Bash+1","Spot Weakness+1","Pommel Strike+1","Uppercut+1","Shrug It Off","Armaments+1","Battle Trance","Whirlwind+1","Reaper","Offering+1","Heavy Blade","RitualDagger","Rupture+1","Rage","Dual Wield+1","Rage+1","Juggernaut","Warcry+1","Berserk+1","Hemokinesis+1","Flex+1","Carnage+1","Impervious+1","Blood for Blood+1","Iron Wave","Fire Breathing+1","Power Through+1","Infernal Blade+1"],"relics":["Burning Blood","Omamori","MawBank","Red Skull","Ancient Tea Set","Mark of Pain","Boot","Prayer Wheel","Calipers","Gremlin Horn","Mercury Hourglass","Sozu","Juzu Bracelet","Darkstone Periapt","Kunai","Bag of Marbles"],"potions_floor_usage":[7,11,20,22,24,28,29,50,50],"damage_taken":[{"damage":6,"enemies":"2 Louse","floor":1,"turns":3},{"damage":1,"enemies":"Small Slimes","floor":2,"turns":3},{"damage":6,"enemies":"Jaw Worm","floor":3,"turns":3},{"damage":19,"enemies":"Lots of Slimes","floor":5,"turns":6},{"damage":19,"enemies":"3 Sentries","floor":7,"turns":10},{"damage":3,"enemies":"Large Slime","floor":10,"turns":7},{"damage":5,"enemies":"Exordium Wildlife","floor":11,"turns":3},{"damage":28,"enemies":"Gremlin Nob","floor":12,"turns":5},{"damage":16,"enemies":"The Guardian","floor":16,"turns":11},{"damage":6,"enemies":"3 Byrds","floor":18,"turns":4},{"damage":22,"enemies":"2 Thieves","floor":20,"turns":4},{"damage":60,"enemies":"Sentry and Sphere","floor":22,"turns":8},{"damage":11,"enemies":"Book of Stabbing","floor":24,"turns":5},{"damage":8,"enemies":"Colosseum Slavers","floor":27,"turns":2},{"damage":14,"enemies":"Colosseum Nobs","floor":27,"turns":3},{"damage":17,"enemies":"3 Cultists","floor":28,"turns":4},{"damage":8,"enemies":"Centurion and Healer","floor":29,"turns":6},{"damage":16,"enemies":"Slavers","floor":31,"turns":3},{"damage":51,"enemies":"Collector","floor":33,"turns":7},{"damage":8,"enemies":"3 Shapes","floor":35,"turns":4},{"damage":8,"enemies":"Orb Walker","floor":37,"turns":3},{"damage":0,"enemies":"3 Darklings","floor":39,"turns":2},{"damage":30,"enemies":"Giant Head","floor":41,"turns":6},{"damage":58,"enemies":"Nemesis","floor":45,"turns":5},{"damage":9,"enemies":"Sphere and 2 Shapes","floor":47,"turns":3},{"damage":6,"enemies":"Jaw Worm Horde","floor":48,"turns":2},{"damage":53,"enemies":"Awakened One","floor":50,"turns":8}],"seed_played":"-2669531398772278194","potions_obtained":[{"floor":1,"key":"SpeedPotion"},{"floor":2,"key":"SpeedPotion"},{"floor":10,"key":"BloodPotion"},{"floor":12,"key":"BloodPotion"},{"floor":18,"key":"Fruit Juice"},{"floor":22,"key":"SpeedPotion"},{"floor":24,"key":"Swift Potion"},{"floor":28,"key":"Poison Potion"},{"floor":31,"key":"Energy Potion"},{"floor":33,"key":"Poison Potion"}],"is_trial":false,"path_per_floor":["M","M","M","?","M","R","E","R","T","M","M","E","?","$","R","B",null,"M","?","M","$","M","R","E","R","T","?","M","M","R","E","R","B",null,"M","?","M","?","M","R","E","R","T","R","E","$","M","M","R","B"],"character_chosen":"IRONCLAD","items_purchased":["Reaper","Ancient Tea Set","Bag of Marbles","Iron Wave"],"campfire_rested":1,"item_purchase_floors":[14,14,46,46],"current_hp_per_floor":[80,80,80,73,60,60,47,47,47,50,59,37,26,26,50,46,80,80,74,76,76,30,30,40,40,40,40,49,64,64,54,54,33,85,85,85,83,83,85,85,66,66,66,66,35,35,32,32,32,0],"gold":76,"neow_bonus":"UPGRADE_CARD","is_prod":false,"is_daily":false,"chose_seed":false,"campfire_upgraded":10,"win_rate":0,"timestamp":1549455491,"path_taken":["M","M","M","?","M","R","E","R","T","M","M","E","?","$","R","BOSS","M","?","M","$","M","R","E","R","T","?","M","M","R","E","R","BOSS","M","?","?","?","M","R","E","R","T","R","E","$","M","M","R","BOSS"],"build_version":"2019-01-23","purchased_purges":3,"victory":false,"max_hp_per_floor":[80,80,80,80,80,80,80,80,80,80,80,80,80,80,80,80,80,80,80,85,85,85,85,85,85,85,85,85,85,85,85,85,85,85,85,85,85,85,85,85,85,85,85,85,85,85,85,85,85,85],"card_choices":[{"not_picked":["Pummel","Shrug It Off"],"picked":"Spot Weakness","floor":1},{"not_picked":["Cleave","Flex"],"picked":"Pommel Strike","floor":2},{"not_picked":["Anger","Heavy Blade"],"picked":"Uppercut","floor":3},{"not_picked":["Pommel Strike","Flex"],"picked":"Shrug It Off","floor":5},{"not_picked":["Clothesline","Anger"],"picked":"Armaments","floor":7},{"not_picked":["Heavy Blade","Bloodletting"],"picked":"Battle Trance","floor":10},{"not_picked":["Pommel Strike","Heavy Blade"],"picked":"Rage","floor":11},{"not_picked":["Feed","Headbutt"],"picked":"Whirlwind","floor":12},{"not_picked":["Dark Embrace","Juggernaut"],"picked":"Offering","floor":16},{"not_picked":["Warcry","Clothesline"],"picked":"Heavy Blade","floor":18},{"not_picked":["Intimidate","Armaments","Anger"],"picked":"SKIP","floor":20},{"not_picked":["Pummel","Anger"],"picked":"Rupture","floor":22},{"not_picked":["Clothesline","Reckless Charge+1"],"picked":"Rage","floor":24},{"not_picked":["Havoc","Rampage+1"],"picked":"Dual Wield","floor":28},{"not_picked":["Power Through","Clash","Havoc"],"picked":"SKIP","floor":28},{"not_picked":["Thunderclap","Second Wind+1"],"picked":"Rage+1","floor":29},{"not_picked":["Clothesline+1","Warcry","Juggernaut"],"picked":"SKIP","floor":29},{"not_picked":["Clothesline+1","Warcry"],"picked":"Juggernaut","floor":29},{"not_picked":["Iron Wave","Thunderclap"],"picked":"Warcry+1","floor":31},{"not_picked":["Feed","Exhume"],"picked":"Berserk","floor":33},{"not_picked":["Iron Wave","Heavy Blade","Havoc"],"picked":"SKIP","floor":35},{"not_picked":["Cleave","Clothesline+1","Twin Strike"],"picked":"SKIP","floor":35},{"not_picked":["Whirlwind","Second Wind+1"],"picked":"Hemokinesis+1","floor":37},{"not_picked":["Body Slam","Seeing Red"],"picked":"Flex+1","floor":37},{"not_picked":["Intimidate+1","Thunderclap+1"],"picked":"Carnage+1","floor":39},{"not_picked":["True Grit","Flex","Pommel Strike"],"picked":"SKIP","floor":39},{"not_picked":["Sever Soul","Flame Barrier+1"],"picked":"Impervious","floor":41},{"not_picked":["Pommel Strike","Whirlwind"],"picked":"Blood for Blood+1","floor":45},{"not_picked":["Cleave","Headbutt"],"picked":"Fire Breathing+1","floor":47},{"not_picked":["Cleave+1","Body Slam"],"picked":"Power Through","floor":47},{"not_picked":["Sword Boomerang","Perfected Strike"],"picked":"Infernal Blade+1","floor":48},{"not_picked":["Seeing Red","Sever Soul","Twin Strike"],"picked":"SKIP","floor":48}],"player_experience":179591,"relics_obtained":[{"floor":7,"key":"Omamori"},{"floor":9,"key":"MawBank"},{"floor":12,"key":"Red Skull"},{"floor":24,"key":"Boot"},{"floor":26,"key":"Prayer Wheel"},{"floor":27,"key":"Calipers"},{"floor":27,"key":"Gremlin Horn"},{"floor":31,"key":"Mercury Hourglass"},{"floor":41,"key":"Juzu Bracelet"},{"floor":43,"key":"Darkstone Periapt"},{"floor":45,"key":"Kunai"}],"event_choices":[{"cards_removed":["Strike_R"],"damage_healed":0,"gold_gain":0,"player_choice":"Card Removal","damage_taken":7,"max_hp_gain":0,"max_hp_loss":0,"event_name":"Golden Wing","floor":4,"gold_loss":0},{"damage_healed":0,"gold_gain":75,"player_choice":"Gather Gold","damage_taken":11,"max_hp_gain":0,"max_hp_loss":0,"event_name":"World of Goop","floor":13,"gold_loss":0},{"damage_healed":0,"gold_gain":0,"player_choice":"Joined the Cult","damage_taken":6,"max_hp_gain":0,"max_hp_loss":0,"event_name":"Nest","floor":19,"gold_loss":0,"cards_obtained":["RitualDagger"]},{"damage_healed":0,"gold_gain":0,"player_choice":"Fight","damage_taken":0,"max_hp_gain":0,"max_hp_loss":0,"event_name":"Colosseum","floor":27,"gold_loss":0},{"damage_healed":0,"gold_gain":0,"player_choice":"Fought Nobs","damage_taken":0,"max_hp_gain":0,"max_hp_loss":0,"event_name":"Colosseum","floor":27,"gold_loss":0},{"cards_removed":["Strike_R"],"damage_healed":0,"gold_gain":0,"player_choice":"Upgrade and Remove","damage_taken":0,"max_hp_gain":0,"max_hp_loss":0,"event_name":"Designer","floor":36,"gold_loss":90,"cards_upgraded":["Berserk"]},{"cards_removed":["Rage"],"damage_healed":0,"gold_gain":0,"player_choice":"Removed Skill","damage_taken":0,"max_hp_gain":0,"max_hp_loss":0,"event_name":"Falling","floor":38,"gold_loss":0}],"is_beta":false,"boss_relics":[{"not_picked":["Calling Bell","Fusion Hammer"],"picked":"Mark of Pain"},{"not_picked":["Empty Cage","Tiny House"],"picked":"Sozu"}],"items_purged_floors":[14,21,46],"is_endless":false,"potions_floor_spawned":[1,2,10,12,18,22,24,28,31,33,37,41,48],"killed_by":"Awakened One","ascension_level":1}