{"gold_per_floor":[213,213,56,74,91,91,124,124,124,152,152],"floor_reached":11,"playtime":348,"items_purged":["Strike_R"],"score":81,"play_id":"93b329fb-d40d-4d69-af86-be784c67af3f","local_time":"20190214145230","is_ascension_mode":false,"campfire_choices":[{"data":"Armaments","floor":6,"key":"SMITH"},{"data":"Whirlwind","floor":8,"key":"SMITH"}],"neow_cost":"NONE","seed_source_timestamp":18166228389026,"circlet_count":0,"master_deck":["Strike_R","Strike_R","Strike_R","Strike_R","Defend_R","Defend_R","Defend_R","Defend_R","Bash","Body Slam","Whirlwind+1","Armaments+1","Pommel Strike","Pummel","Power Through"],"relics":["Burning Blood","Prayer Wheel","Champion Belt","Juzu Bracelet"],"potions_floor_usage":[7],"damage_taken":[{"damage":0,"enemies":"Small Slimes","floor":1,"turns":4},{"damage":1,"enemies":"Cultist","floor":4,"turns":4},{"damage":6,"enemies":"2 Louse","floor":5,"turns":2},{"damage":27,"enemies":"Gremlin Nob","floor":7,"turns":4},{"damage":23,"enemies":"Lagavulin","floor":10,"turns":7}],"seed_played":"7177352163503059557","potions_obtained":[{"floor":1,"key":"LiquidBronze"},{"floor":5,"key":"Poison Potion"},{"floor":7,"key":"SpeedPotion"}],"is_trial":false,"path_per_floor":["M","?","$","M","M","R","E","R","T","E","?"],"character_chosen":"IRONCLAD","items_purchased":["Whirlwind"],"campfire_rested":0,"item_purchase_floors":[3],"current_hp_per_floor":[80,80,80,80,80,80,59,59,59,42,0],"gold":152,"neow_bonus":"HUNDRED_GOLD","is_prod":false,"is_daily":false,"chose_seed":false,"campfire_upgraded":2,"win_rate":0,"timestamp":1550123550,"path_taken":["M","?","$","M","M","R","E","R","T","E","?"],"build_version":"2019-01-23","purchased_purges":1,"victory":false,"max_hp_per_floor":[80,80,80,80,80,80,80,80,80,80,80],"card_choices":[{"not_picked":["Clash","Feel No Pain"],"picked":"Body Slam","floor":1},{"not_picked":["Heavy Blade","Fire Breathing"],"picked":"Armaments","floor":4},{"not_picked":["Berserk","Anger"],"picked":"Pommel Strike","floor":5},{"not_picked":["Twin Strike","Havoc"],"picked":"Pummel","floor":7},{"not_picked":["Headbutt","Clothesline"],"picked":"Power Through","floor":10}],"player_experience":242067,"relics_obtained":[{"floor":7,"key":"Prayer Wheel"},{"floor":9,"key":"Champion Belt"},{"floor":10,"key":"Juzu Bracelet"}],"event_choices":[{"damage_healed":0,"gold_gain":0,"player_choice":"Ignored","damage_taken":0,"max_hp_gain":0,"max_hp_loss":0,"event_name":"Liars Game","floor":2,"gold_loss":0}],"is_beta":false,"boss_relics":[],"items_purged_floors":[3],"is_endless":false,"potions_floor_spawned":[1,5,7],"ascension_level":0}