{"gold_per_floor":[113,113,126,201,215,215,232,248,274,274,285,314,334,346,346,346],"floor_reached":16,"playtime":652,"items_purged":[],"score":106,"play_id":"99ce899a-6cb3-4eb1-abaf-8e7712b803f1","local_time":"20190911010719","is_ascension_mode":false,"campfire_choices":[{"data":"Neutralize","floor":6.0,"key":"SMITH"},{"data":"After Image","floor":10.0,"key":"SMITH"},{"data":"Blur","floor":15,"key":"SMITH"}],"neow_cost":"NONE","seed_source_timestamp":19670402345500,"circlet_count":0,"master_deck":["Strike_G","Strike_G","Strike_G","Strike_G","Strike_G","Defend_G","Defend_G","Defend_G","Defend_G","Defend_G","Survivor","Neutralize+1","Blur+1","After Image+1","Backflip","Quick Slash"],"special_seed":0,"relics":["Ring of the Snake","Happy Flower","Regal Pillow","Oddly Smooth Stone"],"potions_floor_usage":[12,12,16],"damage_taken":[{"damage":0.0,"enemies":"2 Louse","floor":1.0,"turns":4.0},{"damage":4.0,"enemies":"Jaw Worm","floor":3.0,"turns":7.0},{"damage":0.0,"enemies":"Cultist","floor":5.0,"turns":4.0},{"damage":0.0,"enemies":"Large Slime","floor":7.0,"turns":8.0},{"damage":2.0,"enemies":"Looter","floor":8.0,"turns":4.0},{"damage":0.0,"enemies":"2 Fungi Beasts","floor":11.0,"turns":4.0},{"damage":14,"enemies":"Gremlin Nob","floor":12,"turns":5},{"damage":0,"enemies":"Exordium Wildlife","floor":13,"turns":6},{"damage":0,"enemies":"3 Louse","floor":14,"turns":4},{"damage":0,"enemies":"The Guardian","floor":16,"turns":7}],"seed_played":"-8802006619733696717","potions_obtained":[{"floor":5.0,"key":"PowerPotion"},{"floor":7.0,"key":"Energy Potion"},{"floor":8.0,"key":"LiquidBronze"},{"floor":12,"key":"Swift Potion"}],"is_trial":false,"path_per_floor":["M","?","M","?","M","R","M","M","T","R","M","E","M","M","R","B"],"character_chosen":"THE_SILENT","items_purchased":[],"campfire_rested":0,"item_purchase_floors":[],"current_hp_per_floor":[70,75,71,60,60,60,60,58,58,58,58,44,44,44,44,44],"gold":346,"neow_bonus":"RANDOM_COMMON_RELIC","is_prod":false,"is_daily":false,"chose_seed":false,"campfire_upgraded":3,"win_rate":0,"timestamp":1568131639,"path_taken":["M","?","M","?","M","R","M","M","T","R","M","E","M","?","R","BOSS"],"build_version":"2019-09-09v2","purchased_purges":0,"victory":false,"max_hp_per_floor":[70,75,75,75,75,75,75,75,75,75,75,75,75,75,75,75],"card_choices":[{"not_picked":["Acrobatics","Quick Slash"],"picked":"Blur","floor":1.0},{"not_picked":["Slice","Blade Dance","Eviscerate"],"picked":"SKIP","floor":3.0},{"not_picked":["Endless Agony","Flying Knee","Prepared"],"picked":"SKIP","floor":5.0},{"not_picked":["Reflex","Deflect","Caltrops"],"picked":"SKIP","floor":7.0},{"not_picked":["Dagger Spray","Predator"],"picked":"After Image","floor":8.0},{"not_picked":["Blade Dance","Eviscerate","Dodge and Roll"],"picked":"SKIP","floor":11.0},{"not_picked":["Glass Knife","Skewer","Flying Knee"],"picked":"SKIP","floor":12},{"not_picked":["Eviscerate","Poisoned Stab"],"picked":"Backflip","floor":13},{"not_picked":["Prepared","Masterful Stab"],"picked":"Quick Slash","floor":14}],"player_experience":414960,"relics_obtained":[{"floor":9.0,"key":"Regal Pillow"},{"floor":12,"key":"Oddly Smooth Stone"}],"event_choices":[{"damage_healed":0.0,"max_hp_gain":5.0,"max_hp_loss":0.0,"gold_gain":0.0,"event_name":"Big Fish","player_choice":"Donut","floor":2.0,"gold_loss":0.0,"damage_taken":0.0},{"damage_healed":0.0,"max_hp_gain":0.0,"max_hp_loss":0.0,"gold_gain":75.0,"event_name":"World of Goop","player_choice":"Gather Gold","floor":4.0,"gold_loss":0.0,"damage_taken":11.0}],"is_beta":true,"boss_relics":[],"items_purged_floors":[],"is_endless":false,"potions_floor_spawned":[5,7,8,12],"killed_by":"The Guardian","ascension_level":0}