{"gold_per_floor":[116,134,59,74,74,74,84,111,111,286,304,324,355,370,370,466,466,478,492,511,70,70,70,85,85],"floor_reached":25,"playtime":1674,"items_purged":["Strike_R","Doubt"],"score":282,"play_id":"bc24b6d5-fe98-4aa3-9c6c-935c39e5a930","local_time":"20190911225041","is_ascension_mode":true,"campfire_choices":[{"data":"Corruption","floor":6,"key":"SMITH"},{"data":"Flame Barrier","floor":15,"key":"SMITH"},{"floor":23,"key":"REST"}],"neow_cost":"NONE","seed_source_timestamp":293666724848880,"circlet_count":0,"master_deck":["Strike_R+1","Strike_R","Strike_R","Strike_R+1","Defend_R","Defend_R","Defend_R","Defend_R","Bash","Warcry","Clash","Heavy Blade","Corruption+1","Shrug It Off","Flame Barrier+1","Headbutt","Offering","Sentinel","Seeing Red+1","Body Slam","Shrug It Off","Magnetism","Carnage","Warcry+1"],"relics":["Burning Blood","Smiling Mask","Pear","Incense Burner","Sozu","Sling"],"potions_floor_usage":[8,16,18],"damage_taken":[{"damage":6,"enemies":"Jaw Worm","floor":1,"turns":5},{"damage":0,"enemies":"2 Louse","floor":2,"turns":2},{"damage":1,"enemies":"Cultist","floor":4,"turns":3},{"damage":1,"enemies":"2 Fungi Beasts","floor":7,"turns":3},{"damage":30,"enemies":"3 Sentries","floor":8,"turns":8},{"damage":4,"enemies":"Red Slaver","floor":11,"turns":3},{"damage":6,"enemies":"Exordium Thugs","floor":12,"turns":5},{"damage":21,"enemies":"Gremlin Nob","floor":13,"turns":4},{"damage":6,"enemies":"3 Louse","floor":14,"turns":3},{"damage":37,"enemies":"Hexaghost","floor":16,"turns":10},{"damage":14,"enemies":"3 Byrds","floor":18,"turns":5},{"damage":22,"enemies":"Chosen","floor":19,"turns":8},{"damage":29,"enemies":"Snecko","floor":20,"turns":5},{"damage":17,"enemies":"3 Cultists","floor":24,"turns":5},{"damage":45,"enemies":"Gremlin Leader","floor":25,"turns":5}],"seed_played":"-6084261209966908161","potions_obtained":[{"floor":7,"key":"AttackPotion"},{"floor":8,"key":"Swift Potion"},{"floor":13,"key":"SteroidPotion"},{"floor":14,"key":"Ancient Potion"}],"is_trial":false,"path_per_floor":["M","M","$","M","?","R","M","E","T","?","M","M","E","M","R","B",null,"M","M","M","$","?","R","M","E"],"character_chosen":"IRONCLAD","items_purchased":["Sling","Magnetism"],"campfire_rested":1,"item_purchase_floors":[21,21],"current_hp_per_floor":[72,78,78,80,64,64,69,45,55,55,57,57,42,42,42,11,70,62,46,23,23,23,50,39,0],"gold":85,"neow_bonus":"THREE_CARDS","is_prod":false,"is_daily":false,"chose_seed":false,"campfire_upgraded":2,"win_rate":0,"timestamp":1568256641,"path_taken":["M","M","$","M","?","R","M","E","T","?","M","M","E","M","R","BOSS","M","M","M","$","?","R","?","E"],"build_version":"2019-07-17","purchased_purges":2,"victory":false,"max_hp_per_floor":[80,80,80,80,80,80,80,80,90,90,90,90,90,90,90,90,90,90,90,90,90,90,90,90,90],"card_choices":[{"not_picked":["Evolve","Pommel Strike"],"picked":"Warcry","floor":0},{"not_picked":["Wild Strike","Disarm"],"picked":"Clash","floor":1},{"not_picked":["Pommel Strike","Sentinel"],"picked":"Heavy Blade","floor":2},{"not_picked":["Immolate","Wild Strike"],"picked":"Corruption","floor":4},{"not_picked":["Pommel Strike","Wild Strike","Havoc"],"picked":"SKIP","floor":7},{"not_picked":["Double Tap","Reaper"],"picked":"Shrug It Off","floor":8},{"not_picked":["Clothesline","Armaments"],"picked":"Flame Barrier","floor":11},{"not_picked":["Iron Wave","Clash"],"picked":"Headbutt","floor":12},{"not_picked":["Perfected Strike","Bludgeon"],"picked":"Offering","floor":13},{"not_picked":["Cleave","Anger"],"picked":"Sentinel","floor":14},{"not_picked":["Immolate","Limit Break"],"picked":"Berserk","floor":16},{"not_picked":["Havoc+1","Flex"],"picked":"Seeing Red+1","floor":18},{"not_picked":["True Grit","Ghostly Armor"],"picked":"Body Slam","floor":19},{"not_picked":["Wild Strike","Uppercut+1"],"picked":"Shrug It Off","floor":20},{"not_picked":["Power Through","Clothesline+1"],"picked":"Warcry+1","floor":24}],"player_experience":465794,"relics_obtained":[{"floor":8,"key":"Smiling Mask"},{"floor":9,"key":"Pear"},{"floor":13,"key":"Incense Burner"}],"event_choices":[{"damage_healed":0,"gold_gain":0,"player_choice":"Entered Light","damage_taken":16,"max_hp_gain":0,"max_hp_loss":0,"event_name":"Shining Light","floor":5,"gold_loss":0,"cards_upgraded":["Strike_R","Strike_R"]},{"damage_healed":0,"gold_gain":175,"player_choice":"AGREE","damage_taken":0,"max_hp_gain":0,"max_hp_loss":0,"event_name":"Liars Game","floor":10,"gold_loss":0,"cards_obtained":["Doubt"]},{"damage_healed":0,"gold_gain":0,"cards_transformed":["Berserk"],"player_choice":"Transformed","damage_taken":0,"max_hp_gain":0,"max_hp_loss":0,"event_name":"Transmorgrifier","floor":22,"gold_loss":0,"cards_obtained":["Carnage"]}],"is_beta":false,"boss_relics":[{"not_picked":["Mark of Pain","Ectoplasm"],"picked":"Sozu"}],"items_purged_floors":[3,21],"is_endless":false,"potions_floor_spawned":[7,8,13,14,18,24],"killed_by":"Gremlin Leader","ascension_level":6}