{"path_per_floor":["M","?","?","$","?","M","$","M","T","E","?","?","R","M","R","B",null,"M","$","M","M","?","R","M","$","T","M","M","M","M","M","R"],"character_chosen":"THE_SILENT","items_purchased":["Dodge and Roll"],"gold_per_floor":[114,114,114,39,39,54,54,69,69,99,121,121,121,136,136,236,236,251,100,115,130,130,130,175,50,75,90,105,120,135,150,150,150],"floor_reached":33,"campfire_rested":1,"playtime":1782,"current_hp_per_floor":[70,70,70,70,70,66,66,66,66,66,65,65,65,65,65,36,70,65,65,63,63,63,63,52,52,52,52,52,52,55,45,66,0],"items_purged":["Defend_G","Strike_G","Strike_G"],"gold":150,"score":276,"play_id":"4cfe5577-ea05-4d04-8c8f-b4ac3411811a","local_time":"20180509203310","daily_mods":["Diverse","Binary","Vintage"],"is_prod":false,"is_daily":true,"chose_seed":false,"is_ascension_mode":false,"campfire_upgraded":0,"timestamp":1525890790,"path_taken":["M","?","?","$","?","M","?","?","T","E","?","?","R","M","R","BOSS","M","$","M","M","?","R","M","$","T","M","?","M","M","M","R","BOSS"],"build_version":"2018-05-08","seed_source_timestamp":0,"purchased_purges":3,"victory":false,"master_deck":["Defend_G","Defend_G","Defend_G","Defend_G","Strike_G+1","Strike_G","Strike_G+1","Survivor","Neutralize","Body Slam+1","Tools of the Trade","Dodge and Roll","Flex","Turbo+1"],"max_hp_per_floor":[70,70,70,70,70,70,70,70,70,70,70,70,70,70,70,70,70,70,70,70,70,70,70,70,70,70,70,70,70,70,70,70,70],"relics":["Ring of the Snake","Shuriken","Ninja Scroll","Bag of Marbles","Pen Nib","Girya","Odd Mushroom","Tough Bandages","Du-Vu Doll","White Beast Statue","Happy Flower","Ancient Tea Set","Whetstone","Tiny Chest","Dream Catcher","Letter Opener","Juzu Bracelet","Darkstone Periapt","Art of War","Centennial Puzzle"],"card_choices":[{"not_picked":["Leap"],"picked":"Body Slam","floor":11},{"not_picked":["Venomology"],"picked":"Tools of the Trade","floor":16},{"not_picked":["Hologram"],"picked":"Turbo","floor":32}],"player_experience":36761,"potions_floor_usage":[10,10,11,16,21,24,27,29,30,33,33,33],"damage_taken":[{"damage":0,"enemies":"Small Slimes","floor":1,"turns":5},{"damage":4,"enemies":"Cultist","floor":6,"turns":4},{"damage":0,"enemies":"Jaw Worm","floor":8,"turns":3},{"damage":0,"enemies":"Lagavulin","floor":10,"turns":2},{"damage":1,"enemies":"The Mushroom Lair","floor":11,"turns":3},{"damage":0,"enemies":"2 Fungi Beasts","floor":14,"turns":1},{"damage":29,"enemies":"The Guardian","floor":16,"turns":7},{"damage":5,"enemies":"Spheric Guardian","floor":18,"turns":3},{"damage":2,"enemies":"Shell Parasite","floor":20,"turns":3},{"damage":0,"enemies":"Centurion and Healer","floor":21,"turns":5},{"damage":11,"enemies":"Snecko","floor":24,"turns":3},{"damage":0,"enemies":"Sentry and Sphere","floor":27,"turns":3},{"damage":0,"enemies":"Snake Plant","floor":28,"turns":1},{"damage":0,"enemies":"Snecko","floor":29,"turns":2},{"damage":0,"enemies":"Centurion and Healer","floor":30,"turns":2},{"damage":10,"enemies":"Cultist and Chosen","floor":31,"turns":4},{"damage":67,"enemies":"Automaton","floor":33,"turns":6}],"event_choices":[{"event_name":"The Lab","player_choice":"Got Potions","floor":2,"damage_taken":0},{"event_name":"The Woman in Blue","player_choice":"Bought 0 Potions","floor":3,"damage_taken":0},{"event_name":"The Cleric","player_choice":"Leave","floor":5,"damage_taken":0},{"event_name":"Mushrooms","player_choice":"Fought Mushrooms","floor":11,"damage_taken":0},{"event_name":"Accursed Blacksmith","player_choice":"Forge","floor":12,"damage_taken":0},{"event_name":"The Library","player_choice":"Read","floor":22,"damage_taken":0}],"boss_relics":[{"not_picked":["Runic Pyramid","Philosopher\u0027s Stone"],"picked":"White Beast Statue"}],"potions_floor_spawned":[1,6,11,18,20,21,24,27,28,29,30,31],"seed_played":"-2911517459115267466","killed_by":"Automaton","ascension_level":0,"is_trial":false}