{"gold_per_floor":[109,109,34,52,73,73,113,137,137,137,37,52,127,163,163,293,293,318,228,243,86,105,105,80,113,182,182,200,225,248,284,284,413,413,426,271,271,396,414,414,111,111,111,444,67,83,83,0,0,0],"floor_reached":51,"playtime":2757,"items_purged":["Strike_B","Strike_B"],"score":743,"play_id":"f814ae82-d510-4a2c-8757-6c5031b72da3","local_time":"20190222195740","is_ascension_mode":false,"campfire_choices":[{"data":"Dualcast","floor":6.0,"key":"SMITH"},{"data":"Zap","floor":15.0,"key":"SMITH"},{"data":"Redo","floor":23.0,"key":"SMITH"},{"data":"Static Discharge","floor":27.0,"key":"SMITH"},{"floor":32.0,"key":"REST"},{"data":"Creative AI","floor":40.0,"key":"SMITH"},{"data":"Recycle","floor":42.0,"key":"SMITH"},{"data":"Panacea","floor":49.0,"key":"SMITH"}],"neow_cost":"NONE","seed_source_timestamp":0,"circlet_count":0,"master_deck":["Zap+1","Dualcast+1","Conserve Battery","Coolheaded","Streamline","Hologram","Leap","Redo+1","Electrodynamics","Beam Cell","Reboot","Core Surge+1","Chill","Gash","Static Discharge+1","Leap","Conserve Battery","Steam","Rebound","Creative AI+1","Recycle+1","Echo Form","Storm+1","Loop+1","Capacitor","Turbo+1","Panacea+1"],"special_seed":0,"relics":["Cracked Core","Vajra","PreservedInsect","Sundial","Pandora\u0027s Box","Happy Flower","Bronze Scales","Bottled Flame","Du-Vu Doll","Runic Dome","Bag of Preparation","Peace Pipe","FossilizedHelix","Pear","Bottled Tornado","Red Mask"],"potions_floor_usage":[50,50],"damage_taken":[{"damage":1.0,"enemies":"Small Slimes","floor":1.0,"turns":3.0},{"damage":1.0,"enemies":"Jaw Worm","floor":4.0,"turns":3.0},{"damage":1.0,"enemies":"2 Louse","floor":5.0,"turns":3.0},{"damage":0.0,"enemies":"3 Sentries","floor":7.0,"turns":9.0},{"damage":3.0,"enemies":"Looter","floor":8.0,"turns":3.0},{"damage":1.0,"enemies":"Red Slaver","floor":12.0,"turns":3.0},{"damage":15.0,"enemies":"Gremlin Nob","floor":14.0,"turns":4.0},{"damage":26.0,"enemies":"The Guardian","floor":16.0,"turns":16.0},{"damage":1.0,"enemies":"Chosen","floor":18.0,"turns":4.0},{"damage":0.0,"enemies":"Spheric Guardian","floor":20.0,"turns":3.0},{"damage":14.0,"enemies":"Snake Plant","floor":22.0,"turns":3.0},{"damage":13.0,"enemies":"Gremlin Leader","floor":25.0,"turns":5.0},{"damage":0.0,"enemies":"Centurion and Healer","floor":28.0,"turns":5.0},{"damage":0.0,"enemies":"3 Cultists","floor":29.0,"turns":3.0},{"damage":1.0,"enemies":"Shelled Parasite and Fungi","floor":30.0,"turns":4.0},{"damage":22.0,"enemies":"Slavers","floor":31.0,"turns":4.0},{"damage":39.0,"enemies":"Automaton","floor":33.0,"turns":11.0},{"damage":18.0,"enemies":"3 Darklings","floor":35.0,"turns":3.0},{"damage":8.0,"enemies":"Mind Bloom Boss Battle","floor":38.0,"turns":6.0},{"damage":0.0,"enemies":"3 Shapes","floor":39.0,"turns":4.0},{"damage":10.0,"enemies":"Maw","floor":46.0,"turns":5.0},{"damage":39,"enemies":"Time Eater","floor":50,"turns":7}],"seed_played":"-2206089944722124065","potions_obtained":[{"floor":0.0,"key":"LiquidBronze"},{"floor":0.0,"key":"Strength Potion"},{"floor":0.0,"key":"SkillPotion"},{"floor":14.0,"key":"FearPotion"},{"floor":18.0,"key":"GamblersBrew"},{"floor":22.0,"key":"SkillPotion"},{"floor":29.0,"key":"SkillPotion"},{"floor":30.0,"key":"Ancient Potion"},{"floor":33.0,"key":"Weak Potion"},{"floor":38.0,"key":"Energy Potion"}],"is_trial":false,"path_per_floor":["M","?","$","M","M","R","E","M","T","?","$","M","?","E","R","B",null,"M","?","M","$","M","R","$","E","T","R","M","M","M","E","R","B",null,"M","$","?","?","M","R","$","R","T","?","$","M","?","?","R","B",null],"character_chosen":"DEFECT","items_purchased":["Happy Flower","Steam","Bag of Preparation","FossilizedHelix","Bottled Tornado","PowerPotion","Capacitor"],"campfire_rested":1,"item_purchase_floors":[21,24,36,41,45,45,45],"current_hp_per_floor":[74,56,56,55,54,54,54,51,51,56,56,55,44,29,29,3,80,79,79,79,79,65,65,65,52,52,52,52,52,51,29,53,14,80,62,62,62,54,54,54,54,54,64,64,64,54,54,54,54,15],"gold":0,"neow_bonus":"THREE_SMALL_POTIONS","is_prod":false,"is_daily":false,"chose_seed":false,"campfire_upgraded":7,"win_rate":0,"timestamp":1550833060,"path_taken":["M","?","$","M","M","R","E","M","T","?","$","M","?","E","R","BOSS","M","?","M","$","M","R","$","E","T","R","M","M","?","E","R","BOSS","M","$","?","?","M","R","$","R","T","?","?","?","?","?","R","BOSS"],"build_version":"2019-01-23","purchased_purges":2,"victory":true,"max_hp_per_floor":[75,75,75,75,75,75,75,75,75,80,80,80,80,80,80,80,80,80,80,80,80,80,80,80,80,80,80,80,80,80,80,80,80,80,80,80,80,80,80,80,80,80,90,90,90,90,90,90,90,90],"card_choices":[{"not_picked":["Turbo","Blizzard"],"picked":"Conserve Battery","floor":1.0},{"not_picked":["Force Field","Hello World"],"picked":"Coolheaded","floor":4.0},{"not_picked":["Rip and Tear","Turbo"],"picked":"Streamline","floor":5.0},{"not_picked":["Darkness","Sweeping Beam"],"picked":"Hologram","floor":7.0},{"not_picked":["Gash","Streamline"],"picked":"Leap","floor":8.0},{"not_picked":["Sweeping Beam","Heatsinks","Hologram"],"picked":"SKIP","floor":12.0},{"not_picked":["Undo","Hologram"],"picked":"Redo","floor":14.0},{"not_picked":["Echo Form","Thunder Strike"],"picked":"Electrodynamics","floor":16.0},{"not_picked":["Darkness","Heatsinks"],"picked":"Static Discharge","floor":18.0},{"not_picked":["Stack","Barrage"],"picked":"Leap","floor":20.0},{"not_picked":["Sweeping Beam","Tempest"],"picked":"Conserve Battery","floor":22.0},{"not_picked":["Conserve Battery","Electrodynamics"],"picked":"Streamline","floor":25.0},{"not_picked":["Gash","Hello World+1","Sweeping Beam"],"picked":"SKIP","floor":28.0},{"not_picked":["Gash+1","Go for the Eyes"],"picked":"Rebound","floor":29.0},{"not_picked":["Streamline","Steam"],"picked":"Creative AI","floor":30.0},{"not_picked":["Stack","Tempest"],"picked":"Recycle","floor":31.0},{"not_picked":["All For One","Multi-Cast"],"picked":"Echo Form","floor":33.0},{"not_picked":["Hologram","Barrage","Compile Driver+1"],"picked":"SKIP","floor":35.0},{"not_picked":["Aggregate","Sweeping Beam+1"],"picked":"Storm+1","floor":38.0},{"not_picked":["Compile Driver+1","Consume"],"picked":"Loop+1","floor":39.0},{"not_picked":["Redo","Stack"],"picked":"Turbo+1","floor":46.0},{"not_picked":["Flash of Steel","Forethought"],"picked":"Panacea","floor":47.0}],"player_experience":251086,"relics_obtained":[{"floor":7.0,"key":"Vajra"},{"floor":9.0,"key":"PreservedInsect"},{"floor":14.0,"key":"Sundial"},{"floor":25.0,"key":"Bronze Scales"},{"floor":26.0,"key":"Bottled Flame"},{"floor":31.0,"key":"Du-Vu Doll"},{"floor":38.0,"key":"Peace Pipe"},{"floor":43.0,"key":"Pear"}],"event_choices":[{"damage_healed":0.0,"max_hp_gain":0.0,"max_hp_loss":0.0,"gold_gain":0.0,"event_name":"Golden Idol","player_choice":"Take Damage","floor":2.0,"gold_loss":0.0,"damage_taken":18.0,"relics_obtained":["Golden Idol"]},{"damage_healed":0.0,"max_hp_gain":5.0,"max_hp_loss":0.0,"gold_gain":0.0,"event_name":"Big Fish","player_choice":"Donut","floor":10.0,"gold_loss":0.0,"damage_taken":0.0},{"damage_healed":0.0,"max_hp_gain":0.0,"max_hp_loss":0.0,"gold_gain":75.0,"event_name":"World of Goop","player_choice":"Gather Gold","floor":13.0,"gold_loss":0.0,"damage_taken":11.0},{"cards_removed":["Streamline"],"damage_healed":0.0,"max_hp_gain":0.0,"max_hp_loss":0.0,"gold_gain":0.0,"event_name":"Designer","player_choice":"Upgrade and Remove","floor":19.0,"gold_loss":90.0,"damage_taken":0.0,"cards_upgraded":["Core Surge"]},{"cards_removed":["Streamline"],"damage_healed":0.0,"max_hp_gain":0.0,"max_hp_loss":0.0,"gold_gain":0.0,"event_name":"Falling","player_choice":"Removed Attack","floor":37.0,"gold_loss":0.0,"damage_taken":0.0},{"damage_healed":0.0,"max_hp_gain":0.0,"max_hp_loss":0.0,"gold_gain":0.0,"event_name":"MindBloom","player_choice":"Fight","floor":38.0,"gold_loss":0.0,"damage_taken":0.0},{"damage_healed":0.0,"max_hp_gain":0.0,"max_hp_loss":0.0,"gold_gain":333.0,"event_name":"The Moai Head","player_choice":"Gave Idol","floor":44.0,"relics_lost":["Golden Idol"],"gold_loss":0.0,"damage_taken":0.0},{"damage_healed":0.0,"max_hp_gain":0.0,"max_hp_loss":0.0,"gold_gain":0.0,"event_name":"SensoryStone","player_choice":"Memory 1","floor":47.0,"gold_loss":0.0,"damage_taken":0.0},{"damage_healed":0.0,"max_hp_gain":0.0,"max_hp_loss":0.0,"gold_gain":0.0,"event_name":"Tomb of Lord Red Mask","player_choice":"Paid","floor":48.0,"gold_loss":83.0,"damage_taken":0.0,"relics_obtained":["Red Mask"]}],"is_beta":false,"boss_relics":[{"not_picked":["Coffee Dripper","White Beast Statue"],"picked":"Pandora\u0027s Box"},{"not_picked":["Snecko Eye","Orrery"],"picked":"Runic Dome"}],"items_purged_floors":[3,11],"is_endless":false,"potions_floor_spawned":[1,5,14,18,22,29,30,33,35,38],"ascension_level":0}