{"gold_per_floor":[111,111,126,138,152,152,213,240,240,255,255,255,269,3,3,100,100,100,55,55,55,55,55,55,55,55,55],"floor_reached":27,"playtime":1234,"items_purged":[],"score":215,"play_id":"2d38ff1e-175d-419f-8a3d-bb341504f018","local_time":"20190911120017","is_ascension_mode":false,"campfire_choices":[{"data":"Ball Lightning","floor":6,"key":"SMITH"},{"floor":12,"key":"REST"},{"floor":15,"key":"REST"},{"floor":23,"key":"REST"}],"neow_cost":"NONE","seed_source_timestamp":9561691860859,"circlet_count":0,"master_deck":["Strike_B","Strike_B","Strike_B","Strike_B","Defend_B","Defend_B","Defend_B","Defend_B","Zap","Dualcast","Melter","Defragment","Coolheaded","Ball Lightning+1","Electrodynamics","Ball Lightning","Defragment","Ball Lightning+1","Melter","RitualDagger","Cold Snap","Defragment"],"relics":["Cracked Core","Oddly Smooth Stone","Vajra","Tiny Chest","Boot","Ornamental Fan","HandDrill","Ectoplasm","Meat on the Bone"],"potions_floor_usage":[16,16,16],"damage_taken":[{"damage":0,"enemies":"2 Louse","floor":1,"turns":2},{"damage":5,"enemies":"Jaw Worm","floor":3,"turns":3},{"damage":6,"enemies":"Cultist","floor":4,"turns":3},{"damage":0,"enemies":"2 Fungi Beasts","floor":5,"turns":4},{"damage":17,"enemies":"Lagavulin","floor":7,"turns":6},{"damage":7,"enemies":"Exordium Thugs","floor":10,"turns":2},{"damage":12,"enemies":"Blue Slaver","floor":13,"turns":3},{"damage":25,"enemies":"Hexaghost","floor":16,"turns":8},{"damage":10,"enemies":"Spheric Guardian","floor":18,"turns":3},{"damage":20,"enemies":"2 Thieves","floor":19,"turns":3},{"damage":28,"enemies":"Shelled Parasite and Fungi","floor":22,"turns":4},{"damage":15,"enemies":"Snake Plant","floor":24,"turns":3},{"damage":18,"enemies":"Gremlin Leader","floor":27,"turns":2}],"seed_played":"-8297644651477316296","potions_obtained":[{"floor":3,"key":"Block Potion"},{"floor":5,"key":"Regen Potion"},{"floor":7,"key":"GamblersBrew"},{"floor":10,"key":"Weak Potion"},{"floor":19,"key":"GamblersBrew"}],"is_trial":false,"path_per_floor":["M","?","M","M","M","R","E","T","T","M","?","R","M","$","R","B",null,"M","M","$","?","M","R","M","$","T","E"],"character_chosen":"DEFECT","items_purchased":["Defragment","HandDrill"],"campfire_rested":3,"item_purchase_floors":[14,14],"current_hp_per_floor":[75,72,67,61,61,61,44,44,44,37,62,75,63,63,75,60,75,65,45,45,39,11,33,18,18,18,0],"gold":55,"neow_bonus":"RANDOM_COMMON_RELIC","is_prod":false,"is_daily":false,"chose_seed":false,"campfire_upgraded":1,"win_rate":0.0,"timestamp":1568196017,"path_taken":["M","?","M","M","M","R","E","?","T","?","?","R","M","?","R","BOSS","M","M","$","?","M","R","M","$","T","E"],"build_version":"2019-07-17","purchased_purges":0,"victory":false,"max_hp_per_floor":[75,75,75,75,75,75,75,75,75,75,75,75,75,75,75,75,75,75,75,75,75,75,75,75,75,75,75],"card_choices":[{"not_picked":["Rebound","Darkness"],"picked":"Melter","floor":1},{"not_picked":["Barrage","Hologram"],"picked":"Defragment","floor":3},{"not_picked":["Hologram","Static Discharge"],"picked":"Coolheaded","floor":4},{"not_picked":["Blizzard","Stack"],"picked":"Ball Lightning","floor":5},{"not_picked":["Leap","Barrage"],"picked":"Electrodynamics","floor":7},{"not_picked":["Gash","Scrape","Sweeping Beam"],"picked":"SKIP","floor":10},{"not_picked":["Scrape","Steam"],"picked":"Ball Lightning","floor":13},{"not_picked":["Melter","Steam"],"picked":"Ball Lightning+1","floor":18},{"not_picked":["Heatsinks+1","Reprogram"],"picked":"Melter","floor":19},{"not_picked":["Reinforced Body","Gash"],"picked":"Cold Snap","floor":22},{"not_picked":["BootSequence","Consume"],"picked":"Defragment","floor":24}],"player_experience":38125,"relics_obtained":[{"floor":7,"key":"Tiny Chest"},{"floor":8,"key":"Boot"},{"floor":9,"key":"Ornamental Fan"},{"floor":26,"key":"Meat on the Bone"}],"event_choices":[{"damage_healed":0,"gold_gain":0,"player_choice":"Success","damage_taken":3,"relics_obtained":["Vajra"],"max_hp_gain":0,"max_hp_loss":0,"event_name":"Scrap Ooze","floor":2,"gold_loss":0},{"damage_healed":25,"gold_gain":0,"player_choice":"Banana","damage_taken":0,"max_hp_gain":0,"max_hp_loss":0,"event_name":"Big Fish","floor":11,"gold_loss":0},{"damage_healed":0,"gold_gain":0,"player_choice":"Joined the Cult","damage_taken":6,"max_hp_gain":0,"max_hp_loss":0,"event_name":"Nest","floor":21,"gold_loss":0,"cards_obtained":["RitualDagger"]}],"is_beta":false,"boss_relics":[{"not_picked":["Sozu","Runic Dome"],"picked":"Ectoplasm"}],"items_purged_floors":[],"is_endless":false,"potions_floor_spawned":[3,5,7,10,19],"killed_by":"Gremlin Leader","ascension_level":0}