{"gold_per_floor":[111,36,46,61,61,61,96,96,96,160,170,196,210,224,224,320,320,334,345,245,245,170,200,200,227,227,239,239,273,273],"floor_reached":30,"playtime":1648,"items_purged":["Defend_R","Strike_R"],"score":344,"play_id":"859c5d93-1fcd-4901-95d0-04e479a97910","local_time":"20190603233621","is_ascension_mode":true,"campfire_choices":[{"data":"Anger","floor":6,"key":"SMITH"},{"data":"Fire Breathing","floor":8,"key":"SMITH"},{"floor":15,"key":"REST"},{"data":"True Grit","floor":24,"key":"SMITH"}],"neow_cost":"NONE","seed_source_timestamp":11791409038447,"circlet_count":0,"master_deck":["Defend_R","Defend_R","Bash","Impervious+1","Shrug It Off+1","Burning Pact+1","Fire Breathing+1","Anger+1","True Grit+1","Bludgeon","Ghostly Armor","Feed","Shrug It Off","Second Wind","Hemokinesis"],"relics":["Astrolabe","Pocketwatch","Letter Opener","Du-Vu Doll","Odd Mushroom","Busted Crown","Strawberry","Kunai","Gremlin Horn","Ginger"],"potions_floor_usage":[16,16,25,29],"damage_taken":[{"damage":0,"enemies":"Cultist","floor":1,"turns":4},{"damage":7,"enemies":"2 Louse","floor":3,"turns":4},{"damage":1,"enemies":"Small Slimes","floor":4,"turns":5},{"damage":9,"enemies":"3 Sentries","floor":7,"turns":6},{"damage":8,"enemies":"3 Sentries","floor":10,"turns":6},{"damage":6,"enemies":"Looter","floor":11,"turns":4},{"damage":9,"enemies":"The Mushroom Lair","floor":12,"turns":4},{"damage":8,"enemies":"Large Slime","floor":13,"turns":5},{"damage":3,"enemies":"3 Louse","floor":14,"turns":3},{"damage":18,"enemies":"Hexaghost","floor":16,"turns":7},{"damage":0,"enemies":"Chosen","floor":18,"turns":3},{"damage":14,"enemies":"Spheric Guardian","floor":19,"turns":5},{"damage":15,"enemies":"Gremlin Leader","floor":23,"turns":9},{"damage":20,"enemies":"Book of Stabbing","floor":25,"turns":7},{"damage":24,"enemies":"Cultist and Chosen","floor":27,"turns":7},{"damage":3,"enemies":"Gremlin Leader","floor":29,"turns":8}],"seed_played":"5681471895090057296","potions_obtained":[{"floor":1,"key":"Weak Potion"},{"floor":4,"key":"BloodPotion"},{"floor":11,"key":"Strength Potion"},{"floor":16,"key":"FearPotion"},{"floor":19,"key":"Block Potion"},{"floor":27,"key":"Weak Potion"},{"floor":29,"key":"FearPotion"}],"is_trial":false,"path_per_floor":["M","$","M","M","?","R","E","R","T","?","M","?","M","M","R","B",null,"M","M","$","?","?","E","R","E","T","M","?","E","?"],"character_chosen":"IRONCLAD","items_purchased":[],"campfire_rested":1,"item_purchase_floors":[],"current_hp_per_floor":[80,80,73,72,65,65,56,56,56,48,42,33,25,22,46,36,80,80,66,66,66,66,58,58,38,38,14,14,11,0],"gold":273,"neow_bonus":"BOSS_RELIC","is_prod":false,"is_daily":false,"chose_seed":false,"campfire_upgraded":3,"win_rate":0,"timestamp":1559619381,"path_taken":["M","$","M","M","?","R","E","R","T","?","M","?","M","M","R","BOSS","M","M","$","?","?","E","R","E","T","M","?","E","?"],"build_version":"2019-01-23","purchased_purges":2,"victory":false,"max_hp_per_floor":[80,80,80,80,80,80,80,80,80,80,80,80,80,80,80,80,80,80,80,80,80,80,87,87,87,87,87,87,87,92],"card_choices":[{"not_picked":["Bloodletting","Blood for Blood","Wild Strike"],"picked":"SKIP","floor":1},{"not_picked":["Blood for Blood","Sever Soul"],"picked":"Fire Breathing","floor":3},{"not_picked":["Cleave","Body Slam"],"picked":"Anger","floor":4},{"not_picked":["Anger","Warcry","Clothesline"],"picked":"SKIP","floor":7},{"not_picked":["Blood for Blood","Entrench"],"picked":"True Grit","floor":10},{"not_picked":["Clash","Burning Pact"],"picked":"Bludgeon","floor":11},{"not_picked":["Wild Strike","Carnage"],"picked":"Ghostly Armor","floor":12},{"not_picked":["Warcry","Hemokinesis","Headbutt"],"picked":"SKIP","floor":13},{"not_picked":["Shrug It Off","Thunderclap","Flex"],"picked":"SKIP","floor":14},{"not_picked":["Reaper","Berserk"],"picked":"Feed","floor":16},{"not_picked":[],"picked":"Shrug It Off","floor":18},{"not_picked":["Headbutt"],"picked":"SKIP","floor":19},{"not_picked":[],"picked":"Sentinel","floor":23},{"not_picked":["Dropkick"],"picked":"SKIP","floor":25},{"not_picked":["Warcry+1"],"picked":"SKIP","floor":27},{"not_picked":["Sword Boomerang+1"],"picked":"SKIP","floor":29}],"player_experience":90118,"relics_obtained":[{"floor":7,"key":"Letter Opener"},{"floor":10,"key":"Du-Vu Doll"},{"floor":12,"key":"Odd Mushroom"},{"floor":23,"key":"Strawberry"},{"floor":25,"key":"Kunai"},{"floor":26,"key":"Gremlin Horn"},{"floor":29,"key":"Ginger"}],"event_choices":[{"damage_healed":0,"gold_gain":0,"player_choice":"Success","damage_taken":7,"relics_obtained":["Pocketwatch"],"max_hp_gain":0,"max_hp_loss":0,"event_name":"Scrap Ooze","floor":5,"gold_loss":0},{"damage_healed":0,"gold_gain":30,"player_choice":"Searched \u00272\u0027 times","damage_taken":0,"max_hp_gain":0,"max_hp_loss":0,"event_name":"Dead Adventurer","floor":10,"gold_loss":0},{"damage_healed":0,"gold_gain":0,"player_choice":"Fought Mushrooms","damage_taken":0,"max_hp_gain":0,"max_hp_loss":0,"event_name":"Mushrooms","floor":12,"gold_loss":0},{"damage_healed":0,"gold_gain":0,"player_choice":"Ignored","damage_taken":0,"max_hp_gain":0,"max_hp_loss":0,"event_name":"Vampires","floor":21,"gold_loss":0},{"cards_removed":["Strike_R"],"damage_healed":0,"gold_gain":0,"player_choice":"Gave Gold","damage_taken":0,"max_hp_gain":0,"max_hp_loss":0,"event_name":"Beggar","floor":22,"gold_loss":75},{"damage_healed":0,"gold_gain":0,"cards_transformed":["Sentinel","Defend_R"],"player_choice":"Became Test Subject","damage_taken":0,"max_hp_gain":0,"max_hp_loss":0,"event_name":"Drug Dealer","floor":28,"gold_loss":0,"cards_obtained":["Second Wind","Hemokinesis"]}],"is_beta":false,"boss_relics":[{"not_picked":["Velvet Choker","Sozu"],"picked":"Busted Crown"}],"items_purged_floors":[2,20],"is_endless":false,"potions_floor_spawned":[1,4,11,16,19,27,29],"ascension_level":2}