{"gold_per_floor":[114,114,124,199,71,71,71,100,100,100,100,100,124,124,124,252,252,270,288,304,304,97,97,97],"floor_reached":24,"playtime":738,"items_purged":["Defend_B","Defend_B"],"score":293,"play_id":"65594681-268b-407a-9400-32ffa36862b5","local_time":"20190912001753","is_ascension_mode":true,"campfire_choices":[{"data":"Zap","floor":6.0,"key":"SMITH"},{"data":"Dualcast","floor":11.0,"key":"SMITH"},{"data":"Conserve Battery","floor":15.0,"key":"SMITH"},{"data":"Defragment","floor":23.0,"key":"SMITH"}],"neow_cost":"NONE","seed_source_timestamp":14312557657200,"circlet_count":0,"master_deck":["Strike_B","Strike_B","Strike_B+1","Strike_B","Defend_B","Defend_B","Zap+1","Dualcast+1","Conserve Battery+1","Echo Form+1","Cold Snap","Core Surge","Coolheaded+1","Undo+1","Conserve Battery+1","Defragment+1"],"special_seed":0,"relics":["Cracked Core","NeowsBlessing","WingedGreaves","Toxic Egg 2","Bottled Lightning","Golden Idol","Sozu"],"potions_floor_usage":[24],"damage_taken":[{"damage":0.0,"enemies":"2 Louse","floor":1.0,"turns":1.0},{"damage":0.0,"enemies":"Small Slimes","floor":3.0,"turns":1.0},{"damage":0.0,"enemies":"Gremlin Nob","floor":8.0,"turns":1.0},{"damage":7.0,"enemies":"Jaw Worm","floor":13.0,"turns":2.0},{"damage":3.0,"enemies":"The Guardian","floor":16.0,"turns":12.0},{"damage":14.0,"enemies":"Shell Parasite","floor":18.0,"turns":5.0},{"damage":1.0,"enemies":"Chosen","floor":19.0,"turns":5.0},{"damage":17.0,"enemies":"3 Cultists","floor":20.0,"turns":8.0},{"damage":36,"enemies":"Gremlin Leader","floor":24,"turns":3}],"seed_played":"3385094222369551460","potions_obtained":[{"floor":8.0,"key":"AttackPotion"},{"floor":16.0,"key":"FearPotion"}],"is_trial":false,"path_per_floor":["M","?","M","?","$","R","T","E","T","?","R","?","M","?","R","B",null,"M","M","M","?","$","R","E"],"character_chosen":"DEFECT","items_purchased":["Conserve Battery","Conserve Battery+1","Defragment"],"campfire_rested":0,"item_purchase_floors":[5,22,22],"current_hp_per_floor":[68,73,73,62,62,62,62,62,62,46,46,46,39,39,39,36,65,51,50,33,33,33,33,0],"gold":97,"neow_bonus":"THREE_ENEMY_KILL","is_prod":false,"is_daily":false,"chose_seed":false,"campfire_upgraded":4,"win_rate":0,"timestamp":1568215073,"path_taken":["M","?","M","?","$","R","?","E","T","?","R","?","?","?","R","BOSS","M","M","M","?","$","R","E"],"build_version":"2019-09-10","purchased_purges":2,"victory":false,"max_hp_per_floor":[75,80,80,80,80,80,80,80,80,80,80,74,74,74,74,74,74,74,74,74,74,74,74,74],"card_choices":[{"not_picked":["Steam","Rebound","Beam Cell"],"picked":"SKIP","floor":1.0},{"not_picked":["Rebound","Barrage","Redo"],"picked":"SKIP","floor":3.0},{"not_picked":["Steam","Reinforced Body"],"picked":"Echo Form","floor":8.0},{"not_picked":["Tempest+1","Streamline"],"picked":"Cold Snap","floor":13.0},{"not_picked":["Seek+1","Machine Learning"],"picked":"Core Surge","floor":16.0},{"not_picked":["Gash","Chill+1"],"picked":"Coolheaded+1","floor":18.0},{"not_picked":["Reprogram+1","Gash+1","Turbo+1"],"picked":"SKIP","floor":19.0},{"not_picked":["Lockon","Genetic Algorithm+1"],"picked":"Undo+1","floor":20.0}],"player_experience":430995,"relics_obtained":[{"floor":7.0,"key":"WingedGreaves"},{"floor":8.0,"key":"Toxic Egg 2"},{"floor":9.0,"key":"Bottled Lightning"}],"event_choices":[{"damage_healed":0.0,"max_hp_gain":5.0,"max_hp_loss":0.0,"gold_gain":0.0,"event_name":"Big Fish","player_choice":"Donut","floor":2.0,"gold_loss":0.0,"damage_taken":0.0},{"damage_healed":0.0,"max_hp_gain":0.0,"max_hp_loss":0.0,"gold_gain":75.0,"event_name":"World of Goop","player_choice":"Gather Gold","floor":4.0,"gold_loss":0.0,"damage_taken":11.0},{"damage_healed":0.0,"max_hp_gain":0.0,"max_hp_loss":0.0,"gold_gain":0.0,"event_name":"Shining Light","player_choice":"Entered Light","floor":10.0,"gold_loss":0.0,"damage_taken":16.0,"cards_upgraded":["Strike_B","Echo Form"]},{"damage_healed":0.0,"max_hp_gain":0.0,"max_hp_loss":6.0,"gold_gain":0.0,"event_name":"Golden Idol","player_choice":"Lose Max HP","floor":12.0,"gold_loss":0.0,"damage_taken":0.0,"relics_obtained":["Golden Idol"]},{"damage_healed":0.0,"max_hp_gain":0.0,"max_hp_loss":0.0,"gold_gain":0.0,"event_name":"Liars Game","player_choice":"Ignored","floor":14.0,"gold_loss":0.0,"damage_taken":0.0},{"damage_healed":0.0,"max_hp_gain":0.0,"max_hp_loss":0.0,"gold_gain":0.0,"event_name":"Ghosts","player_choice":"Ignored","floor":21.0,"gold_loss":0.0,"damage_taken":0.0}],"is_beta":true,"boss_relics":[{"not_picked":["Ectoplasm","Coffee Dripper"],"picked":"Sozu"}],"items_purged_floors":[5,22],"is_endless":false,"potions_floor_spawned":[8,16,18,20],"killed_by":"Gremlin Leader","ascension_level":7}