{"path_per_floor":["M","M","?","$","?","R","M","?","T","$","M","M","M","M","R"],"character_chosen":"THE_SILENT","items_purchased":["Underhanded Strike"],"gold_per_floor":[113,132,132,57,7,7,22,47,47,20,34,53,63,81,81,81],"floor_reached":16,"campfire_rested":0,"playtime":1399,"current_hp_per_floor":[70,75,60,60,60,60,60,42,42,42,42,40,40,40,40,0],"items_purged":["Defend_G"],"gold":81,"score":94,"play_id":"f9d0b4c0-04b7-433e-8548-8f99b4ce24d6","local_time":"20180518180913","is_prod":false,"is_daily":false,"chose_seed":false,"is_ascension_mode":false,"campfire_upgraded":2,"timestamp":1526659753,"campfire_choices":[{"data":"Dodge and Roll","floor":6,"key":"SMITH"},{"data":"Leg Sweep","floor":15,"key":"SMITH"}],"path_taken":["M","M","?","$","?","R","M","?","T","$","M","M","M","M","R","BOSS"],"build_version":"2018-05-17","seed_source_timestamp":17962574136203,"purchased_purges":1,"victory":false,"master_deck":["Defend_G+1","Defend_G","Defend_G","Strike_G","Strike_G","Strike_G","Strike_G","Strike_G","Survivor","Neutralize+1","Dodge and Roll+1","Acrobatics","Dagger Spray","Underhanded Strike","Infinite Blades","Blade Dance","Leg Sweep+1","Tactician"],"max_hp_per_floor":[70,75,75,75,75,75,75,75,75,75,75,75,75,75,75,75],"relics":["Ring of the Snake","Odd Mushroom","Dodecahedron"],"card_choices":[{"not_picked":["Backstab","Bane","Flying Knee"],"picked":"SKIP","floor":1},{"not_picked":["PiercingWail","Poisoned Stab"],"picked":"Dodge and Roll","floor":2},{"not_picked":["Bane","Flying Knee"],"picked":"Acrobatics","floor":7},{"not_picked":["Deadly Poison","Finisher"],"picked":"Dagger Spray","floor":8},{"not_picked":["Bane","Backflip"],"picked":"Infinite Blades","floor":11},{"not_picked":["PiercingWail","Skewer"],"picked":"Blade Dance","floor":12},{"not_picked":["Bane","Backflip"],"picked":"Leg Sweep","floor":13},{"not_picked":["Escape Plan","Reflex"],"picked":"Tactician","floor":14}],"player_experience":73636,"potions_floor_usage":[2,16,16,16],"damage_taken":[{"damage":0,"enemies":"Small Slimes","floor":1,"turns":4},{"damage":0,"enemies":"Jaw Worm","floor":2,"turns":7},{"damage":0,"enemies":"Cultist","floor":7,"turns":4},{"damage":18,"enemies":"The Mushroom Lair","floor":8,"turns":8},{"damage":0,"enemies":"Looter","floor":11,"turns":3},{"damage":2,"enemies":"Exordium Wildlife","floor":12,"turns":8},{"damage":0,"enemies":"2 Fungi Beasts","floor":13,"turns":3},{"damage":0,"enemies":"Large Slime","floor":14,"turns":4},{"damage":42,"enemies":"The Guardian","floor":16,"turns":18}],"relics_obtained":[{"floor":8,"key":"Odd Mushroom"},{"floor":9,"key":"Dodecahedron"}],"event_choices":[{"event_name":"Shining Light","player_choice":"Entered Light","floor":3,"damage_taken":0},{"event_name":"The Cleric","player_choice":"Card Removal","floor":5,"damage_taken":0},{"event_name":"Mushrooms","player_choice":"Fought Mushrooms","floor":8,"damage_taken":0}],"boss_relics":[],"potions_floor_spawned":[1,8,11,12],"seed_played":"-5886920817520779851","killed_by":"The Guardian","ascension_level":0,"potions_obtained":[{"floor":8,"key":"Weak Potion"},{"floor":11,"key":"EssenceOfSteel"}],"is_trial":false}