{"gold_per_floor":[113,113,6,24,43,43,79,79,103,103,119,119,137,177,177,177],"floor_reached":16,"playtime":856,"items_purged":[],"score":155,"play_id":"acfccc07-cb4c-47a3-9e7a-917d3f128b4a","local_time":"20190910225243","is_ascension_mode":true,"campfire_choices":[{"data":"Devotion","floor":6,"key":"SMITH"},{"data":"Devotion","floor":10,"key":"SMITH"},{"data":"Evaluate","floor":12,"key":"SMITH"},{"data":"SpiritShield","floor":15,"key":"SMITH"}],"neow_cost":"NONE","seed_source_timestamp":554171560507299,"circlet_count":0,"master_deck":["Strike_P","Strike_P","Strike_P","Strike_P","Defend_P","Defend_P","Defend_P","Defend_P","Eruption","Vigilance","Worship","Devotion+1","EmptyFist","Devotion+1","ThirdEye","Evaluate+1","Evaluate+1","Vault","SpiritShield+1"],"relics":["PureWater","Golden Idol","Boot","Anchor","Bottled Lightning"],"potions_floor_usage":[7,13,14],"damage_taken":[{"damage":0,"enemies":"Small Slimes","floor":1,"turns":3},{"damage":0,"enemies":"Cultist","floor":4,"turns":3},{"damage":0,"enemies":"2 Louse","floor":5,"turns":2},{"damage":16,"enemies":"Gremlin Nob","floor":7,"turns":3},{"damage":0,"enemies":"Exordium Wildlife","floor":11,"turns":3},{"damage":20,"enemies":"Gremlin Gang","floor":13,"turns":8},{"damage":0,"enemies":"3 Sentries","floor":14,"turns":8},{"damage":34,"enemies":"Hexaghost","floor":16,"turns":14}],"seed_played":"7243316543356165245","potions_obtained":[{"floor":1,"key":"SkillPotion"},{"floor":4,"key":"SkillPotion"},{"floor":11,"key":"Regen Potion"},{"floor":14,"key":"Strength Potion"}],"is_trial":false,"path_per_floor":["M","?","$","M","M","R","E","?","T","R","M","R","M","E","R","B"],"character_chosen":"WATCHER","items_purchased":["Devotion","EmptyFist"],"campfire_rested":0,"item_purchase_floors":[3,3],"current_hp_per_floor":[71,54,54,54,54,54,38,38,38,38,38,38,18,33,33,0],"gold":177,"neow_bonus":"TEN_PERCENT_HP_BONUS","is_prod":false,"is_daily":false,"chose_seed":false,"campfire_upgraded":4,"win_rate":0,"timestamp":1568170363,"path_taken":["M","?","$","M","M","R","E","?","T","R","M","R","?","E","R","BOSS"],"build_version":"2019-09-10","purchased_purges":0,"victory":false,"max_hp_per_floor":[71,71,71,71,71,71,71,71,71,71,71,71,71,71,71,71],"card_choices":[{"not_picked":["EmptyMind","Vengeance"],"picked":"Worship","floor":1},{"not_picked":["MentalFortress","ClearTheMind"],"picked":"Devotion","floor":4},{"not_picked":["Weave","EmptyBody"],"picked":"ThirdEye","floor":5},{"not_picked":["Worship","ThirdEye"],"picked":"Evaluate","floor":7},{"not_picked":["EmptyBody","Devotion"],"picked":"Evaluate","floor":11},{"not_picked":["BowlingBash","Sanctity"],"picked":"Vault","floor":13},{"not_picked":["StepAndStrike","FollowUp"],"picked":"SpiritShield","floor":14}],"player_experience":1938390,"relics_obtained":[{"floor":7,"key":"Boot"},{"floor":9,"key":"Anchor"},{"floor":14,"key":"Bottled Lightning"}],"event_choices":[{"damage_healed":0,"gold_gain":0,"player_choice":"Take Damage","damage_taken":17,"relics_obtained":["Golden Idol"],"max_hp_gain":0,"max_hp_loss":0,"event_name":"Golden Idol","floor":2,"gold_loss":0},{"damage_healed":0,"gold_gain":0,"player_choice":"Upgraded","damage_taken":0,"max_hp_gain":0,"max_hp_loss":0,"event_name":"Upgrade Shrine","floor":8,"gold_loss":0,"cards_upgraded":["Evaluate"]}],"is_beta":true,"boss_relics":[],"items_purged_floors":[],"is_endless":false,"potions_floor_spawned":[1,4,11,14],"killed_by":"Hexaghost","ascension_level":3}