{"path_per_floor":["M","$","?","M","?","R","E","M","T","R","?","$","M","M","R","B",null,"M","$","M","M","M"],"character_chosen":"IRONCLAD","items_purchased":["Flex","Flex"],"gold_per_floor":[115,40,40,50,150,150,177,197,197,197,197,45,55,72,72,177,177,194,18,30,42,58,58],"floor_reached":23,"campfire_rested":0,"playtime":1639,"current_hp_per_floor":[80,80,80,80,80,80,78,80,80,80,85,85,75,59,59,47,85,82,82,84,72,8,0],"items_purged":["Strike_R","Strike_R","Strike_R"],"gold":58,"score":203,"play_id":"c150461b-677b-416a-b432-574e71f6f1c4","local_time":"20180515235148","is_prod":false,"is_daily":false,"chose_seed":false,"is_ascension_mode":true,"campfire_upgraded":3,"timestamp":1526421108,"path_taken":["M","$","?","M","?","R","E","M","T","R","?","$","M","M","R","BOSS","M","$","M","M","?","E"],"build_version":"2018-05-14v2","seed_source_timestamp":25374460575992,"purchased_purges":3,"victory":false,"master_deck":["Defend_R","Defend_R","Bash+1","Inflame+1","Flex+1","Pummel","Offering","Infernal Blade+1","Seeing Red+1","Warcry+1","Shrug It Off+1","Flex"],"max_hp_per_floor":[80,80,80,80,80,80,80,80,80,80,85,85,85,85,85,85,85,85,85,85,85,85,85],"relics":["Burning Blood","Happy Flower","Question Card","Potion Belt","Astrolabe"],"card_choices":[{"not_picked":["Uppercut","Evolve","Disarm"],"picked":"SKIP","floor":1},{"not_picked":["Warcry","True Grit"],"picked":"Inflame","floor":4},{"not_picked":["Headbutt","Feel No Pain","Sentinel"],"picked":"SKIP","floor":7},{"not_picked":["Headbutt","Feel No Pain","Sentinel"],"picked":"SKIP","floor":7},{"not_picked":["Bloodletting","Perfected Strike","Burning Pact","Cleave"],"picked":"SKIP","floor":8},{"not_picked":["Hemokinesis","Anger","Reckless Charge","Clothesline"],"picked":"SKIP","floor":13},{"not_picked":["Searing Blow","Anger","Iron Wave"],"picked":"Pummel","floor":14},{"not_picked":["Impervious","Exhume","Reaper"],"picked":"Offering","floor":16},{"not_picked":["Shockwave+1","Flex","Thunderclap+1"],"picked":"Shrug It Off+1","floor":18},{"not_picked":["Fire Breathing+1","Feel No Pain","Headbutt+1","Seeing Red+1"],"picked":"SKIP","floor":20},{"not_picked":["Evolve","Thunderclap+1","Seeing Red","Reckless Charge"],"picked":"SKIP","floor":21},{"not_picked":["Blood for Blood+1","True Grit","Wild Strike+1","Whirlwind"],"picked":"SKIP","floor":22}],"player_experience":62512,"potions_floor_usage":[7,22,22,23],"damage_taken":[{"damage":6,"enemies":"Cultist","floor":1,"turns":4},{"damage":0,"enemies":"Small Slimes","floor":4,"turns":3},{"damage":20,"enemies":"3 Sentries","floor":7,"turns":8},{"damage":1,"enemies":"2 Louse","floor":8,"turns":4},{"damage":16,"enemies":"Exordium Wildlife","floor":13,"turns":5},{"damage":22,"enemies":"Exordium Thugs","floor":14,"turns":7},{"damage":18,"enemies":"Slime Boss","floor":16,"turns":9},{"damage":9,"enemies":"2 Thieves","floor":18,"turns":2},{"damage":4,"enemies":"Shell Parasite","floor":20,"turns":2},{"damage":18,"enemies":"Centurion and Healer","floor":21,"turns":4},{"damage":70,"enemies":"Cultist and Chosen","floor":22,"turns":8},{"damage":10,"enemies":"Gremlin Leader","floor":23,"turns":1}],"relics_obtained":[{"floor":7,"key":"Question Card"},{"floor":9,"key":"Potion Belt"}],"event_choices":[{"event_name":"Living Wall","player_choice":"Forget","floor":3,"damage_taken":0},{"event_name":"Golden Shrine","player_choice":"Pray","floor":5,"damage_taken":0},{"event_name":"Big Fish","player_choice":"Donut","floor":11,"damage_taken":0}],"boss_relics":[{"not_picked":["Ectoplasm","Cursed Key"],"picked":"Astrolabe"}],"potions_floor_spawned":[1,4,13,21,22],"seed_played":"1691216652951480250","killed_by":"Gremlin Leader","ascension_level":1,"potions_obtained":[{"floor":1,"key":"Regen Potion"},{"floor":4,"key":"Ancient Potion"},{"floor":13,"key":"Explosive Potion"},{"floor":21,"key":"SkillPotion"},{"floor":22,"key":"LiquidBronze"}],"is_trial":false}