{"gold_per_floor":[118,130,130,140,160,160,177,177,177,190,223,239,258,258,258,359,359,370,385,38,56,56,56,56,70,70,94,106,31,31,41,41,41],"floor_reached":33,"playtime":1753,"items_purged":["Pain"],"score":278,"play_id":"c970c15c-eb61-48c5-9841-9967403a66fd","local_time":"20180711105256","is_ascension_mode":false,"campfire_choices":[{"data":"Redo","floor":6,"key":"SMITH"},{"data":"Chill","floor":8,"key":"SMITH"},{"data":"Redo","floor":15,"key":"SMITH"},{"data":"Conserve Battery","floor":23,"key":"SMITH"},{"data":"Chrysalis","floor":30,"key":"SMITH"},{"data":"Chaos","floor":32,"key":"SMITH"}],"neow_cost":"NONE","seed_source_timestamp":2449161790569052,"circlet_count":0,"master_deck":["Strike_B","Strike_B","Strike_B","Strike_B","Defend_B","Defend_B","Defend_B","Defend_B","Zap","Dualcast","Chill+1","Chaos+1","Conserve Battery+1","Redo+1","Cold Snap","Injury","Rebound","Scrape","Compile Driver","Redo+1","Multi-Cast","Lockon+1","Ball Lightning+1","Loop","White Noise","Chrysalis+1","Steam Power+1","Blizzard","Clumsy","Darkness","Self Repair+1"],"relics":["Cursed Key","Cables","Boot","Calipers","Coffee Dripper","Oddly Smooth Stone","Regal Pillow"],"potions_floor_usage":[11,11,16,33,33],"damage_taken":[{"damage":5,"enemies":"Small Slimes","floor":1,"turns":2},{"damage":6,"enemies":"Jaw Worm","floor":2,"turns":3},{"damage":0,"enemies":"2 Louse","floor":4,"turns":1},{"damage":6,"enemies":"Lots of Slimes","floor":5,"turns":6},{"damage":0,"enemies":"2 Fungi Beasts","floor":7,"turns":5},{"damage":1,"enemies":"Looter","floor":10,"turns":4},{"damage":0,"enemies":"Lagavulin","floor":11,"turns":5},{"damage":2,"enemies":"Exordium Wildlife","floor":12,"turns":5},{"damage":0,"enemies":"Large Slime","floor":13,"turns":5},{"damage":42,"enemies":"Hexaghost","floor":16,"turns":11},{"damage":0,"enemies":"3 Byrds","floor":18,"turns":5},{"damage":12,"enemies":"Spheric Guardian","floor":19,"turns":4},{"damage":11,"enemies":"Chosen and Byrds","floor":21,"turns":6},{"damage":0,"enemies":"Sentry and Sphere","floor":25,"turns":6},{"damage":22,"enemies":"Centurion and Healer","floor":28,"turns":8},{"damage":17,"enemies":"Snake Plant","floor":31,"turns":6},{"damage":76,"enemies":"Automaton","floor":33,"turns":12}],"seed_played":"8201690775907777247","potions_obtained":[{"floor":1,"key":"FocusPotion"},{"floor":2,"key":"FairyPotion"},{"floor":5,"key":"PowerPotion"},{"floor":13,"key":"Swift Potion"},{"floor":21,"key":"Dexterity Potion"},{"floor":28,"key":"Swift Potion"},{"floor":31,"key":"SkillPotion"}],"is_trial":false,"path_per_floor":["M","M","?","M","M","R","M","R","T","M","E","M","M","?","R","B",null,"M","M","$","M","?","R","?","M","T","T","M","$","R","M","R"],"character_chosen":"DEFECT","items_purchased":["Loop","White Noise","Chrysalis"],"campfire_rested":0,"item_purchase_floors":[20,20,20],"current_hp_per_floor":[70,64,69,69,63,63,63,63,63,62,62,60,60,48,48,6,80,80,68,68,57,57,57,57,57,57,57,35,35,35,18,18,0],"gold":41,"neow_bonus":"BOSS_RELIC","is_prod":false,"is_daily":false,"chose_seed":false,"campfire_upgraded":6,"win_rate":0,"timestamp":1531324376,"path_taken":["M","M","?","M","M","R","?","R","T","M","E","M","M","?","R","BOSS","M","M","$","M","?","R","?","M","T","?","M","$","R","M","R","BOSS"],"build_version":"2018-07-10","purchased_purges":1,"victory":false,"max_hp_per_floor":[75,75,80,80,80,80,80,80,80,80,80,80,80,80,80,80,80,80,80,80,80,80,80,80,80,80,80,80,80,80,80,80,80],"card_choices":[{"not_picked":["Beam Cell","Cold Snap"],"picked":"Chill","floor":1},{"not_picked":["Hello World","Force Field"],"picked":"Chaos","floor":2},{"not_picked":["Steam","Auto Shields"],"picked":"Conserve Battery","floor":4},{"not_picked":["Leap","Steam"],"picked":"Redo","floor":5},{"not_picked":["Consume","Force Field"],"picked":"Cold Snap","floor":7},{"not_picked":["Gash","Leap"],"picked":"Rebound","floor":10},{"not_picked":["Storm","Steam"],"picked":"Scrape","floor":11},{"not_picked":["Chill","Capacitor"],"picked":"Compile Driver","floor":12},{"not_picked":["Recycle","Thunder Strike"],"picked":"Redo","floor":13},{"not_picked":["All For One","Machine Learning"],"picked":"Multi-Cast","floor":16},{"not_picked":["Chaos","Conserve Battery"],"picked":"Lockon+1","floor":18},{"not_picked":["Steam","Cold Snap"],"picked":"Ball Lightning+1","floor":19},{"not_picked":["Compile Driver","Recycle"],"picked":"Steam Power+1","floor":21},{"not_picked":["Biased Cognition","Barrage"],"picked":"Blizzard","floor":25},{"not_picked":["Go for the Eyes","Rebound"],"picked":"Darkness","floor":28},{"not_picked":["Tempest+1","Storm"],"picked":"Self Repair+1","floor":31}],"player_experience":198394,"relics_obtained":[{"floor":9,"key":"Cables"},{"floor":11,"key":"Boot"},{"floor":26,"key":"Oddly Smooth Stone"},{"floor":27,"key":"Regal Pillow"}],"event_choices":[{"event_name":"Big Fish","player_choice":"Donut","floor":3,"damage_taken":0},{"event_name":"Scrap Ooze","player_choice":"success","floor":14,"damage_taken":12},{"event_name":"Drug Dealer","player_choice":"Ignored","floor":22,"damage_taken":0},{"event_name":"Ghosts","player_choice":"Ignored","floor":24,"damage_taken":0}],"boss_relics":[{"not_picked":["White Beast Statue","Black Star"],"picked":"Coffee Dripper"}],"items_purged_floors":[29],"is_endless":false,"potions_floor_spawned":[1,2,5,7,13,21,28,31],"killed_by":"Automaton","ascension_level":0}