{"path_per_floor":["M","?","M","?","?","R","M","?","T","R","?","$","R","$","R","B",null,"M","M","M","M","?","M","R","M","T","R","?","R","M","$","R"],"character_chosen":"DEFECT","items_purchased":["Singing Bowl","Scrape","Ball Lightning","Creative AI","Block Potion","Purity"],"gold_per_floor":[111,111,131,306,306,306,319,319,346,346,326,80,80,12,12,114,144,158,173,186,198,198,213,213,227,227,227,227,227,241,25,25,25],"floor_reached":33,"campfire_rested":1,"playtime":1141,"current_hp_per_floor":[75,68,68,68,68,68,68,68,68,68,68,68,68,68,68,48,84,80,55,55,17,45,38,78,78,78,78,62,62,62,62,62,0],"items_purged":["Strike_B"],"gold":25,"score":235,"play_id":"cea96a3b-9d0a-4d8e-9267-804d25ec9d75","local_time":"20180506061606","is_prod":false,"is_daily":false,"chose_seed":false,"is_ascension_mode":false,"campfire_upgraded":7,"timestamp":1525605366,"path_taken":["M","?","M","?","?","R","?","?","T","R","?","?","R","$","R","BOSS","M","M","M","M","?","M","R","?","T","R","?","R","M","$","R","BOSS"],"build_version":"2018-05-02","seed_source_timestamp":2200046428241298,"purchased_purges":3,"victory":false,"master_deck":["Strike_B","Strike_B","Defend_B","Defend_B+1","Defend_B","Defend_B","Zap+1","Dualcast","Go for the Eyes+1","Beam Cell+1","Scrape+1","Ball Lightning","Creative AI+1","Ball Lightning","Tempest+1","Go for the Eyes+1","Axe Kick+1","Ball Lightning+1","Beam Cell+1","Defragment+1","Purity"],"max_hp_per_floor":[75,75,75,75,75,75,75,75,75,75,75,75,75,75,75,77,84,84,84,84,84,84,84,84,84,84,84,89,89,89,89,89,89],"relics":["Cracked Core","NeowsBlessing","Toolbox","Regal Pillow","Singing Bowl","Tiny House","Anchor"],"card_choices":[{"not_picked":["Capacitor","Steam Power"],"picked":"Go for the Eyes","floor":3},{"not_picked":["Stack","Turbo"],"picked":"Beam Cell","floor":7},{"not_picked":["Heatsinks","Stack"],"picked":"Ball Lightning","floor":18},{"not_picked":["Buffer","Reprogram"],"picked":"Tempest","floor":19},{"not_picked":["Sweeping Beam","Aggregate"],"picked":"Go for the Eyes","floor":20},{"not_picked":["Conserve Battery","Hologram"],"picked":"Axe Kick","floor":21},{"not_picked":["Turbo","Leap"],"picked":"Ball Lightning","floor":23},{"not_picked":["Auto Shields","Rebound"],"picked":"Beam Cell","floor":25},{"not_picked":["Impulse","Hologram"],"picked":"Defragment","floor":30}],"player_experience":133251,"potions_floor_usage":[16,16,16,18,20,21,33,33],"damage_taken":[{"damage":0,"enemies":"Jaw Worm","floor":1,"turns":1},{"damage":0,"enemies":"Small Slimes","floor":3,"turns":1},{"damage":0,"enemies":"2 Louse","floor":7,"turns":1},{"damage":22,"enemies":"Hexaghost","floor":16,"turns":8},{"damage":4,"enemies":"Chosen","floor":18,"turns":4},{"damage":25,"enemies":"Shell Parasite","floor":19,"turns":3},{"damage":0,"enemies":"Chosen and Byrds","floor":20,"turns":4},{"damage":38,"enemies":"Slaver and Parasite","floor":21,"turns":5},{"damage":11,"enemies":"3 Cultists","floor":23,"turns":3},{"damage":0,"enemies":"Cultist and Chosen","floor":25,"turns":4},{"damage":0,"enemies":"Centurion and Healer","floor":30,"turns":3},{"damage":63,"enemies":"Automaton","floor":33,"turns":8}],"event_choices":[{"event_name":"Scrap Ooze","player_choice":"success","floor":2,"damage_taken":7},{"event_name":"Liars Game","player_choice":"agreed","floor":4,"damage_taken":0},{"event_name":"Purifier","player_choice":"One Purge","floor":5,"damage_taken":0},{"event_name":"Wheel of Change","player_choice":"Card Removal","floor":8,"damage_taken":0},{"event_name":"The Woman in Blue","player_choice":"Bought 1 Potion","floor":11,"damage_taken":0},{"event_name":"The Library","player_choice":"Heal","floor":22,"damage_taken":0},{"event_name":"Forgotten Altar","player_choice":"Shed Blood","floor":28,"damage_taken":0}],"boss_relics":[{"not_picked":["Philosopher\u0027s Stone","Lizard Tail"],"picked":"Tiny House"}],"potions_floor_spawned":[3,7,19,20,25],"seed_played":"3289844599164257556","killed_by":"Automaton","ascension_level":0,"is_trial":false}