{"gold_per_floor":[119,135,155,172,182,208,208,220,247,247,25,25,41,51,51,51],"floor_reached":16,"playtime":1251,"items_purged":["Strike_G"],"score":106,"play_id":"b94bb8ca-a795-4d75-b312-104dde21976e","local_time":"20190130164650","is_ascension_mode":false,"campfire_choices":[{"data":"Noxious Fumes","floor":7,"key":"SMITH"},{"data":"Terror","floor":10,"key":"SMITH"},{"data":"PiercingWail","floor":15,"key":"SMITH"}],"neow_cost":"NONE","seed_source_timestamp":197913156334159,"circlet_count":0,"master_deck":["Defend_G","Defend_G","Defend_G","Defend_G","Defend_G","Strike_G","Strike_G","Strike_G","Survivor","Neutralize","Panacea","Expertise","Terror+1","Deadly Poison","Bane","Infinite Blades","Noxious Fumes+1","Dagger Spray","Quick Slash","PiercingWail+1"],"relics":["Ring of the Snake","Omamori","Pen Nib","Anchor"],"potions_floor_usage":[4,6,16],"damage_taken":[{"damage":0,"enemies":"2 Louse","floor":1,"turns":4},{"damage":0,"enemies":"Cultist","floor":2,"turns":6},{"damage":0,"enemies":"Small Slimes","floor":3,"turns":4},{"damage":0,"enemies":"2 Fungi Beasts","floor":4,"turns":4},{"damage":12,"enemies":"3 Louse","floor":5,"turns":5},{"damage":18,"enemies":"Lagavulin","floor":6,"turns":6},{"damage":3,"enemies":"Large Slime","floor":8,"turns":5},{"damage":0,"enemies":"Looter","floor":13,"turns":4},{"damage":0,"enemies":"2 Fungi Beasts","floor":14,"turns":3},{"damage":46,"enemies":"The Guardian","floor":16,"turns":9}],"seed_played":"-2726135382366372253","potions_obtained":[{"floor":1,"key":"Energy Potion"},{"floor":2,"key":"Poison Potion"},{"floor":3,"key":"Poison Potion"},{"floor":14,"key":"Fruit Juice"}],"is_trial":false,"path_per_floor":["M","M","M","M","M","E","R","M","T","R","$","?","M","M","R","B"],"character_chosen":"THE_SILENT","items_purchased":["Anchor"],"campfire_rested":0,"item_purchase_floors":[11],"current_hp_per_floor":[70,70,70,70,58,40,40,37,37,37,37,37,37,37,37,0],"gold":51,"neow_bonus":"RANDOM_COLORLESS","is_prod":false,"is_daily":false,"chose_seed":false,"campfire_upgraded":3,"win_rate":0.0,"timestamp":1548834410,"path_taken":["M","M","M","M","M","E","R","M","T","R","$","?","M","M","R","BOSS"],"build_version":"2019-01-23","purchased_purges":1,"victory":false,"max_hp_per_floor":[70,70,70,70,70,70,70,70,70,70,70,70,70,70,70,75],"card_choices":[{"not_picked":["Reflex","Eviscerate"],"picked":"Expertise","floor":1},{"not_picked":["Outmaneuver","Quick Slash"],"picked":"Terror","floor":2},{"not_picked":["Dagger Spray","Leg Sweep"],"picked":"Deadly Poison","floor":3},{"not_picked":["Sucker Punch","Slice"],"picked":"Bane","floor":4},{"not_picked":["Footwork","Night Terror"],"picked":"Infinite Blades","floor":5},{"not_picked":["Sucker Punch","Deadly Poison"],"picked":"Noxious Fumes","floor":6},{"not_picked":["Blade Dance","Bouncing Flask"],"picked":"Dagger Spray","floor":8},{"not_picked":["Riddle With Holes","Dodge and Roll"],"picked":"Quick Slash","floor":13},{"not_picked":["Underhanded Strike","Tactician"],"picked":"PiercingWail","floor":14}],"player_experience":41468,"relics_obtained":[{"floor":6,"key":"Omamori"},{"floor":9,"key":"Pen Nib"}],"event_choices":[{"cards_removed":["Strike_G"],"damage_healed":0,"gold_gain":0,"player_choice":"Offered Basic","damage_taken":0,"max_hp_gain":0,"max_hp_loss":0,"event_name":"Bonfire Elementals","floor":12,"gold_loss":0}],"is_beta":false,"boss_relics":[],"items_purged_floors":[11],"is_endless":false,"potions_floor_spawned":[1,2,3,14],"killed_by":"The Guardian","ascension_level":0}