{"gold_per_floor":[116,116,116,116,116,116,145,159,159,159,50,64,80,105,105,202,202,221,320,320,170,170,170,197,52,52,52,52,82,99,117,117,213,213,230,246,261,45,45,45,55,65,65,94,94,109,126,23,23,23],"floor_reached":51,"playtime":2376,"items_purged":["Defend_B","Strike_B","Strike_B"],"score":723,"play_id":"bf3f7c03-a4ca-4dcf-a4a3-6b06244fc798","local_time":"20190911121248","is_ascension_mode":false,"campfire_choices":[{"data":"Coolheaded","floor":6.0,"key":"SMITH"},{"data":"Genetic Algorithm","floor":10.0,"key":"SMITH"},{"data":"Streamline","floor":15.0,"key":"SMITH"},{"data":"Conserve Battery","floor":23.0,"key":"SMITH"},{"data":"Zap","floor":32.0,"key":"SMITH"},{"data":"Go for the Eyes","floor":40.0,"key":"SMITH"},{"data":"Gash","floor":45,"key":"SMITH"},{"data":"Coolheaded","floor":49,"key":"SMITH"}],"neow_cost":"PERCENT_DAMAGE","seed_source_timestamp":57785396388300,"circlet_count":0,"master_deck":["Strike_B","Defend_B+1","Defend_B","Defend_B+1","Zap+1","Dualcast+1","Leap","Coolheaded+1","Genetic Algorithm+1","Go for the Eyes+1","Capacitor","Streamline+1","Gash+1","Core Surge","Conserve Battery+1","Zap+1","Core Surge","Gash+1","Gash+1","All For One","Redo+1","Madness+1","Glacier+1","Coolheaded+1","Defragment+1"],"special_seed":0,"relics":["Cracked Core","Bird Faced Urn","Blood Vial","Gremlin Horn","Toy Ornithopter","Potion Belt","SacredBark","Vajra","Darkstone Periapt","Cauldron","The Courier","Mummified Hand","Cursed Key","War Paint"],"potions_floor_usage":[44,50,50,50,50],"damage_taken":[{"damage":1.0,"enemies":"Jaw Worm","floor":1.0,"turns":4.0},{"damage":10.0,"enemies":"Lagavulin","floor":7.0,"turns":8.0},{"damage":0.0,"enemies":"2 Louse","floor":8.0,"turns":2.0},{"damage":1.0,"enemies":"Small Slimes","floor":12.0,"turns":4.0},{"damage":0.0,"enemies":"Red Slaver","floor":13.0,"turns":2.0},{"damage":10.0,"enemies":"Gremlin Nob","floor":14.0,"turns":4.0},{"damage":21.0,"enemies":"Hexaghost","floor":16.0,"turns":13.0},{"damage":20.0,"enemies":"2 Thieves","floor":18.0,"turns":4.0},{"damage":4.0,"enemies":"Gremlin Leader","floor":24.0,"turns":6.0},{"damage":51.0,"enemies":"Book of Stabbing","floor":29.0,"turns":7.0},{"damage":0.0,"enemies":"Chosen","floor":30.0,"turns":4.0},{"damage":21.0,"enemies":"Snake Plant","floor":31.0,"turns":5.0},{"damage":27.0,"enemies":"Collector","floor":33.0,"turns":12.0},{"damage":0.0,"enemies":"3 Shapes","floor":35.0,"turns":4.0},{"damage":15.0,"enemies":"Orb Walker","floor":36.0,"turns":3.0},{"damage":5.0,"enemies":"Maw","floor":37.0,"turns":5.0},{"damage":0.0,"enemies":"4 Shapes","floor":41.0,"turns":3.0},{"damage":16.0,"enemies":"3 Darklings","floor":42.0,"turns":5.0},{"damage":4,"enemies":"Reptomancer","floor":44,"turns":6},{"damage":0,"enemies":"Sphere and 2 Shapes","floor":46,"turns":5},{"damage":0,"enemies":"Spire Growth","floor":47,"turns":4},{"damage":28,"enemies":"Donu and Deca","floor":50,"turns":9}],"seed_played":"-3092227825279039327","potions_obtained":[{"floor":8.0,"key":"FearPotion"},{"floor":13.0,"key":"LiquidBronze"},{"floor":14.0,"key":"Weak Potion"},{"floor":25.0,"key":"FairyPotion"},{"floor":25.0,"key":"SkillPotion"},{"floor":25.0,"key":"SpeedPotion"},{"floor":25.0,"key":"SkillPotion"},{"floor":25.0,"key":"Explosive Potion"},{"floor":29.0,"key":"LiquidBronze"},{"floor":36.0,"key":"Fire Potion"},{"floor":37.0,"key":"Swift Potion"},{"floor":42.0,"key":"LiquidBronze"},{"floor":46,"key":"Poison Potion"}],"is_trial":false,"path_per_floor":["M","?","?","?","?","R","E","M","T","R","$","M","M","E","R","B",null,"M","?","?","$","?","R","E","$","T","?","?","E","M","M","R","B",null,"M","M","M","$","?","R","M","M","T","E","R","M","M","$","R","B",null],"character_chosen":"DEFECT","items_purchased":["Capacitor","Conserve Battery","Cauldron","SpeedPotion","Madness","Poison Potion","GamblersBrew"],"campfire_rested":0,"item_purchase_floors":[11,21,25,38,38,48,48],"current_hp_per_floor":[53,38,63,60,60,60,52,54,54,54,54,57,59,51,51,34,75,55,55,55,55,55,55,63,63,63,49,49,7,11,48,48,35,80,80,70,74,74,74,74,78,71,71,76,76,80,80,80,80,69],"gold":23,"neow_bonus":"ONE_RARE_RELIC","is_prod":false,"is_daily":false,"chose_seed":false,"campfire_upgraded":8,"win_rate":0,"timestamp":1568171568,"path_taken":["M","?","?","?","?","R","E","M","T","R","$","?","M","E","R","BOSS","M","?","?","$","?","R","E","$","T","?","?","E","M","?","R","BOSS","M","M","M","$","?","R","M","M","T","E","R","?","M","$","R","BOSS"],"build_version":"2019-09-10","purchased_purges":3,"victory":true,"max_hp_per_floor":[75,75,75,75,75,75,75,75,75,75,75,75,75,75,75,75,75,75,75,75,75,75,75,75,75,75,80,80,80,80,80,80,80,80,80,80,80,80,80,80,80,80,80,80,80,80,80,80,80,80],"card_choices":[{"not_picked":["White Noise","Turbo"],"picked":"Leap","floor":1.0},{"not_picked":["Beam Cell","Hello World"],"picked":"Genetic Algorithm","floor":7.0},{"not_picked":["Fusion","Static Discharge"],"picked":"Go for the Eyes","floor":8.0},{"not_picked":["Stack","Go for the Eyes"],"picked":"Streamline","floor":12.0},{"not_picked":["Barrage","Hologram"],"picked":"Gash","floor":13.0},{"not_picked":["Meteor Strike","Recycle","Hologram"],"picked":"SKIP","floor":14.0},{"not_picked":["Buffer","Echo Form"],"picked":"Core Surge","floor":16.0},{"not_picked":["Barrage","Compile Driver+1","Go for the Eyes"],"picked":"SKIP","floor":18.0},{"not_picked":["Sunder","Skim+1","Storm"],"picked":"SKIP","floor":24.0},{"not_picked":["Redo","Streamline+1"],"picked":"Gash+1","floor":29.0},{"not_picked":["Rip and Tear","Streamline"],"picked":"Gash+1","floor":30.0},{"not_picked":["Sweeping Beam","Ball Lightning","Beam Cell"],"picked":"SKIP","floor":31.0},{"not_picked":["Thunder Strike","Hyperbeam"],"picked":"All For One","floor":33.0},{"not_picked":["Go for the Eyes","Rebound"],"picked":"Redo+1","floor":35.0},{"not_picked":["Sweeping Beam+1","Blizzard","Consume+1"],"picked":"SKIP","floor":36.0},{"not_picked":["Doom and Gloom+1","Barrage+1","Capacitor"],"picked":"SKIP","floor":37.0},{"not_picked":["Cold Snap","Conserve Battery+1","Fusion+1"],"picked":"SKIP","floor":41.0},{"not_picked":["Steam","Leap+1"],"picked":"Glacier+1","floor":42.0},{"not_picked":["Rebound","Creative AI","Streamline+1"],"picked":"SKIP","floor":44},{"not_picked":["Beam Cell","Cold Snap"],"picked":"Coolheaded","floor":46},{"not_picked":["Self Repair","Redo"],"picked":"Defragment+1","floor":47}],"player_experience":417979,"relics_obtained":[{"floor":7.0,"key":"Gremlin Horn"},{"floor":9.0,"key":"Toy Ornithopter"},{"floor":14.0,"key":"Potion Belt"},{"floor":24.0,"key":"Darkstone Periapt"},{"floor":26.0,"key":"The Courier"},{"floor":29.0,"key":"Mummified Hand"},{"floor":44,"key":"War Paint"}],"event_choices":[{"damage_healed":0.0,"max_hp_gain":0.0,"max_hp_loss":0.0,"gold_gain":0.0,"event_name":"Shining Light","player_choice":"Entered Light","floor":2.0,"gold_loss":0.0,"damage_taken":15.0,"cards_upgraded":["Dualcast","Zap"]},{"damage_healed":25.0,"max_hp_gain":0.0,"max_hp_loss":0.0,"gold_gain":0.0,"event_name":"Big Fish","player_choice":"Banana","floor":3.0,"gold_loss":0.0,"damage_taken":0.0},{"damage_healed":0.0,"max_hp_gain":0.0,"max_hp_loss":0.0,"gold_gain":0.0,"event_name":"Scrap Ooze","player_choice":"Success","floor":4.0,"gold_loss":0.0,"damage_taken":3.0,"relics_obtained":["Blood Vial"]},{"damage_healed":0.0,"max_hp_gain":0.0,"max_hp_loss":0.0,"gold_gain":0.0,"cards_transformed":["Strike_B"],"event_name":"Transmorgrifier","player_choice":"Transformed","floor":5.0,"gold_loss":0.0,"damage_taken":0.0,"cards_obtained":["Coolheaded"]},{"damage_healed":0.0,"max_hp_gain":0.0,"max_hp_loss":0.0,"gold_gain":99.0,"event_name":"Nest","player_choice":"Stole From Cult","floor":19.0,"gold_loss":0.0,"damage_taken":0.0},{"damage_healed":0.0,"max_hp_gain":0.0,"max_hp_loss":0.0,"gold_gain":0.0,"event_name":"The Mausoleum","player_choice":"Opened","floor":20.0,"gold_loss":0.0,"damage_taken":0.0,"relics_obtained":["Vajra"]},{"damage_healed":0.0,"max_hp_gain":0.0,"max_hp_loss":0.0,"gold_gain":0.0,"event_name":"Vampires","player_choice":"Ignored","floor":22.0,"gold_loss":0.0,"damage_taken":0.0},{"damage_healed":0.0,"max_hp_gain":5.0,"max_hp_loss":0.0,"gold_gain":0.0,"event_name":"Forgotten Altar","player_choice":"Shed Blood","floor":27.0,"gold_loss":0.0,"damage_taken":19.0},{"damage_healed":0.0,"max_hp_gain":0.0,"max_hp_loss":0.0,"gold_gain":0.0,"event_name":"Match and Keep!","player_choice":"2 cards matched","floor":28.0,"gold_loss":0.0,"damage_taken":0.0,"cards_obtained":["Zap","Core Surge"]},{"damage_healed":0.0,"max_hp_gain":0.0,"max_hp_loss":0.0,"gold_gain":0.0,"event_name":"Upgrade Shrine","player_choice":"Upgraded","floor":39.0,"gold_loss":0.0,"damage_taken":0.0,"cards_upgraded":["Madness"]}],"is_beta":true,"boss_relics":[{"not_picked":["SlaversCollar","Busted Crown"],"picked":"SacredBark"},{"not_picked":["Pandora\u0027s Box","Inserter"],"picked":"Cursed Key"}],"items_purged_floors":[11,21,38],"is_endless":false,"potions_floor_spawned":[8,13,14,29,30,36,37,42,46],"ascension_level":0}