{"gold_per_floor":[219,76,92,106,106,139,139,139,162,172,172,172,201,211,211,315,315,331,246,246,77,97,97,128,128,128,128,128,128,147,2,2,103,103,123,133,133,133,146,172,172,172,172,47,63,63,0,0,0,0],"floor_reached":50,"playtime":1901,"items_purged":["Strike_B","Strike_B","Parasite"],"score":544,"play_id":"72177ba9-4707-4a88-bc3a-158955e2dcc4","local_time":"20190910165228","is_ascension_mode":false,"campfire_choices":[{"data":"Zap","floor":7.0,"key":"SMITH"},{"data":"Defragment","floor":11,"key":"SMITH"},{"data":"Conserve Battery","floor":15,"key":"SMITH"},{"data":"Loop","floor":23,"key":"SMITH"},{"data":"Seek","floor":29,"key":"SMITH"},{"data":"Glacier","floor":32,"key":"SMITH"},{"floor":49,"key":"REST"}],"neow_cost":"NONE","seed_source_timestamp":278666172782700,"circlet_count":0,"master_deck":["Strike_B+1","Strike_B+1","Defend_B+1","Defend_B+1","Defend_B+1","Defend_B+1","Zap+1","Dualcast+1","Defragment+1","Conserve Battery+1","Ball Lightning","Genetic Algorithm","Seek+1","Electrodynamics","Glacier+1","Loop+1","Force Field+1","Conserve Battery","Capacitor+1","Madness","Madness","Magnetism"],"special_seed":0,"relics":["Cracked Core","PreservedInsect","Boot","NlothsMask","Juzu Bracelet","SacredBark","Kunai","Mercury Hourglass","Vajra","Darkstone Periapt","ClockworkSouvenir","SlaversCollar","Incense Burner","White Beast Statue","Red Mask"],"potions_floor_usage":[18,24,33,40,50,50],"damage_taken":[{"damage":0.0,"enemies":"Small Slimes","floor":1.0,"turns":2.0},{"damage":2.0,"enemies":"2 Louse","floor":3.0,"turns":3.0},{"damage":0.0,"enemies":"Cultist","floor":4.0,"turns":3.0},{"damage":9.0,"enemies":"Lagavulin","floor":6.0,"turns":7.0},{"damage":7,"enemies":"3 Louse","floor":10,"turns":3},{"damage":9,"enemies":"Gremlin Nob","floor":13,"turns":3},{"damage":8,"enemies":"Gremlin Gang","floor":14,"turns":3},{"damage":6,"enemies":"Slime Boss","floor":16,"turns":7},{"damage":0,"enemies":"Chosen","floor":18,"turns":5},{"damage":0,"enemies":"Shell Parasite","floor":22,"turns":5},{"damage":6,"enemies":"Gremlin Leader","floor":24,"turns":3},{"damage":0,"enemies":"Cultist and Chosen","floor":30,"turns":3},{"damage":10,"enemies":"Collector","floor":33,"turns":7},{"damage":28,"enemies":"3 Darklings","floor":35,"turns":3},{"damage":0,"enemies":"3 Shapes","floor":36,"turns":3},{"damage":7,"enemies":"Writhing Mass","floor":39,"turns":7},{"damage":10,"enemies":"Nemesis","floor":40,"turns":6},{"damage":19,"enemies":"4 Shapes","floor":45,"turns":5},{"damage":55,"enemies":"Awakened One","floor":50,"turns":16}],"seed_played":"8649721724588248142","potions_obtained":[{"floor":1.0,"key":"Ancient Potion"},{"floor":3.0,"key":"GamblersBrew"},{"floor":10,"key":"DuplicationPotion"},{"floor":16,"key":"GamblersBrew"},{"floor":18,"key":"Poison Potion"},{"floor":30,"key":"Poison Potion"},{"floor":33,"key":"SpeedPotion"},{"floor":40,"key":"Fruit Juice"},{"floor":45,"key":"GamblersBrew"}],"is_trial":false,"path_per_floor":["M","$","M","M","?","E","R","?","T","M","R","?","E","M","R","B",null,"M","?","?","$","M","R","E","?","T","?","?","R","M","$","R","B",null,"M","M","?","?","M","E","?","?","T","$","M","?","?","?","R","B"],"character_chosen":"DEFECT","items_purchased":["Defragment","Loop","ClockworkSouvenir"],"campfire_rested":1,"item_purchase_floors":[2,21,31],"current_hp_per_floor":[75,75,73,73,78,69,69,69,69,62,62,62,53,45,45,39,80,80,80,80,80,80,80,74,59,59,59,59,59,59,59,59,49,85,57,57,57,46,45,45,45,45,45,45,26,26,26,26,55,0],"gold":0,"neow_bonus":"HUNDRED_GOLD","is_prod":false,"is_daily":false,"chose_seed":false,"campfire_upgraded":6,"win_rate":0,"timestamp":1568101948,"path_taken":["M","$","M","M","?","E","R","?","T","?","R","?","E","M","R","BOSS","M","?","?","$","M","R","E","?","T","?","?","R","M","$","R","BOSS","M","M","?","?","M","E","?","?","T","?","M","?","?","?","R","BOSS"],"build_version":"2019-09-09v2","purchased_purges":3,"victory":false,"max_hp_per_floor":[75,75,75,75,80,80,80,80,80,80,80,80,80,80,80,80,80,80,80,80,80,80,80,80,85,85,85,85,85,85,85,85,85,85,85,85,85,85,91,101,101,101,101,98,98,98,98,98,98,98],"card_choices":[{"not_picked":["Tempest","Coolheaded","Aggregate"],"picked":"SKIP","floor":1.0},{"not_picked":["Gash","Scrape"],"picked":"Conserve Battery","floor":3.0},{"not_picked":["BootSequence","Leap"],"picked":"Ball Lightning","floor":4.0},{"not_picked":["Thunder Strike","Stack"],"picked":"Genetic Algorithm","floor":6.0},{"not_picked":["Skim","Steam","Static Discharge"],"picked":"SKIP","floor":10},{"not_picked":["Coolheaded","Barrage"],"picked":"Melter","floor":13},{"not_picked":["Blizzard","Steam Power"],"picked":"Seek","floor":14},{"not_picked":["Echo Form","Biased Cognition"],"picked":"Electrodynamics","floor":16},{"not_picked":["Conserve Battery+1","Redo"],"picked":"Glacier","floor":18},{"not_picked":["Scrape","Beam Cell","Sunder"],"picked":"SKIP","floor":22},{"not_picked":["Rebound","Sweeping Beam","Steam"],"picked":"SKIP","floor":24},{"not_picked":["Stack","Streamline"],"picked":"Force Field+1","floor":30},{"not_picked":["Redo","Ball Lightning"],"picked":"Conserve Battery","floor":35},{"not_picked":["Hologram+1","Gash"],"picked":"Capacitor+1","floor":36},{"not_picked":["Swift Strike","Flash of Steel"],"picked":"Good Instincts","floor":37},{"not_picked":["FTL+1","Storm","Scrape+1"],"picked":"SKIP","floor":39},{"not_picked":["Sunder+1","Redo+1","Skim+1"],"picked":"SKIP","floor":40},{"not_picked":["Ball Lightning","Recycle","Go for the Eyes+1"],"picked":"SKIP","floor":45}],"player_experience":408310,"relics_obtained":[{"floor":6.0,"key":"PreservedInsect"},{"floor":9.0,"key":"Boot"},{"floor":13,"key":"Juzu Bracelet"},{"floor":24,"key":"Vajra"},{"floor":40,"key":"Incense Burner"},{"floor":43,"key":"White Beast Statue"}],"event_choices":[{"damage_healed":0.0,"max_hp_gain":5.0,"max_hp_loss":0.0,"gold_gain":0.0,"event_name":"Big Fish","player_choice":"Donut","floor":5.0,"gold_loss":0.0,"damage_taken":0.0},{"damage_healed":0.0,"max_hp_gain":0.0,"max_hp_loss":0.0,"gold_gain":0.0,"event_name":"Upgrade Shrine","player_choice":"Upgraded","floor":8.0,"gold_loss":0.0,"damage_taken":0.0,"cards_upgraded":["Dualcast"]},{"damage_healed":0,"gold_gain":0,"player_choice":"Trade","damage_taken":0,"relics_obtained":["NlothsMask"],"max_hp_gain":0,"max_hp_loss":0,"event_name":"FaceTrader","floor":12,"gold_loss":0},{"damage_healed":0,"gold_gain":0,"player_choice":"Obtained Relic","damage_taken":0,"relics_obtained":["Kunai"],"max_hp_gain":0,"max_hp_loss":0,"event_name":"Addict","floor":19,"gold_loss":85},{"damage_healed":0,"gold_gain":0,"player_choice":"Gave Potion","damage_taken":0,"relics_obtained":["Mercury Hourglass"],"max_hp_gain":0,"max_hp_loss":0,"event_name":"WeMeetAgain","floor":20,"gold_loss":0},{"damage_healed":0,"gold_gain":0,"player_choice":"Shed Blood","damage_taken":20,"max_hp_gain":5,"max_hp_loss":0,"event_name":"Forgotten Altar","floor":25,"gold_loss":0},{"damage_healed":0,"gold_gain":0,"player_choice":"Simplicity","damage_taken":0,"max_hp_gain":0,"max_hp_loss":0,"event_name":"Back to Basics","floor":27,"gold_loss":0,"cards_upgraded":["Strike_B","Strike_B","Defend_B","Defend_B","Defend_B","Defend_B"]},{"damage_healed":0,"gold_gain":0,"player_choice":"Opened","damage_taken":0,"relics_obtained":["Darkstone Periapt"],"max_hp_gain":0,"max_hp_loss":0,"event_name":"The Mausoleum","floor":28,"gold_loss":0},{"damage_healed":0,"gold_gain":0,"player_choice":"Memory 1","damage_taken":0,"max_hp_gain":0,"max_hp_loss":0,"event_name":"SensoryStone","floor":37,"gold_loss":0},{"damage_healed":0,"gold_gain":0,"player_choice":"Embrace Madness","damage_taken":11,"max_hp_gain":0,"max_hp_loss":0,"event_name":"Winding Halls","floor":38,"gold_loss":0,"cards_obtained":["Madness","Madness"]},{"damage_healed":0,"gold_gain":0,"player_choice":"Ignored","damage_taken":0,"max_hp_gain":0,"max_hp_loss":0,"event_name":"Mysterious Sphere","floor":41,"gold_loss":0},{"cards_removed":["Melter"],"damage_healed":0,"gold_gain":0,"player_choice":"Removed Attack","damage_taken":0,"max_hp_gain":0,"max_hp_loss":0,"event_name":"Falling","floor":42,"gold_loss":0},{"damage_healed":0,"gold_gain":0,"player_choice":"Ignored","damage_taken":0,"max_hp_gain":0,"max_hp_loss":0,"event_name":"NoteForYourself","floor":46,"gold_loss":0},{"damage_healed":0,"gold_gain":0,"player_choice":"Paid","damage_taken":0,"relics_obtained":["Red Mask"],"max_hp_gain":0,"max_hp_loss":0,"event_name":"Tomb of Lord Red Mask","floor":47,"gold_loss":63},{"damage_healed":0,"gold_gain":0,"cards_transformed":["Good Instincts"],"player_choice":"Transformed","damage_taken":0,"max_hp_gain":0,"max_hp_loss":0,"event_name":"Transmorgrifier","floor":48,"gold_loss":0,"cards_obtained":["Magnetism"]}],"is_beta":true,"boss_relics":[{"not_picked":["Fusion Hammer","Runic Dome"],"picked":"SacredBark"},{"not_picked":["Empty Cage","Coffee Dripper"],"picked":"SlaversCollar"}],"items_purged_floors":[2,21,44],"is_endless":false,"potions_floor_spawned":[1,3,10,16,18,30,33,40,45],"killed_by":"Awakened One","ascension_level":0}