{"gold_per_floor":[15,87,87,98,23,58,58,75,127,137,156,256,256,267,267,368,368,388,82,82,97,48,48,59,59,86,86,99,128,69,86,86,188,188,207,225,19,0,0,0,0,17,17,36,48,62,62,90,90,90,90,90,1,34,46],"floor_reached":55,"playtime":2212,"items_purged":["Pain"],"score":851,"play_id":"a2b8cbc7-ba02-4221-bccb-ea67e20b1b85","local_time":"20181127165035","is_ascension_mode":false,"campfire_choices":[{"data":"Phantasmal Killer","floor":7,"key":"SMITH"},{"data":"Backstab","floor":13,"key":"SMITH"},{"data":"Adrenaline","floor":15,"key":"SMITH"},{"floor":23,"key":"RECALL"},{"data":"Backflip","floor":25,"key":"SMITH"},{"data":"Malaise","floor":32,"key":"SMITH"},{"data":"Infinite Blades","floor":40,"key":"SMITH"},{"data":"Finisher","floor":47,"key":"SMITH"},{"data":"Neutralize","floor":49,"key":"SMITH"},{"data":"After Image","floor":52,"key":"SMITH"}],"neow_cost":"NO_GOLD","seed_source_timestamp":1011380028838185,"circlet_count":0,"master_deck":["Defend_G","Defend_G","Defend_G","Defend_G","Defend_G","Strike_G+1","Strike_G","Strike_G+1","Strike_G","Strike_G","Survivor","Neutralize+1","Phantasmal Killer+1","Backstab+1","Backflip+1","Finisher+1","Acrobatics","Adrenaline+1","Quick Slash","Quick Slash","Malaise+1","Quick Slash+1","Dagger Spray+1","Quick Slash","After Image+1","Cloak And Dagger+1","Infinite Blades+1","Infinite Blades","Sucker Punch+1","Noxious Fumes","PiercingWail","Footwork+1"],"relics":["Ring of the Serpent","Dodecahedron","WarpedTongs","Whetstone","Philosopher\u0027s Stone","FossilizedHelix","Snake Skull","Orichalcum","Darkstone Periapt","Lantern","Red Mask","CultistMask","Paper Crane","Bronze Scales","MawBank"],"potions_floor_usage":[20,24,29,29,33,33,44,44,50,50,50],"damage_taken":[{"damage":6,"enemies":"Cultist","floor":1,"turns":4},{"damage":1,"enemies":"Small Slimes","floor":4,"turns":3},{"damage":28,"enemies":"Lagavulin","floor":6,"turns":10},{"damage":0,"enemies":"Jaw Worm","floor":8,"turns":1},{"damage":4,"enemies":"Gremlin Gang","floor":10,"turns":3},{"damage":0,"enemies":"Large Slime","floor":11,"turns":4},{"damage":0,"enemies":"Exordium Wildlife","floor":14,"turns":3},{"damage":0,"enemies":"Slime Boss","floor":16,"turns":5},{"damage":0,"enemies":"Spheric Guardian","floor":18,"turns":3},{"damage":0,"enemies":"3 Byrds","floor":20,"turns":1},{"damage":0,"enemies":"3 Cultists","floor":21,"turns":5},{"damage":0,"enemies":"Sentry and Sphere","floor":24,"turns":3},{"damage":0,"enemies":"Snake Plant","floor":28,"turns":3},{"damage":0,"enemies":"Gremlin Leader","floor":29,"turns":1},{"damage":0,"enemies":"Chosen and Byrds","floor":31,"turns":3},{"damage":17,"enemies":"Collector","floor":33,"turns":11},{"damage":0,"enemies":"Orb Walker","floor":35,"turns":3},{"damage":0,"enemies":"3 Shapes","floor":36,"turns":4},{"damage":0,"enemies":"3 Darklings","floor":42,"turns":5},{"damage":0,"enemies":"Spire Growth","floor":44,"turns":4},{"damage":0,"enemies":"Transient","floor":45,"turns":5},{"damage":0,"enemies":"4 Shapes","floor":46,"turns":3},{"damage":0,"enemies":"Nemesis","floor":48,"turns":5},{"damage":70,"enemies":"Time Eater","floor":50,"turns":14},{"damage":0,"enemies":"Shield and Spear","floor":54,"turns":7},{"damage":66,"enemies":"The Heart","floor":55,"turns":6}],"seed_played":"-6754849109767770684","potions_obtained":[{"floor":1,"key":"SmokeBomb"},{"floor":6,"key":"SteroidPotion"},{"floor":8,"key":"Dexterity Potion"},{"floor":24,"key":"AttackPotion"},{"floor":31,"key":"Swift Potion"},{"floor":33,"key":"SpeedPotion"},{"floor":36,"key":"Weak Potion"},{"floor":42,"key":"PowerPotion"},{"floor":46,"key":"AttackPotion"},{"floor":48,"key":"Regen Potion"}],"is_trial":false,"path_per_floor":["M","T","?","M","$","E","R","M","T","M","M","?","R","M","R","B",null,"M","$","M","M","$","R","M","R","T","$","M","E","?","M","R","B",null,"M","M","$","?","?","R","?","M","T","M","M","M","R","E","R","B",null,"R","$","E","B"],"character_chosen":"THE_SILENT","items_purchased":["FossilizedHelix","AttackPotion","Lantern","SkillPotion","Noxious Fumes","PiercingWail"],"campfire_rested":0,"item_purchase_floors":[19,22,37,37,53,53],"current_hp_per_floor":[64,64,64,63,63,35,35,35,35,31,31,31,31,31,31,31,70,70,70,70,70,70,70,70,70,70,70,70,70,70,70,70,53,70,70,70,70,70,66,66,66,66,66,66,66,66,66,66,66,11,66,66,66,66,0],"gold":46,"neow_bonus":"THREE_RARE_CARDS","is_prod":false,"is_daily":false,"chose_seed":false,"campfire_upgraded":9,"win_rate":0,"timestamp":1543359035,"path_taken":["M","?","?","?","$","E","R","M","T","M","M","?","R","M","R","BOSS","M","$","M","M","$","R","M","R","T","$","?","E","?","M","R","BOSS","M","?","$","?","?","R","?","M","T","?","M","?","R","E","R","BOSS","R","$","E","BOSS"],"build_version":"2018-11-15","purchased_purges":1,"victory":false,"max_hp_per_floor":[70,70,70,70,70,70,70,70,70,70,70,70,70,70,70,70,70,70,70,70,70,70,70,70,70,70,70,70,70,70,70,70,70,70,70,70,70,70,66,66,66,66,66,66,66,66,66,66,66,66,66,66,66,66,66],"card_choices":[{"not_picked":["Burst","Malaise"],"picked":"Phantasmal Killer","floor":0},{"not_picked":["Tactician","Dagger Spray"],"picked":"Backstab","floor":1},{"not_picked":["Crippling Poison","Prepared"],"picked":"Backflip","floor":4},{"not_picked":["Dagger Throw","Prepared"],"picked":"Finisher","floor":6},{"not_picked":["Dagger Throw","Deadly Poison"],"picked":"Acrobatics","floor":8},{"not_picked":["Prepared","Quick Slash"],"picked":"Adrenaline","floor":10},{"not_picked":["PiercingWail","Leg Sweep"],"picked":"Quick Slash","floor":11},{"not_picked":["Eviscerate","Dagger Throw"],"picked":"Quick Slash","floor":14},{"not_picked":["Tools of the Trade","Storm of Steel"],"picked":"Malaise","floor":16},{"not_picked":["Acrobatics","Footwork"],"picked":"Quick Slash+1","floor":18},{"not_picked":["Outmaneuver","Tactician","Poisoned Stab"],"picked":"SKIP","floor":21},{"not_picked":["Skewer","Setup","Sucker Punch"],"picked":"SKIP","floor":24},{"not_picked":["Sucker Punch","Acrobatics+1"],"picked":"Dagger Spray+1","floor":28},{"not_picked":["Concentrate+1","Calculated Gamble"],"picked":"Quick Slash","floor":29},{"not_picked":["Deadly Poison","Calculated Gamble","Prepared"],"picked":"SKIP","floor":31},{"not_picked":["Malaise","Phantasmal Killer"],"picked":"After Image","floor":33},{"not_picked":["Outmaneuver+1","Finisher"],"picked":"Cloak And Dagger+1","floor":35},{"not_picked":["Predator+1","Underhanded Strike"],"picked":"Infinite Blades","floor":36},{"not_picked":["Slice","Eviscerate","Poisoned Stab+1"],"picked":"SKIP","floor":42},{"not_picked":["Concentrate+1","Deadly Poison","Tactician+1"],"picked":"SKIP","floor":44},{"not_picked":["Leg Sweep","Backflip"],"picked":"Infinite Blades","floor":45},{"not_picked":["Underhanded Strike+1","Flying Knee+1"],"picked":"Sucker Punch+1","floor":46},{"not_picked":["Setup+1","Sucker Punch+1","Bane+1"],"picked":"SKIP","floor":48},{"not_picked":["Adrenaline","Concentrate"],"picked":"Footwork+1","floor":54}],"player_experience":252962,"relics_obtained":[{"floor":2,"key":"Dodecahedron"},{"floor":6,"key":"Whetstone"},{"floor":26,"key":"Snake Skull"},{"floor":29,"key":"Orichalcum"},{"floor":43,"key":"Paper Crane"},{"floor":48,"key":"Bronze Scales"},{"floor":54,"key":"MawBank"}],"event_choices":[{"damage_healed":0,"gold_gain":0,"player_choice":"Rummage","damage_taken":0,"relics_obtained":["WarpedTongs"],"max_hp_gain":0,"max_hp_loss":0,"event_name":"Accursed Blacksmith","floor":3,"gold_loss":0,"cards_obtained":["Pain"]},{"damage_healed":0,"gold_gain":100,"player_choice":"Pray","damage_taken":0,"max_hp_gain":0,"max_hp_loss":0,"event_name":"Golden Shrine","floor":12,"gold_loss":0},{"damage_healed":0,"gold_gain":0,"player_choice":"Paid Gold","damage_taken":0,"relics_obtained":["Darkstone Periapt"],"max_hp_gain":0,"max_hp_loss":0,"event_name":"WeMeetAgain","floor":30,"gold_loss":59},{"damage_healed":0,"gold_gain":0,"player_choice":"Paid","damage_taken":0,"relics_obtained":["Red Mask"],"max_hp_gain":0,"max_hp_loss":0,"event_name":"Tomb of Lord Red Mask","floor":38,"gold_loss":19},{"damage_healed":0,"gold_gain":0,"player_choice":"Max HP","damage_taken":0,"max_hp_gain":0,"max_hp_loss":4,"event_name":"Winding Halls","floor":39,"gold_loss":0},{"damage_healed":0,"gold_gain":0,"player_choice":"Trade","damage_taken":0,"relics_obtained":["CultistMask"],"max_hp_gain":0,"max_hp_loss":0,"event_name":"FaceTrader","floor":41,"gold_loss":0}],"is_beta":true,"boss_relics":[{"not_picked":["White Beast Statue","Snecko Eye"],"picked":"Philosopher\u0027s Stone"},{"not_picked":["Sozu","WristBlade"],"picked":"Ring of the Serpent"}],"items_purged_floors":[5],"is_endless":false,"potions_floor_spawned":[1,6,8,14,24,28,31,33,36,42,46,48],"killed_by":"The Heart","ascension_level":0}