{"gold_per_floor":[117,128,138,154,166,166,180,180,206,0,29,29,41,41,41,141,141,158,83,96,96,116,141,151,151,151,151,179,179,191,116,116,212,212,225,54,65,65,65,65,65,77,104,104,121,121,121,121,121,121],"floor_reached":51,"playtime":2434,"items_purged":["Strike_B","Hologram"],"score":803,"play_id":"1ac4c2c5-971d-4026-9f28-f0a3fefcc617","local_time":"20190206180921","is_ascension_mode":true,"campfire_choices":[{"data":"Zap","floor":6,"key":"SMITH"},{"data":"Dualcast","floor":8,"key":"SMITH"},{"data":"Sunder","floor":12,"key":"SMITH"},{"data":"Recycle","floor":15,"key":"SMITH"},{"data":"Loop","floor":25,"key":"SMITH"},{"floor":32,"key":"REST"},{"data":"White Noise","floor":40,"key":"SMITH"},{"floor":44,"key":"REST"},{"data":"Defragment","floor":47,"key":"SMITH"},{"data":"Go for the Eyes","floor":49,"key":"SMITH"}],"neow_cost":"NONE","seed_source_timestamp":806493247418889,"circlet_count":0,"master_deck":["Defend_B","Defend_B","Zap+1","Dualcast+1","Conserve Battery","Coolheaded","Sunder+1","Steam","Go for the Eyes+1","Steam","Recycle+1","Echo Form","Conserve Battery+1","Darkness","Ball Lightning+1","Gash","Loop+1","Bite+1","Bite","Bite+1","Bite","Bite","Turbo+1","Defragment+1","Creative AI+1","White Noise+1","Heatsinks+1","Hyperbeam"],"relics":["Cracked Core","Vajra","OrangePellets","Juzu Bracelet","Philosopher\u0027s Stone","Strawberry","Pantograph","Blood Vial","FaceOfCleric","Sozu","Whetstone"],"potions_floor_usage":[3,7,11,16,22,23,23,24,28,30,50],"damage_taken":[{"damage":0,"enemies":"2 Louse","floor":1,"turns":1},{"damage":8,"enemies":"Small Slimes","floor":2,"turns":3},{"damage":5,"enemies":"Jaw Worm","floor":3,"turns":4},{"damage":10,"enemies":"Looter","floor":4,"turns":4},{"damage":8,"enemies":"Exordium Thugs","floor":5,"turns":7},{"damage":0,"enemies":"Large Slime","floor":7,"turns":5},{"damage":16,"enemies":"Lagavulin","floor":11,"turns":7},{"damage":0,"enemies":"Red Slaver","floor":13,"turns":2},{"damage":17,"enemies":"The Guardian","floor":16,"turns":12},{"damage":0,"enemies":"Spheric Guardian","floor":18,"turns":2},{"damage":8,"enemies":"Shell Parasite","floor":20,"turns":7},{"damage":15,"enemies":"Centurion and Healer","floor":22,"turns":6},{"damage":30,"enemies":"Book of Stabbing","floor":23,"turns":5},{"damage":23,"enemies":"3 Cultists","floor":24,"turns":5},{"damage":27,"enemies":"Slavers","floor":28,"turns":6},{"damage":16,"enemies":"Chosen and Byrds","floor":30,"turns":4},{"damage":55,"enemies":"Champ","floor":33,"turns":11},{"damage":0,"enemies":"3 Shapes","floor":35,"turns":4},{"damage":24,"enemies":"Orb Walker","floor":37,"turns":4},{"damage":25,"enemies":"4 Shapes","floor":42,"turns":4},{"damage":28,"enemies":"Maw","floor":45,"turns":7},{"damage":45,"enemies":"Donu and Deca","floor":50,"turns":10}],"seed_played":"4346562345767425950","potions_obtained":[{"floor":0,"key":"Regen Potion"},{"floor":0,"key":"FairyPotion"},{"floor":0,"key":"EssenceOfSteel"},{"floor":1,"key":"AttackPotion"},{"floor":2,"key":"PowerPotion"},{"floor":4,"key":"FocusPotion"},{"floor":13,"key":"Regen Potion"},{"floor":16,"key":"EntropicBrew"},{"floor":18,"key":"GamblersBrew"},{"floor":20,"key":"Fire Potion"},{"floor":28,"key":"SteroidPotion"},{"floor":33,"key":"Dexterity Potion"}],"is_trial":false,"path_per_floor":["M","M","M","M","M","R","M","R","T","$","E","R","M","?","R","B",null,"M","$","M","?","M","E","M","R","T","?","E","?","M","?","R","B",null,"M","$","M","?","?","R","?","M","T","R","M","?","R","$","R","B",null],"character_chosen":"DEFECT","items_purchased":["OrangePellets","Heatsinks"],"campfire_rested":2,"item_purchase_floors":[10,36],"current_hp_per_floor":[75,67,74,64,56,56,56,56,56,56,40,40,40,45,45,28,80,80,80,72,72,72,49,26,26,26,26,11,11,4,4,22,13,62,63,63,44,44,44,44,44,28,28,47,49,49,49,49,49,43],"gold":121,"neow_bonus":"THREE_SMALL_POTIONS","is_prod":false,"is_daily":false,"chose_seed":false,"campfire_upgraded":8,"win_rate":0,"timestamp":1549444161,"path_taken":["M","M","M","M","M","R","M","R","T","$","E","R","M","?","R","BOSS","M","$","M","?","M","E","M","R","T","?","E","?","M","?","R","BOSS","M","$","M","?","?","R","?","M","T","R","M","?","R","?","R","BOSS"],"build_version":"2019-01-23","purchased_purges":2,"victory":true,"max_hp_per_floor":[75,75,75,75,75,75,75,75,75,75,75,75,75,80,80,80,80,80,80,80,80,80,87,87,87,87,60,60,60,61,61,61,62,62,63,63,64,64,64,64,64,65,65,65,66,66,66,66,66,67],"card_choices":[{"not_picked":["Redo","Turbo"],"picked":"Conserve Battery","floor":1},{"not_picked":["Doom and Gloom","Rebound"],"picked":"Coolheaded","floor":2},{"not_picked":["Conserve Battery","Cold Snap"],"picked":"Sunder","floor":3},{"not_picked":["Sweeping Beam","Compile Driver"],"picked":"Steam","floor":4},{"not_picked":["Turbo","Reinforced Body"],"picked":"Hologram","floor":5},{"not_picked":["Cold Snap","Gash"],"picked":"Go for the Eyes","floor":7},{"not_picked":["Undo","Genetic Algorithm"],"picked":"Steam","floor":11},{"not_picked":["Skim","Sunder"],"picked":"Recycle","floor":13},{"not_picked":["Meteor Strike","Electrodynamics"],"picked":"Echo Form","floor":16},{"not_picked":["Ball Lightning","Aggregate"],"picked":"Conserve Battery+1","floor":18},{"not_picked":["Turbo+1","Cold Snap"],"picked":"Darkness","floor":20},{"not_picked":["Coolheaded","Genetic Algorithm"],"picked":"Ball Lightning+1","floor":22},{"not_picked":["Blizzard","Echo Form"],"picked":"Gash","floor":23},{"not_picked":["Sweeping Beam","Cold Snap"],"picked":"Loop","floor":24},{"not_picked":["Static Discharge","Compile Driver+1"],"picked":"Turbo+1","floor":28},{"not_picked":["Ball Lightning","Steam"],"picked":"Defragment","floor":30},{"not_picked":["Hyperbeam","Amplify"],"picked":"Creative AI","floor":33},{"not_picked":["Go for the Eyes","Static Discharge+1"],"picked":"White Noise","floor":35},{"not_picked":["Streamline","Scrape+1","Coolheaded"],"picked":"SKIP","floor":37},{"not_picked":["Barrage","White Noise","Multi-Cast"],"picked":"SKIP","floor":42},{"not_picked":["Steam Power","Go for the Eyes+1","Sweeping Beam"],"picked":"SKIP","floor":45}],"player_experience":176603,"relics_obtained":[{"floor":9,"key":"Vajra"},{"floor":11,"key":"Juzu Bracelet"},{"floor":23,"key":"Strawberry"},{"floor":26,"key":"Pantograph"},{"floor":28,"key":"Blood Vial"},{"floor":43,"key":"Whetstone"}],"event_choices":[{"damage_healed":0,"gold_gain":0,"player_choice":"Donut","damage_taken":0,"max_hp_gain":5,"max_hp_loss":0,"event_name":"Big Fish","floor":14,"gold_loss":0},{"damage_healed":0,"gold_gain":0,"cards_transformed":["Defend_B","Strike_B"],"player_choice":"Became Test Subject","damage_taken":0,"max_hp_gain":0,"max_hp_loss":0,"event_name":"Drug Dealer","floor":21,"gold_loss":0,"cards_obtained":["Gash","Melter"]},{"damage_healed":0,"gold_gain":0,"player_choice":"Became a vampire","damage_taken":0,"max_hp_gain":0,"max_hp_loss":27,"event_name":"Vampires","floor":27,"gold_loss":0,"cards_obtained":["Bite","Bite","Bite","Bite","Bite"]},{"damage_healed":0,"gold_gain":0,"player_choice":"Trade","damage_taken":0,"relics_obtained":["FaceOfCleric"],"max_hp_gain":0,"max_hp_loss":0,"event_name":"FaceTrader","floor":29,"gold_loss":0},{"cards_removed":["Defend_B"],"damage_healed":0,"gold_gain":0,"player_choice":"Gave Gold","damage_taken":0,"max_hp_gain":0,"max_hp_loss":0,"event_name":"Beggar","floor":31,"gold_loss":75},{"damage_healed":0,"gold_gain":0,"player_choice":"Forge","damage_taken":0,"max_hp_gain":0,"max_hp_loss":0,"event_name":"Accursed Blacksmith","floor":38,"gold_loss":0,"cards_upgraded":["Creative AI"]},{"damage_healed":0,"gold_gain":0,"player_choice":"Upgraded","damage_taken":0,"max_hp_gain":0,"max_hp_loss":0,"event_name":"Upgrade Shrine","floor":39,"gold_loss":0,"cards_upgraded":["Heatsinks"]},{"cards_removed":["Gash"],"damage_healed":0,"gold_gain":0,"player_choice":"Removed Attack","damage_taken":0,"max_hp_gain":0,"max_hp_loss":0,"event_name":"Falling","floor":41,"gold_loss":0},{"damage_healed":0,"gold_gain":0,"cards_transformed":["Melter"],"player_choice":"Transformed","damage_taken":0,"max_hp_gain":0,"max_hp_loss":0,"event_name":"Transmorgrifier","floor":46,"gold_loss":0,"cards_obtained":["Hyperbeam"]}],"is_beta":false,"boss_relics":[{"not_picked":["Lizard Tail","Velvet Choker"],"picked":"Philosopher\u0027s Stone"},{"not_picked":["Tiny House","Inserter"],"picked":"Sozu"}],"items_purged_floors":[19,36],"is_endless":false,"potions_floor_spawned":[1,2,4,13,16,18,20,28,33,42],"ascension_level":2}