{"gold_per_floor":[111,84,101,101,30,55,55,69,69,69,69],"floor_reached":11,"playtime":603,"items_purged":[],"score":71,"play_id":"8166aa01-8a5e-4569-bf64-e96a124045e6","local_time":"20190910192730","is_ascension_mode":false,"campfire_choices":[{"data":"Eruption","floor":7,"key":"SMITH"}],"neow_cost":"NONE","seed_source_timestamp":241747433237674,"circlet_count":0,"master_deck":["Strike_P","Strike_P","Strike_P","Defend_P","Defend_P","Defend_P","Eruption+1","Vigilance","ClearTheMind","EmptyBody","FlurryOfBlows","Perseverance","MasterReality","DeceiveReality+1"],"relics":["PureWater","Toxic Egg 2","Bronze Scales"],"potions_floor_usage":[],"damage_taken":[{"damage":0,"enemies":"Jaw Worm","floor":1,"turns":4},{"damage":0,"enemies":"Small Slimes","floor":3,"turns":3},{"damage":42,"enemies":"Gremlin Nob","floor":6,"turns":6},{"damage":2,"enemies":"2 Louse","floor":8,"turns":3},{"damage":22,"enemies":"Gremlin Nob","floor":11,"turns":3}],"seed_played":"3352961079848035798","potions_obtained":[{"floor":6,"key":"Explosive Potion"}],"is_trial":false,"path_per_floor":["M","$","M","?","$","E","R","M","T","?","?"],"character_chosen":"WATCHER","items_purchased":["EmptyBody","Perseverance"],"campfire_rested":0,"item_purchase_floors":[2,5],"current_hp_per_floor":[71,71,71,71,71,29,29,27,27,20,0],"gold":69,"neow_bonus":"TEN_PERCENT_HP_BONUS","is_prod":false,"is_daily":false,"chose_seed":false,"campfire_upgraded":1,"win_rate":0.0,"timestamp":1568158050,"path_taken":["M","$","M","?","$","E","R","M","T","?","?"],"build_version":"2019-09-09v2","purchased_purges":0,"victory":false,"max_hp_per_floor":[71,71,71,71,71,71,71,71,71,71,71],"card_choices":[{"not_picked":["Sanctity","WaveOfTheHand"],"picked":"ClearTheMind","floor":1},{"not_picked":["FollowUp","WaveOfTheHand"],"picked":"FlurryOfBlows","floor":3},{"not_picked":["Consecrate","CutThroughFate"],"picked":"MasterReality","floor":6},{"not_picked":["BowlingBash","FlurryOfBlows"],"picked":"DeceiveReality+1","floor":8}],"player_experience":30861,"relics_obtained":[{"floor":6,"key":"Toxic Egg 2"},{"floor":9,"key":"Bronze Scales"}],"event_choices":[{"cards_removed":["Defend_P"],"damage_healed":0,"gold_gain":0,"player_choice":"Forget","damage_taken":0,"max_hp_gain":0,"max_hp_loss":0,"event_name":"Living Wall","floor":4,"gold_loss":0},{"cards_removed":["Strike_P"],"damage_healed":0,"gold_gain":0,"player_choice":"Card Removal","damage_taken":7,"max_hp_gain":0,"max_hp_loss":0,"event_name":"Golden Wing","floor":10,"gold_loss":0},{"damage_healed":0,"gold_gain":0,"player_choice":"Searched \u00272\u0027 times","damage_taken":0,"max_hp_gain":0,"max_hp_loss":0,"event_name":"Dead Adventurer","floor":11,"gold_loss":0}],"is_beta":true,"boss_relics":[],"items_purged_floors":[],"is_endless":false,"potions_floor_spawned":[6],"killed_by":"Gremlin Nob","ascension_level":0}