{"gold_per_floor":[38,94,129,181,212,212,256,256,256,333,333,371,385,385,385,485,485,526,609,609,649,688,65,110,110,110,110,122,122,49,75,75,75],"floor_reached":33,"playtime":1598,"items_purged":["Strike_B"],"score":271,"play_id":"b51b1250-e106-4883-99df-c78ceb296ed7","local_time":"20181128145748","is_ascension_mode":false,"campfire_choices":[{"data":"HandOfGreed","floor":6,"key":"SMITH"},{"floor":11,"key":"REST"},{"data":"Go for the Eyes","floor":15,"key":"SMITH"},{"floor":25,"key":"REST"},{"data":"Electrodynamics","floor":27,"key":"SMITH"},{"data":"Echo Form","floor":32,"key":"SMITH"}],"neow_cost":"NO_GOLD","seed_source_timestamp":1092000218902732,"circlet_count":0,"master_deck":["Strike_B","Strike_B","Defend_B","Defend_B","Defend_B","Defend_B","Zap+1","Dualcast","HandOfGreed+1","Deep Breath","Gash","Self Repair","Ball Lightning","Ball Lightning+1","Steam","Stack","Go for the Eyes+1","Electrodynamics+1","Echo Form+1","Conserve Battery","FTL","Rebound","Leap","Aggregate+1","Leap","Thunder Strike+1","Go for the Eyes+1","Hello World+1","Conserve Battery","FTL+1","Lockon","Aggregate+1"],"relics":["Cracked Core","WingedGreaves","Omamori","Orrery","Red Mask","ClockworkSouvenir","Centennial Puzzle","Whetstone","Smiling Mask","Singing Bowl"],"potions_floor_usage":[4,7,16,21,31,33],"damage_taken":[{"damage":6,"enemies":"Cultist","floor":1,"turns":3},{"damage":5,"enemies":"Small Slimes","floor":2,"turns":3},{"damage":11,"enemies":"Jaw Worm","floor":3,"turns":2},{"damage":14,"enemies":"Exordium Wildlife","floor":4,"turns":5},{"damage":3,"enemies":"Red Slaver","floor":5,"turns":3},{"damage":1,"enemies":"3 Louse","floor":7,"turns":2},{"damage":30,"enemies":"3 Sentries","floor":10,"turns":5},{"damage":2,"enemies":"Large Slime","floor":12,"turns":4},{"damage":10,"enemies":"Exordium Thugs","floor":13,"turns":5},{"damage":32,"enemies":"The Guardian","floor":16,"turns":9},{"damage":3,"enemies":"Shell Parasite","floor":18,"turns":4},{"damage":38,"enemies":"Masked Bandits","floor":19,"turns":5},{"damage":7,"enemies":"Chosen","floor":21,"turns":5},{"damage":14,"enemies":"Snake Plant","floor":22,"turns":4},{"damage":13,"enemies":"3 Cultists","floor":24,"turns":5},{"damage":6,"enemies":"Chosen and Byrds","floor":28,"turns":3},{"damage":11,"enemies":"Slavers","floor":31,"turns":4},{"damage":50,"enemies":"Automaton","floor":33,"turns":8}],"seed_played":"-132539317201970179","potions_obtained":[{"floor":1,"key":"Energy Potion"},{"floor":3,"key":"AttackPotion"},{"floor":10,"key":"LiquidBronze"},{"floor":19,"key":"Regen Potion"},{"floor":22,"key":"Weak Potion"},{"floor":24,"key":"Block Potion"}],"is_trial":false,"path_per_floor":["M","M","M","M","M","R","M","?","T","E","R","M","M","?","R","B",null,"M","?","?","M","M","$","M","R","T","R","M","?","$","E","R","B"],"character_chosen":"DEFECT","items_purchased":["ClockworkSouvenir","Centennial Puzzle","Whetstone","Conserve Battery","Lockon"],"campfire_rested":2,"item_purchase_floors":[23,23,23,23,30],"current_hp_per_floor":[69,64,53,46,43,43,42,42,42,19,41,46,43,43,43,18,75,72,34,34,48,34,34,28,50,50,50,51,51,51,47,47,0],"gold":75,"neow_bonus":"RANDOM_COLORLESS_2","is_prod":false,"is_daily":false,"chose_seed":false,"campfire_upgraded":4,"win_rate":0,"timestamp":1543438668,"path_taken":["M","M","M","M","M","R","M","?","T","E","R","?","M","?","R","BOSS","M","?","?","M","M","$","M","R","T","R","?","?","$","E","R","BOSS"],"build_version":"2018-11-15","purchased_purges":1,"victory":false,"max_hp_per_floor":[75,75,75,75,75,75,75,75,75,75,75,75,75,75,75,75,75,75,75,75,75,75,75,75,75,75,75,75,75,75,75,75,75],"card_choices":[{"not_picked":["Sunder","Barrage","Redo"],"picked":"SKIP","floor":1},{"not_picked":["Barrage","Coolheaded"],"picked":"Gash","floor":2},{"not_picked":["Barrage","Streamline"],"picked":"Self Repair","floor":3},{"not_picked":["Coolheaded","Sweeping Beam"],"picked":"Ball Lightning","floor":4},{"not_picked":["Barrage","Hologram"],"picked":"Ball Lightning","floor":5},{"not_picked":["Steam","Heatsinks","Blizzard"],"picked":"SKIP","floor":7},{"not_picked":["Heatsinks","Blizzard"],"picked":"Steam","floor":7},{"not_picked":["Coolheaded","Consume"],"picked":"Stack","floor":10},{"not_picked":["Steam","Cold Snap"],"picked":"Go for the Eyes","floor":12},{"not_picked":["Doom and Gloom","Sweeping Beam"],"picked":"Electrodynamics","floor":13},{"not_picked":["Creative AI","Seek"],"picked":"Echo Form","floor":16},{"not_picked":["Hologram","Chaos"],"picked":"Conserve Battery","floor":17},{"not_picked":["Sweeping Beam","Hologram"],"picked":"FTL","floor":17},{"not_picked":["Chill","Sweeping Beam"],"picked":"Rebound","floor":17},{"not_picked":["Consume","Sunder"],"picked":"Leap","floor":17},{"not_picked":["Blizzard","Steam"],"picked":"Aggregate+1","floor":18},{"not_picked":["Hologram","Static Discharge"],"picked":"Leap","floor":19},{"not_picked":["Rebound+1","Conserve Battery"],"picked":"Go for the Eyes+1","floor":21},{"not_picked":["Amplify","Leap"],"picked":"Hello World+1","floor":22},{"not_picked":["Heatsinks","Coolheaded"],"picked":"FTL+1","floor":24},{"not_picked":["Auto Shields","Conserve Battery","Stack"],"picked":"SKIP","floor":28},{"not_picked":["Compile Driver","Melter"],"picked":"Aggregate+1","floor":31}],"player_experience":265998,"relics_obtained":[{"floor":9,"key":"WingedGreaves"},{"floor":10,"key":"Omamori"},{"floor":19,"key":"Red Mask"},{"floor":26,"key":"Smiling Mask"},{"floor":31,"key":"Singing Bowl"}],"event_choices":[{"cards_removed":["Strike_B"],"damage_healed":0,"gold_gain":0,"player_choice":"Purged","damage_taken":0,"max_hp_gain":0,"max_hp_loss":0,"event_name":"Purifier","floor":8,"gold_loss":0},{"damage_healed":0,"gold_gain":0,"player_choice":"Forge","damage_taken":0,"max_hp_gain":0,"max_hp_loss":0,"event_name":"Accursed Blacksmith","floor":14,"gold_loss":0,"cards_upgraded":["Zap"]},{"damage_healed":0,"gold_gain":0,"player_choice":"Fought Bandits","damage_taken":0,"max_hp_gain":0,"max_hp_loss":0,"event_name":"Masked Bandits","floor":19,"gold_loss":0},{"damage_healed":0,"gold_gain":0,"player_choice":"1 cards matched","damage_taken":0,"max_hp_gain":0,"max_hp_loss":0,"event_name":"Match and Keep!","floor":20,"gold_loss":0,"cards_obtained":["Thunder Strike"]},{"damage_healed":0,"gold_gain":0,"player_choice":"Smashed Altar","damage_taken":0,"max_hp_gain":0,"max_hp_loss":0,"event_name":"Forgotten Altar","floor":29,"gold_loss":0,"cards_obtained":["Decay"]}],"is_beta":true,"boss_relics":[{"not_picked":["Sozu","Snecko Eye"],"picked":"Orrery"}],"items_purged_floors":[23],"is_endless":false,"potions_floor_spawned":[1,3,10,19,22,24],"killed_by":"Automaton","ascension_level":0}