{"gold_per_floor":[110,110,57,57,32,32,44,54,54,65,65,85,101,176,176,277,277,290,290,305,56,74,74,104,104,104,121,121,121,121],"floor_reached":30,"playtime":1250,"items_purged":["Strike_R"],"score":275,"play_id":"a13a224e-a8f9-4255-90fb-04f75affe87f","local_time":"20190810130746","is_ascension_mode":true,"campfire_choices":[{"floor":6,"key":"REST"},{"floor":11,"key":"REST"},{"data":"Spot Weakness","floor":15,"key":"SMITH"},{"floor":23,"key":"REST"},{"floor":25,"key":"REST"}],"neow_cost":"NONE","seed_source_timestamp":45552261474956,"circlet_count":0,"master_deck":["Strike_R","Strike_R","Strike_R","Strike_R","Defend_R","Defend_R","Defend_R","Defend_R","Bash","Iron Wave","Cleave","Pain","Clothesline","Dual Wield","Bludgeon","Sword Boomerang","Spot Weakness+1","Cleave","Reaper","Disarm","Feed","Pommel Strike","Double Tap","Double Tap","Flame Barrier"],"relics":["Burning Blood","Du-Vu Doll","WarpedTongs","Black Star","Nloth\u0027s Gift","Bronze Scales","Vajra","Potion Belt","Champion Belt"],"potions_floor_usage":[13,18,18,18,24,28,29],"damage_taken":[{"damage":0,"enemies":"Small Slimes","floor":1,"turns":3},{"damage":2,"enemies":"Cultist","floor":7,"turns":3},{"damage":3,"enemies":"Jaw Worm","floor":8,"turns":4},{"damage":9,"enemies":"Large Slime","floor":10,"turns":5},{"damage":6,"enemies":"Red Slaver","floor":12,"turns":3},{"damage":10,"enemies":"3 Louse","floor":13,"turns":2},{"damage":25,"enemies":"Slime Boss","floor":16,"turns":10},{"damage":38,"enemies":"2 Thieves","floor":18,"turns":4},{"damage":8,"enemies":"Spheric Guardian","floor":20,"turns":3},{"damage":20,"enemies":"Shelled Parasite and Fungi","floor":22,"turns":4},{"damage":44,"enemies":"Slavers","floor":24,"turns":5},{"damage":37,"enemies":"Snecko","floor":27,"turns":6},{"damage":0,"enemies":"Chosen and Byrds","floor":28,"turns":1},{"damage":16,"enemies":"Gremlin Leader","floor":29,"turns":3},{"damage":47,"enemies":"Shelled Parasite and Fungi","floor":30,"turns":3}],"seed_played":"-3697142580883998777","potions_obtained":[{"floor":7,"key":"EssenceOfSteel"},{"floor":8,"key":"Poison Potion"},{"floor":13,"key":"Fruit Juice"},{"floor":16,"key":"SteroidPotion"},{"floor":18,"key":"SteroidPotion"},{"floor":20,"key":"SmokeBomb"},{"floor":24,"key":"SmokeBomb"}],"is_trial":false,"path_per_floor":["M","?","$","?","$","R","M","M","T","M","R","M","M","?","R","B",null,"M","?","M","$","M","R","E","R","T","M","M","E","M"],"character_chosen":"IRONCLAD","items_purchased":["Cleave","Clothesline","Bronze Scales","Pommel Strike"],"campfire_rested":4,"item_purchase_floors":[3,5,21,21],"current_hp_per_floor":[88,36,36,36,36,62,66,69,69,66,88,88,89,78,78,59,93,61,61,59,59,45,72,43,70,70,45,51,41,0],"gold":121,"neow_bonus":"TEN_PERCENT_HP_BONUS","is_prod":false,"is_daily":false,"chose_seed":false,"campfire_upgraded":1,"win_rate":0,"timestamp":1565456866,"path_taken":["M","?","$","?","$","R","M","?","T","M","R","M","M","?","R","BOSS","M","?","M","$","?","R","E","R","T","M","M","E","M"],"build_version":"2019-07-17","purchased_purges":1,"victory":false,"max_hp_per_floor":[88,88,88,88,88,88,88,88,88,88,88,88,93,93,93,93,93,93,93,93,93,93,93,93,93,93,93,93,93,93],"card_choices":[{"not_picked":["Warcry","Armaments"],"picked":"Iron Wave","floor":1},{"not_picked":["Warcry","Searing Blow"],"picked":"Dual Wield","floor":7},{"not_picked":["Sword Boomerang","Anger"],"picked":"Bludgeon","floor":8},{"not_picked":["Dual Wield","Wild Strike"],"picked":"Sword Boomerang","floor":10},{"not_picked":["Searing Blow","Body Slam"],"picked":"Spot Weakness","floor":12},{"not_picked":["Clothesline","Clash"],"picked":"Cleave","floor":13},{"not_picked":["Fiend Fire","Brutality"],"picked":"Reaper","floor":16},{"not_picked":["Corruption","Headbutt"],"picked":"Disarm","floor":18},{"not_picked":["Twin Strike","Wild Strike"],"picked":"Feed","floor":20},{"not_picked":["Armaments","Evolve"],"picked":"Double Tap","floor":22},{"not_picked":["Rage+1","Twin Strike"],"picked":"Double Tap","floor":24},{"not_picked":["Perfected Strike+1","Armaments"],"picked":"Flame Barrier","floor":27}],"player_experience":55510,"relics_obtained":[{"floor":9,"key":"Bottled Flame"},{"floor":24,"key":"Vajra"},{"floor":24,"key":"Potion Belt"},{"floor":26,"key":"Champion Belt"}],"event_choices":[{"damage_healed":0,"gold_gain":0,"player_choice":"Success","damage_taken":52,"relics_obtained":["Du-Vu Doll"],"max_hp_gain":0,"max_hp_loss":0,"event_name":"Scrap Ooze","floor":2,"gold_loss":0},{"damage_healed":0,"gold_gain":0,"player_choice":"Rummage","damage_taken":0,"relics_obtained":["WarpedTongs"],"max_hp_gain":0,"max_hp_loss":0,"event_name":"Accursed Blacksmith","floor":4,"gold_loss":0,"cards_obtained":["Pain"]},{"damage_healed":0,"gold_gain":75,"player_choice":"Gather Gold","damage_taken":11,"max_hp_gain":0,"max_hp_loss":0,"event_name":"World of Goop","floor":14,"gold_loss":0},{"damage_healed":0,"gold_gain":0,"player_choice":"Traded Relic","damage_taken":0,"relics_obtained":["Nloth\u0027s Gift"],"max_hp_gain":0,"max_hp_loss":0,"event_name":"N\u0027loth","floor":19,"relics_lost":["Bottled Flame"],"gold_loss":0}],"is_beta":false,"boss_relics":[{"not_picked":["Busted Crown","Runic Cube"],"picked":"Black Star"}],"items_purged_floors":[21],"is_endless":false,"potions_floor_spawned":[7,8,13,16,18,20,24,28],"killed_by":"Shelled Parasite and Fungi","ascension_level":1}