{"gold_per_floor":[111,131,81,81,99,99,24,24,24,40,52,52,85,96,96,196,196,216,235,61,61,61,61,73,73,73,73,84,104,104,121,121,226,226,244,119,119,119,132,132,167,167,167,197,197,197,209,59,59,59],"floor_reached":50,"playtime":2112,"items_purged":["Defend_B","Strike_B","Doubt","Writhe"],"score":499,"play_id":"cef9ce82-5947-4d44-953f-c83549282f8a","local_time":"20190906110628","is_ascension_mode":false,"campfire_choices":[{"data":"Zap","floor":6,"key":"SMITH"},{"data":"Dualcast","floor":8,"key":"SMITH"},{"data":"Ball Lightning","floor":12,"key":"SMITH"},{"floor":15,"key":"REST"},{"data":"Rainbow","floor":23,"key":"SMITH"},{"floor":30,"key":"REST"},{"data":"White Noise","floor":32,"key":"SMITH"},{"data":"Enlightenment","floor":40,"key":"SMITH"},{"floor":42,"key":"REST"},{"floor":45,"key":"REST"},{"floor":49,"key":"RECALL"}],"neow_cost":"NONE","seed_source_timestamp":1818777386548100,"circlet_count":0,"master_deck":["Strike_B","Defend_B+1","Defend_B+1","Zap+1","Dualcast+1","Coolheaded","Ball Lightning+1","Cold Snap","Darkness+1","White Noise+1","Rainbow+1","Static Discharge","Compile Driver","Self Repair","Steam+1","Defragment+1","Conserve Battery+1","Chill+1","Core Surge+1","Recycle+1","Enlightenment+1","Redo+1"],"relics":["Cracked Core","Sundial","Prayer Wheel","Calling Bell","Art of War","Blue Candle","Unceasing Top","Spirit Poop","Molten Egg 2","Busted Crown","War Paint","Bronze Scales"],"potions_floor_usage":[2,16,19,33,39,41],"damage_taken":[{"damage":6,"enemies":"Jaw Worm","floor":1,"turns":4},{"damage":0,"enemies":"2 Louse","floor":2,"turns":1},{"damage":0,"enemies":"Small Slimes","floor":5,"turns":3},{"damage":8,"enemies":"Exordium Thugs","floor":10,"turns":3},{"damage":3,"enemies":"3 Louse","floor":11,"turns":3},{"damage":8,"enemies":"Lagavulin","floor":13,"turns":5},{"damage":5,"enemies":"Looter","floor":14,"turns":2},{"damage":32,"enemies":"Hexaghost","floor":16,"turns":10},{"damage":4,"enemies":"Spheric Guardian","floor":18,"turns":4},{"damage":26,"enemies":"2 Thieves","floor":19,"turns":4},{"damage":8,"enemies":"Shelled Parasite and Fungi","floor":24,"turns":7},{"damage":24,"enemies":"Sentry and Sphere","floor":28,"turns":4},{"damage":17,"enemies":"Chosen and Byrds","floor":29,"turns":5},{"damage":1,"enemies":"Snake Plant","floor":31,"turns":6},{"damage":18,"enemies":"Champ","floor":33,"turns":11},{"damage":16,"enemies":"Orb Walker","floor":35,"turns":3},{"damage":9,"enemies":"3 Darklings","floor":39,"turns":4},{"damage":46,"enemies":"Giant Head","floor":41,"turns":12},{"damage":31,"enemies":"Nemesis","floor":44,"turns":7},{"damage":6,"enemies":"Spire Growth","floor":47,"turns":6},{"damage":55,"enemies":"Time Eater","floor":50,"turns":6}],"seed_played":"-7721767254113223924","potions_obtained":[{"floor":0,"key":"Explosive Potion"},{"floor":0,"key":"Dexterity Potion"},{"floor":0,"key":"SmokeBomb"},{"floor":10,"key":"Block Potion"},{"floor":14,"key":"Weak Potion"},{"floor":16,"key":"SpeedPotion"},{"floor":28,"key":"Weak Potion"},{"floor":29,"key":"Block Potion"},{"floor":39,"key":"Energy Potion"},{"floor":44,"key":"LiquidBronze"}],"is_trial":false,"path_per_floor":["M","M","?","?","M","R","$","R","T","M","M","R","E","M","R","B",null,"M","M","$","?","?","R","M","?","T","$","M","M","R","M","R","B",null,"M","$","?","?","M","R","E","R","T","E","R","?","M","$","R","B"],"character_chosen":"DEFECT","items_purchased":["Self Repair"],"campfire_rested":4,"item_purchase_floors":[20],"current_hp_per_floor":[69,69,69,54,54,54,54,54,54,46,43,43,35,30,52,20,75,71,45,45,45,45,45,44,44,44,44,27,17,39,45,45,34,75,66,66,66,66,64,64,25,47,47,23,45,45,46,46,46,0],"gold":59,"neow_bonus":"THREE_SMALL_POTIONS","is_prod":false,"is_daily":false,"chose_seed":false,"campfire_upgraded":6,"win_rate":0,"timestamp":1567735588,"path_taken":["M","M","?","?","M","R","?","R","T","?","M","R","E","M","R","BOSS","M","M","$","?","?","R","?","?","T","$","M","M","R","M","R","BOSS","M","$","?","?","M","R","E","R","T","E","R","?","M","$","R","BOSS"],"build_version":"2019-07-17","purchased_purges":4,"victory":false,"max_hp_per_floor":[75,75,75,75,75,75,75,75,75,75,75,75,75,75,75,75,75,75,75,75,75,75,75,75,75,75,75,75,75,75,75,75,75,75,75,75,75,75,75,75,75,75,75,75,75,75,75,75,75,75],"card_choices":[{"not_picked":["Hyperbeam","Beam Cell"],"picked":"Coolheaded","floor":1},{"not_picked":["Sweeping Beam","Sunder"],"picked":"Ball Lightning","floor":2},{"not_picked":["Stack","Blizzard","Rebound"],"picked":"SKIP","floor":5},{"not_picked":["Steam","Rebound","Sweeping Beam"],"picked":"SKIP","floor":10},{"not_picked":["Stack","Double Energy"],"picked":"Cold Snap","floor":11},{"not_picked":["Genetic Algorithm","Recycle"],"picked":"Darkness","floor":13},{"not_picked":["Hologram","Stack"],"picked":"White Noise","floor":14},{"not_picked":["Reinforced Body","Steam","Lockon"],"picked":"SKIP","floor":14},{"not_picked":["Meteor Strike","Buffer"],"picked":"Rainbow","floor":16},{"not_picked":["Hologram","Turbo"],"picked":"Static Discharge","floor":18},{"not_picked":["Stack","Barrage+1","Sweeping Beam"],"picked":"SKIP","floor":18},{"not_picked":["Tempest+1","Doom and Gloom"],"picked":"Compile Driver","floor":19},{"not_picked":["Sweeping Beam","Beam Cell+1","Leap"],"picked":"SKIP","floor":19},{"not_picked":["Beam Cell","Rebound"],"picked":"Steam+1","floor":24},{"not_picked":["Thunder Strike","Darkness"],"picked":"Defragment+1","floor":24},{"not_picked":["Ball Lightning+1","Loop"],"picked":"Conserve Battery+1","floor":28},{"not_picked":["Rip and Tear+1","Steam","Cold Snap+1"],"picked":"SKIP","floor":28},{"not_picked":["Barrage+1","Coolheaded"],"picked":"Chill","floor":29},{"not_picked":["Doom and Gloom+1","Go for the Eyes+1","Streamline+1"],"picked":"SKIP","floor":29},{"not_picked":["Hologram","Stack+1","Rebound+1"],"picked":"SKIP","floor":31},{"not_picked":["Compile Driver+1","Darkness","Sunder+1"],"picked":"SKIP","floor":31},{"not_picked":["Biased Cognition","Multi-Cast"],"picked":"Core Surge+1","floor":33},{"not_picked":[],"picked":"Recycle+1","floor":35},{"not_picked":["Leap"],"picked":"SKIP","floor":35},{"not_picked":[],"picked":"Enlightenment","floor":37},{"not_picked":["Barrage+1"],"picked":"SKIP","floor":39},{"not_picked":["Reinforced Body"],"picked":"SKIP","floor":39},{"not_picked":["Multi-Cast"],"picked":"SKIP","floor":41},{"not_picked":["Scrape+1"],"picked":"SKIP","floor":44},{"not_picked":[],"picked":"Redo+1","floor":47},{"not_picked":["Rip and Tear+1"],"picked":"SKIP","floor":47}],"player_experience":330104,"relics_obtained":[{"floor":9,"key":"Sundial"},{"floor":13,"key":"Prayer Wheel"},{"floor":17,"key":"Art of War"},{"floor":17,"key":"Blue Candle"},{"floor":17,"key":"Unceasing Top"},{"floor":26,"key":"Molten Egg 2"},{"floor":41,"key":"War Paint"},{"floor":44,"key":"Bronze Scales"}],"event_choices":[{"cards_removed":["Strike_B"],"damage_healed":0,"gold_gain":0,"player_choice":"Card Removal","damage_taken":0,"max_hp_gain":0,"max_hp_loss":0,"event_name":"The Cleric","floor":3,"gold_loss":50},{"damage_healed":0,"gold_gain":0,"player_choice":"Entered Light","damage_taken":15,"max_hp_gain":0,"max_hp_loss":0,"event_name":"Shining Light","floor":4,"gold_loss":0,"cards_upgraded":["Defend_B","Defend_B"]},{"damage_healed":0,"gold_gain":0,"player_choice":"Ignored","damage_taken":0,"max_hp_gain":0,"max_hp_loss":0,"event_name":"Cursed Tome","floor":21,"gold_loss":0},{"cards_removed":["Normality"],"damage_healed":0,"gold_gain":0,"player_choice":"Offered Curse","damage_taken":0,"relics_obtained":["Spirit Poop"],"max_hp_gain":0,"max_hp_loss":0,"event_name":"Bonfire Elementals","floor":22,"gold_loss":0},{"cards_removed":["Defend_B"],"damage_healed":0,"gold_gain":0,"player_choice":"Elegance","damage_taken":0,"max_hp_gain":0,"max_hp_loss":0,"event_name":"Back to Basics","floor":25,"gold_loss":0},{"damage_healed":0,"gold_gain":0,"player_choice":"Memory 1","damage_taken":0,"max_hp_gain":0,"max_hp_loss":0,"event_name":"SensoryStone","floor":37,"gold_loss":0},{"cards_removed":["Strike_B"],"damage_healed":0,"gold_gain":0,"player_choice":"Removed Attack","damage_taken":0,"max_hp_gain":0,"max_hp_loss":0,"event_name":"Falling","floor":38,"gold_loss":0},{"damage_healed":0,"gold_gain":0,"player_choice":"Ignored","damage_taken":0,"max_hp_gain":0,"max_hp_loss":0,"event_name":"Mysterious Sphere","floor":46,"gold_loss":0}],"is_beta":false,"boss_relics":[{"not_picked":["Fusion Hammer","Philosopher\u0027s Stone"],"picked":"Calling Bell"},{"not_picked":["Cursed Key","Runic Dome"],"picked":"Busted Crown"}],"items_purged_floors":[7,20,36,48],"is_endless":false,"potions_floor_spawned":[10,13,14,16,18,28,29,39,44],"killed_by":"Time Eater","ascension_level":0}