{"gold_per_floor":[114,39,56,131,146,146,162,162,162,172,184,217,231,242,242,343,343,360,372,372,272,272,306,12,12,88,88,88,107,141,172,184,291,303,329,216,231,231,231,231,250,285,285,305,84,84,84,97,97,97],"floor_reached":50,"playtime":2539,"items_purged":["Strike_G","Defend_G","Strike_G","Strike_G"],"score":514,"play_id":"8df70f26-86e2-4ee0-9c46-f79c2acba8a3","local_time":"20190827112647","is_ascension_mode":false,"campfire_choices":[{"data":"Neutralize","floor":6.0,"key":"SMITH"},{"data":"Catalyst","floor":8.0,"key":"SMITH"},{"data":"Survivor","floor":15.0,"key":"SMITH"},{"data":"Corpse Explosion","floor":25.0,"key":"SMITH"},{"floor":28.0,"key":"DIG"},{"floor":32.0,"key":"REST"},{"data":"Glass Knife","floor":40.0,"key":"SMITH"},{"floor":49,"key":"REST"}],"neow_cost":"NONE","seed_source_timestamp":0,"circlet_count":0,"master_deck":["Strike_G+1","Strike_G","Defend_G","Defend_G","Defend_G","Survivor+1","Neutralize+1","Deadly Poison","Slice+1","Deflect","Catalyst+1","Poisoned Stab","PiercingWail","Corpse Explosion+1","Deadly Poison","Bane+1","Deadly Poison+1","Backflip+1","Glass Knife+1","Malaise","Well Laid Plans","Backstab","Sadistic Nature"],"special_seed":0,"relics":["Ring of the Snake","Whetstone","Gremlin Horn","Lizard Tail","MutagenicStrength","Bronze Scales","Shovel","Meat on the Bone","Juzu Bracelet","MawBank","Cursed Key","Blood Vial"],"potions_floor_usage":[50,50,50],"damage_taken":[{"damage":0.0,"enemies":"2 Louse","floor":1.0,"turns":3.0},{"damage":0.0,"enemies":"Jaw Worm","floor":3.0,"turns":4.0},{"damage":0.0,"enemies":"Small Slimes","floor":5.0,"turns":3.0},{"damage":1.0,"enemies":"Looter","floor":7.0,"turns":3.0},{"damage":0.0,"enemies":"Large Slime","floor":10.0,"turns":6.0},{"damage":1.0,"enemies":"Exordium Thugs","floor":11.0,"turns":4.0},{"damage":5.0,"enemies":"Lagavulin","floor":12.0,"turns":5.0},{"damage":0.0,"enemies":"2 Fungi Beasts","floor":13.0,"turns":2.0},{"damage":0.0,"enemies":"Gremlin Gang","floor":14.0,"turns":3.0},{"damage":7.0,"enemies":"Slime Boss","floor":16.0,"turns":11.0},{"damage":1.0,"enemies":"3 Byrds","floor":18.0,"turns":3.0},{"damage":18.0,"enemies":"Spheric Guardian","floor":19.0,"turns":5.0},{"damage":16.0,"enemies":"Slavers","floor":23.0,"turns":3.0},{"damage":0.0,"enemies":"3 Cultists","floor":29.0,"turns":2.0},{"damage":27.0,"enemies":"Gremlin Leader","floor":30.0,"turns":4.0},{"damage":0.0,"enemies":"Centurion and Healer","floor":31.0,"turns":4.0},{"damage":63.0,"enemies":"Champ","floor":33.0,"turns":11.0},{"damage":0.0,"enemies":"3 Shapes","floor":35.0,"turns":2.0},{"damage":1.0,"enemies":"3 Darklings","floor":37.0,"turns":2.0},{"damage":19.0,"enemies":"Maw","floor":41.0,"turns":5.0},{"damage":43.0,"enemies":"Reptomancer","floor":42.0,"turns":4.0},{"damage":0.0,"enemies":"Transient","floor":44.0,"turns":5.0},{"damage":29,"enemies":"Writhing Mass","floor":48,"turns":3},{"damage":95,"enemies":"Awakened One","floor":50,"turns":14}],"seed_played":"-8370494643078820668","potions_obtained":[{"floor":0.0,"key":"Regen Potion"},{"floor":0.0,"key":"PowerPotion"},{"floor":0.0,"key":"Dexterity Potion"},{"floor":12.0,"key":"SteroidPotion"},{"floor":14.0,"key":"Poison Potion"},{"floor":19.0,"key":"Strength Potion"},{"floor":30.0,"key":"EntropicBrew"},{"floor":31.0,"key":"GamblersBrew"},{"floor":33.0,"key":"FearPotion"},{"floor":44.0,"key":"Dexterity Potion"},{"floor":48,"key":"Explosive Potion"}],"is_trial":false,"path_per_floor":["M","$","M","?","M","R","M","R","T","M","M","E","M","M","R","B",null,"M","M","?","$","?","E","$","R","T","?","R","M","E","M","R","B",null,"M","$","M","?","?","R","M","E","T","M","$","?","?","M","R","B"],"character_chosen":"THE_SILENT","items_purchased":["Shovel","Backstab"],"campfire_rested":2,"item_purchase_floors":[24,45],"current_hp_per_floor":[70,70,70,59,59,59,58,58,58,58,57,67,67,67,67,60,70,69,51,51,51,51,35,35,35,35,22,22,34,19,31,53,19,75,75,75,74,74,74,74,55,24,24,38,38,38,38,23,45,0],"gold":97,"neow_bonus":"THREE_SMALL_POTIONS","is_prod":false,"is_daily":false,"chose_seed":false,"campfire_upgraded":5,"win_rate":0,"timestamp":1566872807,"path_taken":["M","$","M","?","M","R","M","R","T","M","M","E","M","M","R","BOSS","M","M","?","$","?","E","$","R","T","?","R","M","E","M","R","BOSS","M","$","M","?","?","R","M","E","T","M","$","?","?","M","R","BOSS"],"build_version":"2019-07-17","purchased_purges":4,"victory":false,"max_hp_per_floor":[70,70,70,70,70,70,70,70,70,70,70,70,70,70,70,70,70,70,70,70,70,70,70,70,70,70,75,75,75,75,75,75,75,75,75,75,75,75,75,75,75,75,75,75,75,75,75,75,75,75],"card_choices":[{"not_picked":["Slice","Distraction"],"picked":"Deadly Poison","floor":1.0},{"not_picked":["Blade Dance","Underhanded Strike"],"picked":"Slice","floor":3.0},{"not_picked":["Skewer","Underhanded Strike"],"picked":"Deflect","floor":5.0},{"not_picked":["Infinite Blades","Cloak And Dagger"],"picked":"Catalyst","floor":7.0},{"not_picked":["Distraction","Poisoned Stab","Deflect"],"picked":"SKIP","floor":10.0},{"not_picked":["Distraction","Deflect"],"picked":"Poisoned Stab","floor":10.0},{"not_picked":["Skewer","Acrobatics","Dagger Throw"],"picked":"SKIP","floor":11.0},{"not_picked":["Reflex","Sucker Punch","Doppelganger"],"picked":"SKIP","floor":12.0},{"not_picked":["Eviscerate","Caltrops","Outmaneuver"],"picked":"SKIP","floor":13.0},{"not_picked":["Heel Hook","Flying Knee"],"picked":"PiercingWail","floor":14.0},{"not_picked":["Die Die Die","Glass Knife"],"picked":"Corpse Explosion","floor":16.0},{"not_picked":["Slice","Blade Dance","Riddle With Holes"],"picked":"SKIP","floor":18.0},{"not_picked":["Underhanded Strike","Tactician+1","Deflect"],"picked":"SKIP","floor":19.0},{"not_picked":["All Out Attack","Endless Agony"],"picked":"Bane+1","floor":23.0},{"not_picked":["Noxious Fumes","Endless Agony+1"],"picked":"Deadly Poison+1","floor":29.0},{"not_picked":["Blur","Deadly Poison"],"picked":"Backflip","floor":30.0},{"not_picked":["Setup","Deadly Poison","Expertise"],"picked":"SKIP","floor":31.0},{"not_picked":["Doppelganger","A Thousand Cuts"],"picked":"Glass Knife","floor":33.0},{"not_picked":["Bane","Acrobatics+1","Outmaneuver+1"],"picked":"SKIP","floor":35.0},{"not_picked":["PiercingWail","Flying Knee","Poisoned Stab"],"picked":"SKIP","floor":37.0},{"not_picked":["Backflip","Eviscerate+1","Dagger Throw+1"],"picked":"SKIP","floor":41.0},{"not_picked":["Blade Dance+1","Infinite Blades+1"],"picked":"Malaise","floor":42.0},{"not_picked":["Endless Agony","Flechettes"],"picked":"Well Laid Plans","floor":44.0},{"not_picked":["Forethought","Mind Blast"],"picked":"Sadistic Nature","floor":46},{"not_picked":["Bouncing Flask","Prepared","Acrobatics+1"],"picked":"SKIP","floor":48}],"player_experience":296597,"relics_obtained":[{"floor":9.0,"key":"Whetstone"},{"floor":12.0,"key":"Gremlin Horn"},{"floor":23.0,"key":"Bronze Scales"},{"floor":26.0,"key":"Meat on the Bone"},{"floor":28.0,"key":"Juzu Bracelet"},{"floor":30.0,"key":"MawBank"},{"floor":42.0,"key":"Blood Vial"}],"event_choices":[{"damage_healed":0.0,"max_hp_gain":0.0,"max_hp_loss":0.0,"gold_gain":75.0,"event_name":"World of Goop","player_choice":"Gather Gold","floor":4.0,"gold_loss":0.0,"damage_taken":11.0},{"damage_healed":0.0,"max_hp_gain":0.0,"max_hp_loss":0.0,"gold_gain":0.0,"event_name":"The Library","player_choice":"Read","floor":20.0,"gold_loss":0.0,"damage_taken":0.0,"cards_obtained":["Deadly Poison"]},{"damage_healed":0.0,"max_hp_gain":0.0,"max_hp_loss":0.0,"gold_gain":0.0,"event_name":"Drug Dealer","player_choice":"Inject Mutagens","floor":22.0,"gold_loss":0.0,"damage_taken":0.0,"relics_obtained":["MutagenicStrength"]},{"damage_healed":0.0,"max_hp_gain":5.0,"max_hp_loss":0.0,"gold_gain":0.0,"event_name":"Forgotten Altar","player_choice":"Shed Blood","floor":27.0,"gold_loss":0.0,"damage_taken":18.0},{"cards_removed":["Defend_G"],"damage_healed":0.0,"max_hp_gain":0.0,"max_hp_loss":0.0,"gold_gain":0.0,"event_name":"Falling","player_choice":"Removed Skill","floor":38.0,"gold_loss":0.0,"damage_taken":0.0},{"damage_healed":0.0,"max_hp_gain":0.0,"max_hp_loss":0.0,"gold_gain":0.0,"event_name":"Tomb of Lord Red Mask","player_choice":"Ignored","floor":39.0,"gold_loss":0.0,"damage_taken":0.0},{"damage_healed":0,"gold_gain":0,"player_choice":"Memory 1","damage_taken":0,"max_hp_gain":0,"max_hp_loss":0,"event_name":"SensoryStone","floor":46,"gold_loss":0},{"damage_healed":0,"gold_gain":0,"player_choice":"Forge","damage_taken":0,"max_hp_gain":0,"max_hp_loss":0,"event_name":"Accursed Blacksmith","floor":47,"gold_loss":0,"cards_upgraded":["Backflip"]}],"is_beta":false,"boss_relics":[{"not_picked":["Runic Dome","Tiny House"],"picked":"Lizard Tail"},{"not_picked":["Runic Pyramid","White Beast Statue"],"picked":"Cursed Key"}],"items_purged_floors":[2,21,36,45],"is_endless":false,"potions_floor_spawned":[5,11,12,14,19,30,31,33,44,48],"killed_by":"Awakened One","ascension_level":0}