{"gold_per_floor":[199,49,69,144,44,44,54,54,129,129,146,146,173,191,191,296,296,311,41,140,140,157,157,170,197,197,211,138,170,170,20,20,121,121,134,134,147,147,147,147,160,176,176,176,1,19,19,37,37,37],"floor_reached":51,"playtime":1392,"items_purged":["Strike_B","Defend_B","Defend_B","Defend_B","Parasite"],"score":710,"play_id":"d39cb7cc-8546-4964-b805-71a2b58ae8b8","local_time":"20190909205123","is_ascension_mode":false,"campfire_choices":[{"data":"Zap","floor":6.0,"key":"SMITH"},{"data":"Dualcast","floor":10.0,"key":"SMITH"},{"data":"Conserve Battery","floor":12.0,"key":"SMITH"},{"data":"Ball Lightning","floor":15.0,"key":"SMITH"},{"data":"Defragment","floor":23.0,"key":"SMITH"},{"data":"Loop","floor":32,"key":"SMITH"},{"data":"Chill","floor":40,"key":"SMITH"},{"data":"Machine Learning","floor":44,"key":"SMITH"},{"data":"Glacier","floor":49,"key":"SMITH"}],"neow_cost":"NONE","seed_source_timestamp":207102765545000,"circlet_count":0,"master_deck":["Strike_B+1","Strike_B+1","Zap+1","Dualcast+1","Melter","Conserve Battery+1","Reboot","Ball Lightning+1","Machine Learning+1","Self Repair","Defragment+1","Ball Lightning","Reboot","Glacier","Biased Cognition","Loop+1","Lockon","Chill+1","Capacitor","Glacier+1","Electrodynamics","Go for the Eyes+1"],"special_seed":0,"relics":["Cracked Core","Letter Opener","Cables","Orrery","Whetstone","Bag of Marbles","PreservedInsect","Sundial","Orichalcum","Eternal Feather","Singing Bowl"],"potions_floor_usage":[50,50],"damage_taken":[{"damage":1.0,"enemies":"2 Louse","floor":1.0,"turns":3.0},{"damage":9.0,"enemies":"Cultist","floor":3.0,"turns":4.0},{"damage":1.0,"enemies":"Jaw Worm","floor":7.0,"turns":3.0},{"damage":0.0,"enemies":"Lots of Slimes","floor":11.0,"turns":3.0},{"damage":15.0,"enemies":"3 Sentries","floor":13.0,"turns":6.0},{"damage":0.0,"enemies":"2 Fungi Beasts","floor":14.0,"turns":2.0},{"damage":13.0,"enemies":"The Guardian","floor":16.0,"turns":8.0},{"damage":5.0,"enemies":"3 Byrds","floor":18.0,"turns":3.0},{"damage":0.0,"enemies":"Chosen","floor":22.0,"turns":3.0},{"damage":0.0,"enemies":"Sentry and Sphere","floor":24.0,"turns":2.0},{"damage":43.0,"enemies":"Slavers","floor":25.0,"turns":4.0},{"damage":10.0,"enemies":"Snecko","floor":27.0,"turns":4.0},{"damage":0.0,"enemies":"Gremlin Leader","floor":29.0,"turns":5.0},{"damage":6,"enemies":"Champ","floor":33,"turns":8},{"damage":0,"enemies":"Orb Walker","floor":35,"turns":3},{"damage":3,"enemies":"3 Darklings","floor":37,"turns":5},{"damage":32,"enemies":"Writhing Mass","floor":41,"turns":4},{"damage":0,"enemies":"Transient","floor":42,"turns":5},{"damage":6,"enemies":"Spire Growth","floor":46,"turns":5},{"damage":5,"enemies":"Sphere and 2 Shapes","floor":48,"turns":3},{"damage":60,"enemies":"Time Eater","floor":50,"turns":9}],"seed_played":"2909006358902220177","potions_obtained":[{"floor":3.0,"key":"Weak Potion"},{"floor":13.0,"key":"FocusPotion"},{"floor":14.0,"key":"FairyPotion"},{"floor":33,"key":"SpeedPotion"},{"floor":48,"key":"PowerPotion"}],"is_trial":false,"path_per_floor":["M","$","M","?","$","R","M","?","T","R","M","R","E","M","R","B",null,"M","$","?","?","M","R","M","E","T","M","$","E","?","$","R","B",null,"M","?","M","$","?","R","M","M","T","R","$","M","$","M","R","B",null],"character_chosen":"DEFECT","items_purchased":["Melter","Whetstone","Capacitor"],"campfire_rested":0,"item_purchase_floors":[2,19,28],"current_hp_per_floor":[74,74,65,54,54,54,53,53,53,53,53,53,38,38,38,25,75,75,75,75,75,75,75,75,39,39,36,36,43,43,43,43,44,75,75,75,72,72,72,75,50,57,57,69,69,70,70,67,74,21],"gold":37,"neow_bonus":"HUNDRED_GOLD","is_prod":false,"is_daily":false,"chose_seed":false,"campfire_upgraded":9,"win_rate":0,"timestamp":1568029883,"path_taken":["M","$","M","?","$","R","M","?","T","R","?","R","E","M","R","BOSS","M","?","?","?","M","R","?","E","T","M","?","E","?","$","R","BOSS","M","?","?","?","?","R","M","M","T","R","$","M","$","M","R","BOSS"],"build_version":"2019-07-17","purchased_purges":5,"victory":true,"max_hp_per_floor":[75,75,75,75,75,75,75,75,75,75,75,75,75,75,75,75,75,75,75,75,75,75,75,75,75,75,75,75,75,75,75,75,75,75,75,75,75,75,75,75,75,75,75,75,72,72,72,74,74,74],"card_choices":[{"not_picked":["Compile Driver","Sweeping Beam","Redo"],"picked":"SKIP","floor":1.0},{"not_picked":["Stack","Ball Lightning"],"picked":"Conserve Battery","floor":3.0},{"not_picked":["Rip and Tear","Rebound","Steam"],"picked":"SKIP","floor":7.0},{"not_picked":["Rip and Tear","Steam","Force Field"],"picked":"SKIP","floor":11.0},{"not_picked":["Gash","Streamline"],"picked":"Reboot","floor":13.0},{"not_picked":["Compile Driver","Stack"],"picked":"Ball Lightning","floor":14.0},{"not_picked":["Creative AI","Thunder Strike"],"picked":"Machine Learning","floor":16.0},{"not_picked":["Hologram","Aggregate"],"picked":"Self Repair","floor":17.0},{"not_picked":["Conserve Battery","Steam"],"picked":"Defragment","floor":17.0},{"not_picked":["Steam Power","BootSequence"],"picked":"Ball Lightning","floor":17.0},{"not_picked":["Steam","Turbo"],"picked":"Reboot","floor":17.0},{"not_picked":["Sweeping Beam","Chill"],"picked":"Glacier","floor":18.0},{"not_picked":["Blizzard","Streamline"],"picked":"Biased Cognition","floor":22.0},{"not_picked":["Chaos","Lockon"],"picked":"Loop","floor":24.0},{"not_picked":["Turbo+1","Ball Lightning"],"picked":"Lockon","floor":25.0},{"not_picked":["Melter+1","Redo"],"picked":"Chill","floor":27.0},{"not_picked":["Loop","Leap"],"picked":"Glacier","floor":29.0},{"not_picked":["Static Discharge","Ball Lightning","Lockon+1"],"picked":"SKIP","floor":35},{"not_picked":["Glacier","Compile Driver","Streamline"],"picked":"SKIP","floor":37},{"not_picked":["Coolheaded+1","Stack"],"picked":"Electrodynamics","floor":41},{"not_picked":["Recycle","Barrage+1","Redo"],"picked":"SKIP","floor":42},{"not_picked":["Barrage+1","Beam Cell"],"picked":"Go for the Eyes+1","floor":46},{"not_picked":["Consume+1","Leap+1","Chill"],"picked":"Singing Bowl","floor":48}],"player_experience":394701,"relics_obtained":[{"floor":9.0,"key":"Letter Opener"},{"floor":13.0,"key":"Cables"},{"floor":25.0,"key":"Bag of Marbles"},{"floor":26.0,"key":"PreservedInsect"},{"floor":29.0,"key":"Sundial"},{"floor":43,"key":"Singing Bowl"}],"event_choices":[{"damage_healed":0.0,"max_hp_gain":0.0,"max_hp_loss":0.0,"gold_gain":75.0,"event_name":"World of Goop","player_choice":"Gather Gold","floor":4.0,"gold_loss":0.0,"damage_taken":11.0},{"cards_removed":["Strike_B"],"damage_healed":0.0,"max_hp_gain":0.0,"max_hp_loss":0.0,"gold_gain":0.0,"event_name":"Wheel of Change","player_choice":"Card Removal","floor":8.0,"gold_loss":0.0,"damage_taken":0.0},{"damage_healed":0.0,"max_hp_gain":0.0,"max_hp_loss":0.0,"gold_gain":99.0,"event_name":"Nest","player_choice":"Stole From Cult","floor":20.0,"gold_loss":0.0,"damage_taken":0.0},{"damage_healed":0.0,"max_hp_gain":0.0,"max_hp_loss":0.0,"gold_gain":0.0,"event_name":"NoteForYourself","player_choice":"Ignored","floor":21.0,"gold_loss":0.0,"damage_taken":0.0},{"damage_healed":0,"gold_gain":0,"player_choice":"Opened","damage_taken":0,"relics_obtained":["Orichalcum"],"max_hp_gain":0,"max_hp_loss":0,"event_name":"The Mausoleum","floor":30,"gold_loss":0},{"damage_healed":0,"gold_gain":0,"player_choice":"Got Potions","damage_taken":0,"max_hp_gain":0,"max_hp_loss":0,"event_name":"Lab","floor":36,"gold_loss":0},{"cards_removed":["Defend_B"],"damage_healed":0,"gold_gain":0,"player_choice":"Purged","damage_taken":0,"max_hp_gain":0,"max_hp_loss":0,"event_name":"Purifier","floor":39,"gold_loss":0}],"is_beta":false,"boss_relics":[{"not_picked":["Velvet Choker","Snecko Eye"],"picked":"Orrery"},{"not_picked":["Tiny House","Calling Bell"],"picked":"Eternal Feather"}],"items_purged_floors":[2,5,19,31,45],"is_endless":false,"potions_floor_spawned":[3,13,14,24,33,41,46,48],"ascension_level":0}