{"gold_per_floor":[20,37,212,162,173,173,173,203,229,255,255,271,286,299,299,402,402,414,137,150,150,150,181,194,194,194,194,204,204,204,204,204,302,302,314,0,0,51,69,98,98,112,112,127,127,127,9,9,9,9],"floor_reached":51,"playtime":3750,"items_purged":["Strike_G"],"score":653,"play_id":"fe37d2fe-db68-4d51-8220-0a9518cc56f5","local_time":"20181203171400","is_ascension_mode":false,"campfire_choices":[{"floor":6,"key":"REST"},{"data":"Choke","floor":11,"key":"SMITH"},{"floor":15,"key":"REST"},{"floor":25,"key":"RECALL"},{"data":"Night Terror","floor":27,"key":"SMITH"},{"data":"Venomology","floor":29,"key":"SMITH"},{"data":"Well Laid Plans","floor":32,"key":"SMITH"},{"data":"Defend_G","floor":41,"key":"PURGE"},{"data":"Strike_G+1","floor":45,"key":"PURGE"},{"data":"Footwork","floor":49,"key":"SMITH"}],"neow_cost":"NO_GOLD","seed_source_timestamp":1530016897644377,"circlet_count":0,"master_deck":["Defend_G+1","Defend_G+1","Defend_G+1","Strike_G+1","Survivor+1","Neutralize+1","Acrobatics+1","Finisher+1","Expertise+1","Dodge and Roll+1","Choke+1","Infinite Blades+1","Blur+1","Venomology+1","Sucker Punch+1","A Thousand Cuts+1","Noxious Fumes+1","Infinite Blades+1","Finesse+1","Leg Sweep+1","Well Laid Plans+1","Slice+1","Night Terror+1","Well Laid Plans+1","Cloak And Dagger+1","Deflect+1","After Image+1","Predator+1","Cloak And Dagger+1","Well Laid Plans+1","Footwork+1","Leg Sweep+1","Footwork+1"],"relics":["Ring of the Snake","Torii","PreservedInsect","Whetstone","Darkstone Periapt","Coffee Dripper","Bag of Marbles","Vajra","Du-Vu Doll","WristBlade","ClockworkSouvenir","Red Mask","Peace Pipe","War Paint","Mark of the Bloom"],"potions_floor_usage":[8,13,16,20,20,23,24,24,28,28,28,33,33,38,38,40,40,42,44,50,50,50,50],"damage_taken":[{"damage":1,"enemies":"Small Slimes","floor":1,"turns":4},{"damage":1,"enemies":"Jaw Worm","floor":2,"turns":7},{"damage":1,"enemies":"Cultist","floor":5,"turns":4},{"damage":19,"enemies":"3 Sentries","floor":8,"turns":9},{"damage":1,"enemies":"Gremlin Nob","floor":10,"turns":3},{"damage":21,"enemies":"Exordium Wildlife","floor":12,"turns":6},{"damage":1,"enemies":"2 Fungi Beasts","floor":13,"turns":5},{"damage":0,"enemies":"Large Slime","floor":14,"turns":5},{"damage":34,"enemies":"Hexaghost","floor":16,"turns":10},{"damage":12,"enemies":"Shell Parasite","floor":18,"turns":5},{"damage":1,"enemies":"2 Thieves","floor":20,"turns":4},{"damage":2,"enemies":"Gremlin Leader","floor":23,"turns":5},{"damage":17,"enemies":"Snecko","floor":24,"turns":5},{"damage":0,"enemies":"Cultist and Chosen","floor":28,"turns":4},{"damage":26,"enemies":"Automaton","floor":33,"turns":9},{"damage":4,"enemies":"3 Shapes","floor":35,"turns":4},{"damage":10,"enemies":"2 Orb Walkers","floor":38,"turns":4},{"damage":0,"enemies":"Orb Walker","floor":39,"turns":1},{"damage":15,"enemies":"Giant Head","floor":40,"turns":7},{"damage":17,"enemies":"3 Darklings","floor":42,"turns":7},{"damage":7,"enemies":"Spire Growth","floor":44,"turns":7},{"damage":15,"enemies":"Awakened One","floor":50,"turns":14}],"seed_played":"-8872876459395603834","potions_obtained":[{"floor":2,"key":"GamblersBrew"},{"floor":8,"key":"Block Potion"},{"floor":13,"key":"SteroidPotion"},{"floor":16,"key":"SteroidPotion"},{"floor":23,"key":"Regen Potion"},{"floor":24,"key":"LiquidBronze"},{"floor":28,"key":"EssenceOfSteel"},{"floor":35,"key":"Strength Potion"},{"floor":38,"key":"SteroidPotion"},{"floor":42,"key":"Fire Potion"}],"is_trial":false,"path_per_floor":["M","M","?","?","M","R","?","E","T","E","R","M","M","M","R","B",null,"M","$","M","?","?","E","M","R","T","R","M","R","?","?","R","B",null,"M","$","?","?","M","E","R","M","T","M","R","?","$","?","R","B",null],"character_chosen":"THE_SILENT","items_purchased":["Infinite Blades","Finesse","Leg Sweep","ClockworkSouvenir","Cloak And Dagger","Block Potion","Footwork","SpeedPotion"],"campfire_rested":2,"item_purchase_floors":[19,19,19,36,36,36,47,47],"current_hp_per_floor":[69,68,68,68,67,70,70,51,51,50,50,29,28,28,49,15,70,58,58,57,57,57,55,38,38,38,38,52,52,52,39,39,13,75,71,71,71,61,61,46,46,29,29,22,22,22,22,22,22,7],"gold":9,"neow_bonus":"ONE_RARE_RELIC","is_prod":false,"is_daily":false,"chose_seed":false,"campfire_upgraded":5,"win_rate":0,"timestamp":1543878840,"path_taken":["M","M","?","?","M","R","?","E","T","E","R","?","M","M","R","BOSS","M","$","M","?","?","E","M","R","T","R","M","R","?","?","R","BOSS","M","$","?","?","M","E","R","M","T","M","R","?","?","?","R","BOSS"],"build_version":"2018-11-15","purchased_purges":1,"victory":true,"max_hp_per_floor":[70,70,70,70,70,70,70,70,70,70,70,70,70,70,70,70,70,70,70,70,70,70,70,70,70,70,70,70,70,70,75,75,75,75,75,75,75,75,75,75,75,75,75,75,75,75,75,75,75,75],"card_choices":[{"not_picked":["Flying Knee","Slice"],"picked":"Acrobatics","floor":1},{"not_picked":["Concentrate","Deadly Poison"],"picked":"Finisher","floor":2},{"not_picked":["Dagger Spray","Acrobatics"],"picked":"Expertise","floor":5},{"not_picked":["Leg Sweep","Prepared"],"picked":"Choke","floor":8},{"not_picked":["Bane","Reflex"],"picked":"Infinite Blades","floor":10},{"not_picked":["Dagger Throw","Poisoned Stab"],"picked":"Blur","floor":12},{"not_picked":["Quick Slash","Acrobatics"],"picked":"Venomology","floor":13},{"not_picked":["Flying Knee","Tactician"],"picked":"Sucker Punch","floor":14},{"not_picked":["Grand Finale","Phantasmal Killer"],"picked":"A Thousand Cuts","floor":16},{"not_picked":["Reflex","Cloak And Dagger"],"picked":"Noxious Fumes","floor":18},{"not_picked":["Distraction","Dagger Throw+1"],"picked":"Well Laid Plans","floor":20},{"not_picked":["Dash","Underhanded Strike+1"],"picked":"Well Laid Plans","floor":23},{"not_picked":["Infinite Blades","PiercingWail"],"picked":"Cloak And Dagger+1","floor":24},{"not_picked":["Slice","Bouncing Flask"],"picked":"Deflect","floor":28},{"not_picked":["Doppelganger","Phantasmal Killer"],"picked":"After Image","floor":33},{"not_picked":["Dodge and Roll","Tactician+1"],"picked":"Predator+1","floor":35},{"not_picked":["Setup","Concentrate"],"picked":"Well Laid Plans","floor":39},{"not_picked":["Prepared","Flying Knee+1"],"picked":"Footwork+1","floor":40},{"not_picked":["Blade Dance","Backstab+1"],"picked":"Leg Sweep","floor":42},{"not_picked":["Poisoned Stab","Flying Knee","Dagger Throw"],"picked":"SKIP","floor":44}],"player_experience":343620,"relics_obtained":[{"floor":8,"key":"PreservedInsect"},{"floor":9,"key":"Whetstone"},{"floor":10,"key":"Darkstone Periapt"},{"floor":23,"key":"Vajra"},{"floor":26,"key":"Du-Vu Doll"},{"floor":38,"key":"Peace Pipe"},{"floor":40,"key":"War Paint"}],"event_choices":[{"damage_healed":0,"gold_gain":175,"player_choice":"AGREE","damage_taken":0,"max_hp_gain":0,"max_hp_loss":0,"event_name":"Liars Game","floor":3,"gold_loss":0,"cards_obtained":["Doubt"]},{"cards_removed":["Doubt"],"damage_healed":0,"gold_gain":0,"player_choice":"Card Removal","damage_taken":0,"max_hp_gain":0,"max_hp_loss":0,"event_name":"The Cleric","floor":4,"gold_loss":50},{"damage_healed":0,"gold_gain":0,"cards_transformed":["Strike_G"],"player_choice":"Transformed","damage_taken":0,"max_hp_gain":0,"max_hp_loss":0,"event_name":"Transmorgrifier","floor":7,"gold_loss":0,"cards_obtained":["Dodge and Roll"]},{"damage_healed":0,"gold_gain":0,"player_choice":"Opened","damage_taken":0,"relics_obtained":["Bag of Marbles"],"max_hp_gain":0,"max_hp_loss":0,"event_name":"The Mausoleum","floor":21,"gold_loss":0},{"damage_healed":0,"gold_gain":0,"cards_transformed":["Strike_G","Defend_G"],"player_choice":"Became Test Subject","damage_taken":0,"max_hp_gain":0,"max_hp_loss":0,"event_name":"Drug Dealer","floor":22,"gold_loss":0,"cards_obtained":["Slice","Night Terror"]},{"damage_healed":0,"gold_gain":0,"player_choice":"Ignored","damage_taken":0,"max_hp_gain":0,"max_hp_loss":0,"event_name":"Ghosts","floor":30,"gold_loss":0},{"damage_healed":0,"gold_gain":0,"player_choice":"Shed Blood","damage_taken":18,"max_hp_gain":5,"max_hp_loss":0,"event_name":"Forgotten Altar","floor":31,"gold_loss":0},{"damage_healed":0,"gold_gain":0,"player_choice":"Paid","damage_taken":0,"relics_obtained":["Red Mask"],"max_hp_gain":0,"max_hp_loss":0,"event_name":"Tomb of Lord Red Mask","floor":37,"gold_loss":0},{"damage_healed":0,"gold_gain":0,"player_choice":"Fight","damage_taken":0,"max_hp_gain":0,"max_hp_loss":0,"event_name":"Mysterious Sphere","floor":38,"gold_loss":0},{"damage_healed":0,"gold_gain":0,"player_choice":"Upgrade","damage_taken":0,"relics_obtained":["Mark of the Bloom"],"max_hp_gain":0,"max_hp_loss":0,"event_name":"MindBloom","floor":46,"gold_loss":0,"cards_upgraded":["Defend_G","Defend_G","Survivor","Neutralize","Finisher","Expertise","Dodge and Roll","Infinite Blades","Blur","Sucker Punch","A Thousand Cuts","Noxious Fumes","Infinite Blades","Finesse","Leg Sweep","Well Laid Plans","Slice","Deflect","After Image","Cloak And Dagger","Well Laid Plans","Leg Sweep"]},{"damage_healed":0,"gold_gain":0,"player_choice":"Memory 1","damage_taken":0,"max_hp_gain":0,"max_hp_loss":0,"event_name":"SensoryStone","floor":48,"gold_loss":0}],"is_beta":true,"boss_relics":[{"not_picked":["Philosopher\u0027s Stone","White Beast Statue"],"picked":"Coffee Dripper"},{"not_picked":["Sozu","Tiny House"],"picked":"WristBlade"}],"items_purged_floors":[19],"is_endless":false,"potions_floor_spawned":[2,8,13,16,23,24,28,35,38,42],"ascension_level":0}