{"gold_per_floor":[116,116,116,129,140,140,197,212,292,34,53,72,95,95,95,200,250,264,278,19,36,36,36,53,53,53,53,53,153,182,182,182,280,280,298,23,23,38,53,53,81,81,81,94,94,123,141,141],"floor_reached":48,"playtime":2518,"items_purged":["Strike_G"],"score":560,"play_id":"a56fd95d-5df4-47e5-82c3-f203dd55956d","local_time":"20181128042529","is_ascension_mode":false,"campfire_choices":[{"data":"Terror","floor":6,"key":"SMITH"},{"data":"Neutralize","floor":15,"key":"SMITH"},{"data":"Reflex","floor":23,"key":"SMITH"},{"data":"Underhanded Strike","floor":25,"key":"SMITH"},{"data":"Doppelganger","floor":27,"key":"SMITH"},{"floor":32,"key":"REST"},{"floor":40,"key":"RECALL"},{"data":"1","floor":42,"key":"LIFT"},{"floor":45,"key":"REST"}],"neow_cost":"TEN_PERCENT_HP_LOSS","seed_source_timestamp":1053139973763582,"circlet_count":0,"master_deck":["Defend_G","Defend_G","Defend_G","Defend_G","Strike_G","Strike_G","Strike_G","Survivor","Neutralize+1","Heel Hook","After Image","Flying Knee","Blur+1","Terror+1","Dagger Throw","Infinite Blades","Backstab","Flying Knee","Heel Hook","Dagger Throw","Doppelganger+1","Backstab","Reflex+1","Backstab+1","Dagger Throw","Underhanded Strike+1","Eviscerate","PiercingWail+1","Prepared+1","Decay","Envenom","Underhanded Strike+1","Well Laid Plans","Underhanded Strike+1","Sucker Punch+1","Dagger Throw+1","Choke+1","Crippling Poison+1"],"relics":["Ring of the Snake","Tough Bandages","Tiny Chest","Question Card","Vajra","Odd Mushroom","Tiny House","ClockworkSouvenir","Ancient Tea Set","Girya","Kunai","Regal Pillow","Sozu","Toolbox","Bag of Marbles","Tingsha","Du-Vu Doll","Ninja Scroll"],"potions_floor_usage":[8,12,13,18,21,24,30,33],"damage_taken":[{"damage":0,"enemies":"Small Slimes","floor":1,"turns":4},{"damage":0,"enemies":"2 Louse","floor":4,"turns":3},{"damage":0,"enemies":"Jaw Worm","floor":5,"turns":4},{"damage":10,"enemies":"Gremlin Nob","floor":7,"turns":5},{"damage":0,"enemies":"3 Louse","floor":8,"turns":2},{"damage":0,"enemies":"Large Slime","floor":11,"turns":4},{"damage":0,"enemies":"Red Slaver","floor":12,"turns":1},{"damage":0,"enemies":"The Mushroom Lair","floor":13,"turns":3},{"damage":16,"enemies":"Slime Boss","floor":16,"turns":7},{"damage":10,"enemies":"3 Byrds","floor":18,"turns":5},{"damage":10,"enemies":"Shell Parasite","floor":19,"turns":3},{"damage":6,"enemies":"3 Cultists","floor":21,"turns":5},{"damage":7,"enemies":"Centurion and Healer","floor":24,"turns":5},{"damage":0,"enemies":"Colosseum Slavers","floor":29,"turns":4},{"damage":22,"enemies":"Colosseum Nobs","floor":29,"turns":4},{"damage":11,"enemies":"Book of Stabbing","floor":30,"turns":5},{"damage":22,"enemies":"Automaton","floor":33,"turns":14},{"damage":33,"enemies":"3 Darklings","floor":35,"turns":5},{"damage":0,"enemies":"Orb Walker","floor":38,"turns":2},{"damage":0,"enemies":"3 Darklings","floor":39,"turns":1},{"damage":11,"enemies":"Reptomancer","floor":41,"turns":6},{"damage":0,"enemies":"4 Shapes","floor":44,"turns":4},{"damage":49,"enemies":"Giant Head","floor":46,"turns":7},{"damage":0,"enemies":"Transient","floor":47,"turns":5},{"damage":11,"enemies":"3 Darklings","floor":48,"turns":3}],"seed_played":"-8883903328299023147","potions_obtained":[{"floor":1,"key":"Fire Potion"},{"floor":8,"key":"Fire Potion"},{"floor":11,"key":"FearPotion"},{"floor":17,"key":"Block Potion"},{"floor":19,"key":"Poison Potion"},{"floor":21,"key":"Poison Potion"},{"floor":29,"key":"Weak Potion"},{"floor":30,"key":"Weak Potion"}],"is_trial":false,"path_per_floor":["M","?","?","M","M","R","E","M","T","$","M","M","?","?","R","B",null,"M","M","$","M","T","R","M","R","T","R","?","?","E","?","R","B",null,"M","$","T","M","M","R","E","R","T","M","R","E","M","M"],"character_chosen":"THE_SILENT","items_purchased":["Vajra","Backstab","ClockworkSouvenir","Dagger Throw","Toolbox","Well Laid Plans"],"campfire_rested":2,"item_purchase_floors":[10,10,20,20,36,36],"current_hp_per_floor":[63,63,63,63,63,63,53,53,53,53,53,53,53,63,63,47,68,58,48,48,42,42,42,35,35,35,35,35,13,2,2,37,15,68,35,35,35,35,35,35,24,24,24,24,59,10,10,0],"gold":141,"neow_bonus":"TRANSFORM_TWO_CARDS","is_prod":false,"is_daily":false,"chose_seed":false,"campfire_upgraded":5,"win_rate":0,"timestamp":1543400729,"path_taken":["M","?","?","M","M","R","E","M","T","$","M","?","?","?","R","BOSS","M","M","$","M","?","R","?","R","T","R","?","?","E","?","R","BOSS","M","$","?","M","?","R","E","R","T","M","R","E","M","M"],"build_version":"2018-11-15","purchased_purges":1,"victory":false,"max_hp_per_floor":[63,63,63,63,63,63,63,63,63,63,63,63,63,63,63,63,68,68,68,68,68,68,68,68,68,68,68,68,68,68,68,68,68,68,68,68,68,68,68,68,68,68,68,68,68,68,68,68],"card_choices":[{"not_picked":["Finisher","Deflect"],"picked":"Flying Knee","floor":1},{"not_picked":["Dagger Spray","Riddle With Holes"],"picked":"Blur","floor":4},{"not_picked":["Slice","Dodge and Roll"],"picked":"Terror","floor":5},{"not_picked":["Outmaneuver","Cloak And Dagger"],"picked":"Dagger Throw","floor":7},{"not_picked":["Sucker Punch","Dash"],"picked":"Infinite Blades","floor":8},{"not_picked":["Distraction","Backflip","Flechettes"],"picked":"Flying Knee","floor":11},{"not_picked":["Deadly Poison","Predator","Acrobatics"],"picked":"Heel Hook","floor":12},{"not_picked":["Deflect","Blade Dance","Deadly Poison"],"picked":"Dagger Throw","floor":13},{"not_picked":["Envenom","Corpse Explosion","After Image"],"picked":"Doppelganger","floor":16},{"not_picked":["Prepared","Infinite Blades","Concentrate"],"picked":"Backstab","floor":17},{"not_picked":["Dodge and Roll","Eviscerate","Noxious Fumes"],"picked":"Reflex","floor":18},{"not_picked":["Choke","Acrobatics","Calculated Gamble"],"picked":"Backstab+1","floor":19},{"not_picked":["Backflip+1","Slice","Setup"],"picked":"Underhanded Strike","floor":21},{"not_picked":["Backstab","Tactician","Flying Knee+1"],"picked":"Eviscerate","floor":24},{"not_picked":["Sucker Punch","Leg Sweep","Outmaneuver"],"picked":"PiercingWail+1","floor":29},{"not_picked":["Backstab+1","Venomology","Concentrate"],"picked":"Prepared+1","floor":30},{"not_picked":["Bullet Time","Wraith Form v2","Corpse Explosion"],"picked":"Envenom","floor":33},{"not_picked":["Predator+1","Well Laid Plans","Slice"],"picked":"Underhanded Strike+1","floor":35},{"not_picked":["Cloak And Dagger","Endless Agony","Bane"],"picked":"Underhanded Strike+1","floor":38},{"not_picked":["Riddle With Holes","After Image","Dash+1"],"picked":"Sucker Punch+1","floor":39},{"not_picked":["Bouncing Flask+1","Escape Plan+1","Prepared+1"],"picked":"Dagger Throw+1","floor":41},{"not_picked":["Dagger Throw","Accuracy","Sucker Punch+1"],"picked":"Choke+1","floor":44},{"not_picked":["Leg Sweep","All Out Attack","Deadly Poison","Skewer+1"],"picked":"SKIP","floor":46},{"not_picked":["Flying Knee","Dagger Throw+1","Dagger Spray+1"],"picked":"Crippling Poison+1","floor":47}],"player_experience":257740,"relics_obtained":[{"floor":7,"key":"Tiny Chest"},{"floor":9,"key":"Question Card"},{"floor":13,"key":"Odd Mushroom"},{"floor":22,"key":"Ancient Tea Set"},{"floor":29,"key":"Girya"},{"floor":29,"key":"Kunai"},{"floor":30,"key":"Regal Pillow"},{"floor":37,"key":"Bag of Marbles"},{"floor":41,"key":"Tingsha"},{"floor":43,"key":"Du-Vu Doll"},{"floor":46,"key":"Ninja Scroll"}],"event_choices":[{"damage_healed":0,"gold_gain":0,"player_choice":"Box","damage_taken":0,"relics_obtained":["Tough Bandages"],"max_hp_gain":0,"max_hp_loss":0,"event_name":"Big Fish","floor":2,"gold_loss":0,"cards_obtained":["Regret"]},{"cards_removed":["Regret"],"damage_healed":0,"gold_gain":0,"player_choice":"Forget","damage_taken":0,"max_hp_gain":0,"max_hp_loss":0,"event_name":"Living Wall","floor":3,"gold_loss":0},{"damage_healed":0,"gold_gain":0,"player_choice":"Fought Mushrooms","damage_taken":0,"max_hp_gain":0,"max_hp_loss":0,"event_name":"Mushrooms","floor":13,"gold_loss":0},{"damage_healed":10,"gold_gain":0,"player_choice":"Full Heal","damage_taken":0,"max_hp_gain":0,"max_hp_loss":0,"event_name":"Wheel of Change","floor":14,"gold_loss":0},{"damage_healed":0,"gold_gain":0,"player_choice":"Ignored","damage_taken":0,"max_hp_gain":0,"max_hp_loss":0,"event_name":"Ghosts","floor":28,"gold_loss":0},{"damage_healed":0,"gold_gain":0,"player_choice":"Fight","damage_taken":0,"max_hp_gain":0,"max_hp_loss":0,"event_name":"Colosseum","floor":29,"gold_loss":0},{"damage_healed":0,"gold_gain":0,"player_choice":"Fought Nobs","damage_taken":0,"max_hp_gain":0,"max_hp_loss":0,"event_name":"Colosseum","floor":29,"gold_loss":0},{"damage_healed":0,"gold_gain":0,"player_choice":"Cursed","damage_taken":0,"max_hp_gain":0,"max_hp_loss":0,"event_name":"Wheel of Change","floor":31,"gold_loss":0,"cards_obtained":["Decay"]}],"is_beta":true,"boss_relics":[{"not_picked":["Empty Cage","Eternal Feather"],"picked":"Tiny House"},{"not_picked":["Coffee Dripper","HoveringKite"],"picked":"Sozu"}],"items_purged_floors":[10],"is_endless":false,"potions_floor_spawned":[1,8,11,19,21,29,29,30,38,41],"killed_by":"3 Darklings","ascension_level":0}