{"gold_per_floor":[109,4,23,42,62,95,110,110,179,179,179,165,185,360,360,463,463,482,482,482,482,500,500,526,526,601,631,65,77,89,120,120,217,217,231,248,323,323,61,61,61,75,75,75,75,87,87,35,35,35],"floor_reached":51,"playtime":2233,"items_purged":["Doubt","Strike_B"],"score":755,"play_id":"fc21c335-e896-450b-bc81-ac2286dd9c98","local_time":"20190803224129","is_ascension_mode":false,"campfire_choices":[{"data":"Creative AI","floor":8,"key":"SMITH"},{"data":"Zap","floor":10,"key":"SMITH"},{"floor":15,"key":"REST"},{"data":"Self Repair","floor":23,"key":"SMITH"},{"data":"Seek","floor":25,"key":"SMITH"},{"data":"Mayhem","floor":32,"key":"SMITH"},{"data":"Panache","floor":40,"key":"SMITH"},{"data":"Loop","floor":45,"key":"SMITH"},{"data":"Storm","floor":47,"key":"SMITH"},{"data":"Cold Snap","floor":49,"key":"SMITH"}],"neow_cost":"NONE","seed_source_timestamp":1213966014941759,"circlet_count":0,"master_deck":["Strike_B","Strike_B","Strike_B","Defend_B","Defend_B","Defend_B","Defend_B","Zap+1","Dualcast","Conserve Battery","Conserve Battery","Loop+1","Conserve Battery","Creative AI+1","Self Repair+1","Glacier","FTL","Coolheaded","Seek+1","Storm+1","Doom and Gloom+1","Mayhem+1","Conserve Battery+1","Conserve Battery","Coolheaded+1","Panache+1","Cold Snap+1"],"relics":["Cracked Core","NeowsBlessing","Pear","Mercury Hourglass","Ginger","Eternal Feather","Juzu Bracelet","Blue Candle","Lantern","Happy Flower","Mummified Hand","Inserter","Blood Vial"],"potions_floor_usage":[13,24,24,28,29,30,33,35,42,50],"damage_taken":[{"damage":0,"enemies":"2 Louse","floor":1,"turns":1},{"damage":0,"enemies":"Jaw Worm","floor":3,"turns":1},{"damage":0,"enemies":"Small Slimes","floor":4,"turns":1},{"damage":8,"enemies":"Looter","floor":5,"turns":5},{"damage":65,"enemies":"Gremlin Nob","floor":6,"turns":8},{"damage":1,"enemies":"3 Louse","floor":7,"turns":9},{"damage":3,"enemies":"Exordium Thugs","floor":12,"turns":5},{"damage":1,"enemies":"Lots of Slimes","floor":13,"turns":3},{"damage":29,"enemies":"The Guardian","floor":16,"turns":13},{"damage":17,"enemies":"Spheric Guardian","floor":18,"turns":7},{"damage":7,"enemies":"Shell Parasite","floor":22,"turns":10},{"damage":23,"enemies":"Gremlin Leader","floor":24,"turns":7},{"damage":22,"enemies":"Slavers","floor":27,"turns":6},{"damage":9,"enemies":"Snecko","floor":29,"turns":5},{"damage":10,"enemies":"Chosen and Byrds","floor":30,"turns":4},{"damage":22,"enemies":"Gremlin Leader","floor":31,"turns":6},{"damage":45,"enemies":"Champ","floor":33,"turns":12},{"damage":3,"enemies":"3 Darklings","floor":35,"turns":5},{"damage":4,"enemies":"Orb Walker","floor":36,"turns":4},{"damage":0,"enemies":"Spire Growth","floor":42,"turns":5},{"damage":12,"enemies":"Writhing Mass","floor":46,"turns":5},{"damage":75,"enemies":"Awakened One","floor":50,"turns":10}],"seed_played":"5582608413373251117","potions_obtained":[{"floor":1,"key":"FairyPotion"},{"floor":6,"key":"SteroidPotion"},{"floor":7,"key":"GamblersBrew"},{"floor":12,"key":"Fire Potion"},{"floor":16,"key":"Fire Potion"},{"floor":27,"key":"Block Potion"},{"floor":29,"key":"LiquidBronze"},{"floor":31,"key":"Ancient Potion"},{"floor":33,"key":"Fire Potion"},{"floor":42,"key":"SpeedPotion"},{"floor":46,"key":"EssenceOfSteel"}],"is_trial":false,"path_per_floor":["M","$","M","M","M","E","M","R","T","R","?","M","M","?","R","B",null,"M","?","?","?","M","R","E","R","T","E","$","M","M","E","R","B",null,"M","M","?","?","$","R","?","M","T","?","R","M","R","$","R","B",null],"character_chosen":"DEFECT","items_purchased":["Conserve Battery","Loop","Mayhem","Happy Flower","Fruit Juice","Ancient Potion","Panache","Cold Snap"],"campfire_rested":1,"item_purchase_floors":[2,2,28,28,28,28,39,48],"current_hp_per_floor":[75,75,75,75,67,19,25,25,25,25,22,26,32,32,57,35,85,75,75,59,43,43,55,42,54,54,42,47,48,48,36,51,16,95,95,95,86,86,86,95,90,90,90,90,90,88,90,90,90,25],"gold":35,"neow_bonus":"THREE_ENEMY_KILL","is_prod":false,"is_daily":false,"chose_seed":false,"campfire_upgraded":9,"win_rate":0,"timestamp":1564890089,"path_taken":["M","$","M","M","M","E","M","R","T","R","?","M","M","?","R","BOSS","M","?","?","?","M","R","E","R","T","E","?","M","M","E","R","BOSS","M","M","?","?","$","R","?","M","T","?","R","M","R","?","R","BOSS"],"build_version":"2019-07-18","purchased_purges":2,"victory":true,"max_hp_per_floor":[75,75,75,75,75,85,85,85,85,85,85,85,85,85,85,85,85,85,85,90,90,90,90,90,90,90,90,95,95,95,95,95,95,95,95,95,95,95,95,95,90,90,90,90,90,90,90,90,90,90],"card_choices":[{"not_picked":["Chaos","Stack"],"picked":"Conserve Battery","floor":1},{"not_picked":["Cold Snap","Go for the Eyes"],"picked":"Conserve Battery","floor":3},{"not_picked":["Sweeping Beam","Hologram"],"picked":"Creative AI","floor":4},{"not_picked":["Heatsinks","White Noise"],"picked":"Self Repair","floor":5},{"not_picked":["Coolheaded","Gash"],"picked":"Glacier","floor":6},{"not_picked":["Rebound","Coolheaded"],"picked":"FTL","floor":7},{"not_picked":["Compile Driver","Stack","Sweeping Beam"],"picked":"SKIP","floor":12},{"not_picked":["Beam Cell","Turbo"],"picked":"Coolheaded","floor":13},{"not_picked":["Amplify","Meteor Strike"],"picked":"Seek","floor":16},{"not_picked":["Sunder","Tempest+1","Streamline"],"picked":"SKIP","floor":18},{"not_picked":["Auto Shields+1","Gash"],"picked":"Storm","floor":22},{"not_picked":["Rebound+1","Reinforced Body"],"picked":"Doom and Gloom+1","floor":24},{"not_picked":["Melter","Turbo","Compile Driver"],"picked":"SKIP","floor":27},{"not_picked":["Ball Lightning","Rip and Tear"],"picked":"Conserve Battery+1","floor":29},{"not_picked":["Turbo","Sweeping Beam","Barrage+1"],"picked":"SKIP","floor":30},{"not_picked":["Turbo","FTL+1"],"picked":"Conserve Battery","floor":31},{"not_picked":["Scrape+1","Auto Shields+1"],"picked":"Coolheaded+1","floor":35},{"not_picked":["Coolheaded","Sweeping Beam+1","Go for the Eyes+1"],"picked":"SKIP","floor":36},{"not_picked":["Melter+1","Darkness","Leap"],"picked":"SKIP","floor":42},{"not_picked":["Barrage","Beam Cell","Chaos+1"],"picked":"SKIP","floor":46}],"player_experience":487313,"relics_obtained":[{"floor":6,"key":"Pear"},{"floor":9,"key":"Mercury Hourglass"},{"floor":24,"key":"Juzu Bracelet"},{"floor":26,"key":"Blue Candle"},{"floor":27,"key":"Lantern"},{"floor":31,"key":"Mummified Hand"},{"floor":43,"key":"Blood Vial"}],"event_choices":[{"damage_healed":0,"gold_gain":0,"player_choice":"Success","damage_taken":3,"relics_obtained":["Ginger"],"max_hp_gain":0,"max_hp_loss":0,"event_name":"Scrap Ooze","floor":11,"gold_loss":0},{"damage_healed":0,"gold_gain":175,"player_choice":"AGREE","damage_taken":0,"max_hp_gain":0,"max_hp_loss":0,"event_name":"Liars Game","floor":14,"gold_loss":0,"cards_obtained":["Doubt"]},{"damage_healed":0,"gold_gain":0,"player_choice":"Ignored","damage_taken":0,"max_hp_gain":0,"max_hp_loss":0,"event_name":"Vampires","floor":19,"gold_loss":0},{"damage_healed":0,"gold_gain":0,"player_choice":"Shed Blood","damage_taken":21,"max_hp_gain":5,"max_hp_loss":0,"event_name":"Forgotten Altar","floor":20,"gold_loss":0},{"damage_healed":0,"gold_gain":0,"player_choice":"Obtained Book","damage_taken":16,"max_hp_gain":0,"max_hp_loss":0,"event_name":"Cursed Tome","floor":21,"gold_loss":0},{"damage_healed":0,"gold_gain":75,"player_choice":"Touch","damage_taken":9,"max_hp_gain":0,"max_hp_loss":0,"event_name":"FaceTrader","floor":37,"gold_loss":0},{"damage_healed":0,"gold_gain":0,"player_choice":"Bought 0 Potions","damage_taken":0,"max_hp_gain":0,"max_hp_loss":0,"event_name":"The Woman in Blue","floor":38,"gold_loss":0},{"damage_healed":0,"gold_gain":0,"player_choice":"Max HP","damage_taken":0,"max_hp_gain":0,"max_hp_loss":5,"event_name":"Winding Halls","floor":41,"gold_loss":0},{"damage_healed":0,"gold_gain":0,"player_choice":"Memory 1","damage_taken":0,"max_hp_gain":0,"max_hp_loss":0,"event_name":"SensoryStone","floor":44,"gold_loss":0}],"is_beta":true,"boss_relics":[{"not_picked":["White Beast Statue","Coffee Dripper"],"picked":"Eternal Feather"},{"not_picked":["Philosopher\u0027s Stone","Busted Crown"],"picked":"Inserter"}],"items_purged_floors":[28,39],"is_endless":false,"potions_floor_spawned":[1,6,7,12,16,27,29,31,33,42,46],"ascension_level":0}