{"path_per_floor":["M","?","?","M","?","M","M","M","T","R","M","M","R","M","R"],"character_chosen":"DEFECT","items_purchased":[],"gold_per_floor":[215,215,165,176,251,266,276,288,313,313,327,339,339,353,353,353],"floor_reached":16,"campfire_rested":2,"playtime":523,"current_hp_per_floor":[74,75,75,75,64,63,45,31,31,31,35,18,40,32,54,0],"items_purged":[],"gold":353,"score":96,"play_id":"17eaeb16-0b7e-47aa-8873-0c6497e8f299","local_time":"20180510094527","is_prod":false,"is_daily":false,"chose_seed":false,"is_ascension_mode":false,"campfire_upgraded":1,"timestamp":1525963527,"path_taken":["M","?","?","M","?","M","?","M","T","R","M","?","R","?","R","BOSS"],"build_version":"2018-05-08","seed_source_timestamp":134932115299120,"purchased_purges":0,"victory":false,"master_deck":["Strike_B","Strike_B","Strike_B","Defend_B","Defend_B","Defend_B","Defend_B","Zap+1","Dualcast","Ball Lightning","White Noise","Streamline","Ball Lightning","Static Discharge","Static Discharge","Static Discharge","Go for the Eyes"],"max_hp_per_floor":[75,75,75,75,75,75,75,75,75,75,75,75,75,75,75,75],"relics":["Cracked Core","Anchor"],"card_choices":[{"not_picked":["Hologram","Aggregate"],"picked":"Ball Lightning","floor":1},{"not_picked":["Rebound","Auto Shields"],"picked":"White Noise","floor":4},{"not_picked":["Capacitor","Rip and Tear"],"picked":"Streamline","floor":6},{"not_picked":["Steam","Coolheaded"],"picked":"Ball Lightning","floor":7},{"not_picked":["Cold Snap","Hologram"],"picked":"Static Discharge","floor":8},{"not_picked":["Turbo","Steam"],"picked":"Static Discharge","floor":11},{"not_picked":["Impulse","Steam"],"picked":"Static Discharge","floor":12},{"not_picked":["Rebound","Loop"],"picked":"Go for the Eyes","floor":14}],"player_experience":138083,"potions_floor_usage":[7,8,11,16],"damage_taken":[{"damage":1,"enemies":"Jaw Worm","floor":1,"turns":3},{"damage":0,"enemies":"Cultist","floor":4,"turns":3},{"damage":1,"enemies":"2 Louse","floor":6,"turns":3},{"damage":18,"enemies":"Exordium Wildlife","floor":7,"turns":5},{"damage":14,"enemies":"3 Louse","floor":8,"turns":2},{"damage":2,"enemies":"Blue Slaver","floor":11,"turns":3},{"damage":17,"enemies":"Large Slime","floor":12,"turns":4},{"damage":8,"enemies":"Lots of Slimes","floor":14,"turns":3},{"damage":59,"enemies":"The Guardian","floor":16,"turns":8}],"event_choices":[{"event_name":"Wheel of Change","player_choice":"Full Heal","floor":2,"damage_taken":0},{"event_name":"The Cleric","player_choice":"Card Removal","floor":3,"damage_taken":0},{"event_name":"World of Goop","player_choice":"Gather Gold","floor":5,"damage_taken":0}],"boss_relics":[],"potions_floor_spawned":[6,7,8,12],"seed_played":"5812900092577314532","killed_by":"The Guardian","ascension_level":0,"is_trial":false}