{"gold_per_floor":[116,116,136,61,81,81,94,111,111,111,211,211,236,249,249,345,345,359,379,379,294,156,156,176,176,176,176,186,202,230,230,230,333,333,348,348,448,448,463,463,123,123,123,123,139,152,164,179,179,179],"floor_reached":51,"playtime":2112,"items_purged":["Strike_B","Strike_B","Strike_B"],"score":719,"play_id":"976ad50d-ee67-48b9-a72a-e939311340d2","local_time":"20190830144855","is_ascension_mode":false,"campfire_choices":[{"data":"Zap","floor":6,"key":"SMITH"},{"data":"Chaos","floor":12,"key":"SMITH"},{"data":"Leap","floor":15,"key":"SMITH"},{"data":"Defragment","floor":23,"key":"SMITH"},{"data":"Storm","floor":25,"key":"SMITH"},{"data":"Loop","floor":32,"key":"SMITH"},{"data":"Buffer","floor":40,"key":"SMITH"},{"data":"Defragment","floor":42,"key":"SMITH"},{"data":"Capacitor","floor":44,"key":"SMITH"},{"data":"Biased Cognition","floor":49,"key":"SMITH"}],"neow_cost":"NONE","seed_source_timestamp":1227286884252400,"circlet_count":0,"master_deck":["Defend_B+1","Defend_B","Zap+1","Dualcast+1","Self Repair+1","Leap","Ball Lightning","Chaos+1","Leap+1","Storm+1","Seek","Steam","Defragment+1","Loop+1","Compile Driver+1","Buffer+1","Defragment+1","Conserve Battery+1","Hello World+1","Capacitor+1","Auto Shields+1","Glacier+1","Biased Cognition+1"],"relics":["Cracked Core","PreservedInsect","War Paint","Cursed Key","Mummified Hand","Blood Vial","Sozu","Torii","Bag of Preparation"],"potions_floor_usage":[0,16,16,30,31,33,37,50],"damage_taken":[{"damage":5,"enemies":"Small Slimes","floor":1,"turns":3},{"damage":1,"enemies":"2 Louse","floor":3,"turns":2},{"damage":1,"enemies":"Cultist","floor":5,"turns":4},{"damage":4,"enemies":"Exordium Wildlife","floor":7,"turns":6},{"damage":1,"enemies":"Looter","floor":8,"turns":3},{"damage":3,"enemies":"Lagavulin","floor":13,"turns":6},{"damage":0,"enemies":"Large Slime","floor":14,"turns":6},{"damage":41,"enemies":"Hexaghost","floor":16,"turns":13},{"damage":20,"enemies":"3 Byrds","floor":18,"turns":6},{"damage":0,"enemies":"Chosen","floor":19,"turns":5},{"damage":12,"enemies":"Snake Plant","floor":24,"turns":3},{"damage":9,"enemies":"Centurion and Healer","floor":28,"turns":6},{"damage":9,"enemies":"Shelled Parasite and Fungi","floor":29,"turns":4},{"damage":31,"enemies":"Slavers","floor":30,"turns":4},{"damage":0,"enemies":"Automaton","floor":33,"turns":8},{"damage":8,"enemies":"3 Shapes","floor":35,"turns":4},{"damage":18,"enemies":"Mind Bloom Boss Battle","floor":37,"turns":5},{"damage":0,"enemies":"3 Darklings","floor":39,"turns":5},{"damage":8,"enemies":"Jaw Worm Horde","floor":45,"turns":3},{"damage":0,"enemies":"Transient","floor":46,"turns":5},{"damage":1,"enemies":"4 Shapes","floor":47,"turns":3},{"damage":9,"enemies":"3 Darklings","floor":48,"turns":4},{"damage":1,"enemies":"Awakened One","floor":50,"turns":12}],"seed_played":"-2741391481775650224","potions_obtained":[{"floor":0,"key":"Fruit Juice"},{"floor":0,"key":"Dexterity Potion"},{"floor":0,"key":"Swift Potion"},{"floor":3,"key":"FearPotion"},{"floor":7,"key":"SkillPotion"},{"floor":16,"key":"FocusPotion"},{"floor":18,"key":"Energy Potion"},{"floor":30,"key":"Block Potion"},{"floor":31,"key":"Fruit Juice"},{"floor":31,"key":"FocusPotion"}],"is_trial":false,"path_per_floor":["M","?","M","$","M","R","M","M","T","?","?","R","E","M","R","B",null,"M","M","?","?","$","R","M","R","T","?","M","M","E","?","R","B",null,"M","?","?","?","M","R","$","R","T","R","M","M","M","M","R","B",null],"character_chosen":"DEFECT","items_purchased":["Loop","Bag of Preparation","Capacitor"],"campfire_rested":0,"item_purchase_floors":[22,41,41],"current_hp_per_floor":[75,75,80,80,80,80,80,80,80,64,64,64,71,80,80,49,80,70,80,80,80,80,80,78,78,78,78,79,80,59,64,64,76,85,85,85,77,77,85,85,85,85,85,85,85,85,85,85,85,85],"gold":179,"neow_bonus":"THREE_SMALL_POTIONS","is_prod":false,"is_daily":false,"chose_seed":false,"campfire_upgraded":10,"win_rate":0,"timestamp":1567144135,"path_taken":["M","?","M","$","M","R","M","M","T","?","?","R","E","M","R","BOSS","M","?","?","?","$","R","M","R","T","?","?","M","E","?","R","BOSS","M","?","?","?","M","R","$","R","T","R","M","M","M","?","R","BOSS"],"build_version":"2019-07-17","purchased_purges":3,"victory":true,"max_hp_per_floor":[80,80,80,80,80,80,80,80,80,80,80,80,80,80,80,80,80,80,80,80,80,80,80,80,80,80,80,80,80,80,85,85,85,85,85,85,85,85,85,85,85,85,85,85,85,85,85,85,85,85],"card_choices":[{"not_picked":["Redo","White Noise"],"picked":"Self Repair","floor":1},{"not_picked":["Rebound","Sweeping Beam","Undo"],"picked":"SKIP","floor":3},{"not_picked":["Go for the Eyes","Meteor Strike"],"picked":"Leap","floor":5},{"not_picked":["Barrage","Streamline"],"picked":"Ball Lightning","floor":7},{"not_picked":["Loop","Stack"],"picked":"Chaos","floor":8},{"not_picked":["Sweeping Beam","Genetic Algorithm"],"picked":"Leap","floor":13},{"not_picked":["Coolheaded","Beam Cell"],"picked":"Storm","floor":14},{"not_picked":["Meteor Strike","Fission"],"picked":"Seek","floor":16},{"not_picked":["Beam Cell","Hologram","Reinforced Body+1"],"picked":"SKIP","floor":18},{"not_picked":["Hologram+1","Ball Lightning+1","Turbo"],"picked":"SKIP","floor":19},{"not_picked":["Redo","Leap","Go for the Eyes"],"picked":"SKIP","floor":24},{"not_picked":["Undo","Compile Driver","Double Energy"],"picked":"SKIP","floor":28},{"not_picked":["Stack","Self Repair","Beam Cell"],"picked":"SKIP","floor":29},{"not_picked":["Sweeping Beam","Thunder Strike"],"picked":"Compile Driver+1","floor":30},{"not_picked":["Multi-Cast","Thunder Strike"],"picked":"Buffer","floor":33},{"not_picked":["Leap","Rip and Tear+1"],"picked":"Defragment","floor":35},{"not_picked":["Compile Driver","Reinforced Body"],"picked":"Conserve Battery+1","floor":37},{"not_picked":["Doom and Gloom","Ball Lightning+1"],"picked":"Hello World+1","floor":39},{"not_picked":["Sweeping Beam","Hello World+1","Steam+1"],"picked":"SKIP","floor":45},{"not_picked":["Ball Lightning+1","Sweeping Beam"],"picked":"Auto Shields+1","floor":46},{"not_picked":["Aggregate","Rip and Tear+1"],"picked":"Glacier+1","floor":47},{"not_picked":["Turbo","Barrage+1"],"picked":"Biased Cognition","floor":48}],"player_experience":319410,"relics_obtained":[{"floor":9,"key":"PreservedInsect"},{"floor":13,"key":"War Paint"},{"floor":30,"key":"Blood Vial"},{"floor":37,"key":"Torii"}],"event_choices":[{"damage_healed":0,"gold_gain":0,"player_choice":"Ignored","damage_taken":0,"max_hp_gain":0,"max_hp_loss":0,"event_name":"Golden Idol","floor":2,"gold_loss":0},{"damage_healed":0,"gold_gain":0,"player_choice":"Entered Light","damage_taken":16,"max_hp_gain":0,"max_hp_loss":0,"event_name":"Shining Light","floor":10,"gold_loss":0,"cards_upgraded":["Dualcast","Self Repair"]},{"damage_healed":0,"gold_gain":100,"player_choice":"Pray","damage_taken":0,"max_hp_gain":0,"max_hp_loss":0,"event_name":"Golden Shrine","floor":11,"gold_loss":0},{"damage_healed":0,"gold_gain":0,"cards_transformed":["Strike_B","Defend_B"],"player_choice":"Became Test Subject","damage_taken":0,"max_hp_gain":0,"max_hp_loss":0,"event_name":"Drug Dealer","floor":20,"gold_loss":0,"cards_obtained":["Steam","Defragment"]},{"damage_healed":0,"gold_gain":0,"player_choice":"Obtained Relic","damage_taken":0,"relics_obtained":["Mummified Hand"],"max_hp_gain":0,"max_hp_loss":0,"event_name":"Addict","floor":21,"gold_loss":85},{"damage_healed":0,"gold_gain":0,"player_choice":"Ignored","damage_taken":0,"max_hp_gain":0,"max_hp_loss":0,"event_name":"Cursed Tome","floor":27,"gold_loss":0},{"damage_healed":0,"gold_gain":0,"player_choice":"Got Potions","damage_taken":0,"max_hp_gain":0,"max_hp_loss":0,"event_name":"Lab","floor":31,"gold_loss":0},{"cards_removed":["Defend_B"],"damage_healed":0,"gold_gain":0,"player_choice":"Removed Skill","damage_taken":0,"max_hp_gain":0,"max_hp_loss":0,"event_name":"Falling","floor":36,"gold_loss":0},{"damage_healed":0,"gold_gain":0,"player_choice":"Fight","damage_taken":0,"max_hp_gain":0,"max_hp_loss":0,"event_name":"MindBloom","floor":37,"gold_loss":0},{"damage_healed":0,"gold_gain":0,"player_choice":"Ignored","damage_taken":0,"max_hp_gain":0,"max_hp_loss":0,"event_name":"NoteForYourself","floor":38,"gold_loss":0}],"is_beta":false,"boss_relics":[{"not_picked":["Nuclear Battery","Empty Cage"],"picked":"Cursed Key"},{"not_picked":["Busted Crown","Orrery"],"picked":"Sozu"}],"items_purged_floors":[4,22,41],"is_endless":false,"potions_floor_spawned":[3,7,13,16,18,28,30,37,39,47],"ascension_level":0}