{"gold_per_floor":[115,115,125,125,148,186,186,221,303,334,25,25,46,11,11,132,132,147,147,147,166,13,39,39,67,67,81,101,112,137,150,150,252,252,267,267,267,281,381,414,433,451,451,464,477,531,89,124,124,124],"floor_reached":51,"playtime":3653,"items_purged":["Strike_B"],"score":947,"play_id":"6bfd00a3-cd87-4dee-8436-4b00a9982bcc","local_time":"20190720002638","is_ascension_mode":true,"campfire_choices":[{"floor":7,"key":"REST"},{"floor":12,"key":"REST"},{"data":"Electrodynamics","floor":15,"key":"SMITH"},{"floor":24,"key":"RECALL"},{"floor":32,"key":"REST"},{"floor":49,"key":"REST"}],"neow_cost":"PERCENT_DAMAGE","seed_source_timestamp":18956517456450,"circlet_count":0,"master_deck":["Strike_B","Strike_B","Defend_B","Defend_B","Defend_B","Defend_B","Zap","Dualcast","Chill","Electrodynamics+1","Genetic Algorithm","Cold Snap","All For One","Heatsinks","Ball Lightning","Ball Lightning","Biased Cognition","Coolheaded","RitualDagger","Cold Snap","Seek","Electrodynamics","Coolheaded","White Noise","Force Field","Consume+1","Heatsinks+1","Echo Form","Undo+1","Purity","Deep Breath","Flash of Steel","Chill","Self Repair","Heatsinks+1","White Noise","Defragment+1","Loop","Machine Learning","Aggregate","Storm","White Noise","Steam Power+1"],"relics":["Cracked Core","FossilizedHelix","Bloody Idol","Torii","Smiling Mask","Odd Mushroom","Question Card","Fusion Hammer","Blue Candle","Mummified Hand","Orichalcum","Bottled Lightning","Philosopher\u0027s Stone","Thread and Needle","Dodecahedron","Bag of Marbles","Ginger","Incense Burner","Strawberry"],"potions_floor_usage":[10,16,25,30,40,41],"damage_taken":[{"damage":0,"enemies":"Small Slimes","floor":1,"turns":2},{"damage":0,"enemies":"2 Louse","floor":3,"turns":1},{"damage":0,"enemies":"Jaw Worm","floor":5,"turns":4},{"damage":9,"enemies":"Lagavulin","floor":6,"turns":8},{"damage":14,"enemies":"Gremlin Nob","floor":8,"turns":5},{"damage":0,"enemies":"The Mushroom Lair","floor":10,"turns":4},{"damage":0,"enemies":"3 Louse","floor":13,"turns":1},{"damage":0,"enemies":"Slime Boss","floor":16,"turns":6},{"damage":0,"enemies":"Shell Parasite","floor":18,"turns":4},{"damage":0,"enemies":"Spheric Guardian","floor":21,"turns":4},{"damage":19,"enemies":"Gremlin Leader","floor":23,"turns":4},{"damage":9,"enemies":"Book of Stabbing","floor":25,"turns":4},{"damage":0,"enemies":"Snecko","floor":27,"turns":3},{"damage":0,"enemies":"Chosen and Byrds","floor":28,"turns":5},{"damage":0,"enemies":"Cultist and Chosen","floor":29,"turns":3},{"damage":43,"enemies":"Gremlin Leader","floor":30,"turns":5},{"damage":0,"enemies":"Centurion and Healer","floor":31,"turns":3},{"damage":1,"enemies":"Collector","floor":33,"turns":7},{"damage":0,"enemies":"Orb Walker","floor":35,"turns":3},{"damage":0,"enemies":"3 Darklings","floor":38,"turns":2},{"damage":0,"enemies":"Mind Bloom Boss Battle","floor":39,"turns":6},{"damage":50,"enemies":"Giant Head","floor":40,"turns":9},{"damage":0,"enemies":"Writhing Mass","floor":41,"turns":6},{"damage":0,"enemies":"Maw","floor":42,"turns":8},{"damage":0,"enemies":"Spire Growth","floor":44,"turns":4},{"damage":0,"enemies":"Jaw Worm Horde","floor":45,"turns":2},{"damage":0,"enemies":"2 Orb Walkers","floor":46,"turns":2},{"damage":0,"enemies":"Reptomancer","floor":48,"turns":2},{"damage":1,"enemies":"Time Eater","floor":50,"turns":4}],"seed_played":"-3984457453919353317","potions_obtained":[{"floor":5,"key":"PowerPotion"},{"floor":8,"key":"SpeedPotion"},{"floor":13,"key":"GamblersBrew"},{"floor":18,"key":"PowerPotion"},{"floor":21,"key":"SpeedPotion"},{"floor":27,"key":"Poison Potion"},{"floor":33,"key":"Explosive Potion"},{"floor":40,"key":"Energy Potion"},{"floor":42,"key":"Ancient Potion"},{"floor":46,"key":"Regen Potion"},{"floor":48,"key":"FairyPotion"}],"is_trial":false,"path_per_floor":["M","?","M","?","M","E","R","E","T","?","$","R","M","?","R","B",null,"M","?","?","M","$","E","R","E","T","M","M","M","E","M","R","B",null,"M","?","?","M","?","E","M","M","T","M","M","?","$","E","R","B",null],"character_chosen":"DEFECT","items_purchased":["Question Card","Seek","Storm","White Noise","Incense Burner"],"campfire_rested":4,"item_purchase_floors":[11,22,47,47,47],"current_hp_per_floor":[54,54,54,36,36,27,49,35,35,35,35,57,57,75,75,75,75,75,75,69,74,74,60,60,56,56,61,66,71,33,38,60,64,75,75,65,65,70,71,33,52,71,71,71,71,71,71,78,78,78],"gold":124,"neow_bonus":"ONE_RARE_RELIC","is_prod":false,"is_daily":false,"chose_seed":false,"campfire_upgraded":1,"win_rate":0,"timestamp":1563575198,"path_taken":["M","?","M","?","M","E","R","E","T","?","?","R","M","?","R","BOSS","M","?","?","M","$","E","R","E","T","M","M","M","E","M","R","BOSS","M","?","?","M","?","E","M","M","T","?","M","?","$","E","R","BOSS"],"build_version":"2019-07-17","purchased_purges":1,"victory":true,"max_hp_per_floor":[75,75,75,75,75,75,75,75,75,75,75,75,75,75,75,75,75,75,75,75,75,75,75,75,75,75,75,75,75,75,75,75,75,75,75,75,71,71,71,71,71,71,71,71,71,71,71,78,78,78],"card_choices":[{"not_picked":["Cold Snap","Gash"],"picked":"Chill","floor":1},{"not_picked":["Go for the Eyes","FTL"],"picked":"Genetic Algorithm","floor":3},{"not_picked":["Capacitor","Hello World"],"picked":"Cold Snap","floor":5},{"not_picked":["Steam Power","Hologram"],"picked":"All For One","floor":6},{"not_picked":["Fusion","Leap"],"picked":"Heatsinks","floor":8},{"not_picked":["Steam","Rebound"],"picked":"Ball Lightning","floor":10},{"not_picked":["Leap","Steam","Stack"],"picked":"Ball Lightning","floor":13},{"not_picked":["Machine Learning","Multi-Cast","Rainbow"],"picked":"Biased Cognition","floor":16},{"not_picked":["Gash","Conserve Battery","Double Energy"],"picked":"Coolheaded","floor":18},{"not_picked":["Redo","Steam","Leap"],"picked":"Cold Snap","floor":21},{"not_picked":["Sweeping Beam+1","Doom and Gloom","Reprogram"],"picked":"Electrodynamics","floor":23},{"not_picked":["Chaos+1","Redo","Beam Cell"],"picked":"Coolheaded","floor":25},{"not_picked":["Rebound+1","Streamline","Electrodynamics","Leap"],"picked":"SKIP","floor":27},{"not_picked":["Undo","Double Energy","Stack"],"picked":"White Noise","floor":28},{"not_picked":["Rip and Tear","Barrage","Sweeping Beam"],"picked":"Force Field","floor":29},{"not_picked":["Hyperbeam","Streamline","White Noise"],"picked":"Consume+1","floor":30},{"not_picked":["Auto Shields","Streamline","Ball Lightning"],"picked":"Heatsinks+1","floor":31},{"not_picked":["Multi-Cast","Electrodynamics","Buffer"],"picked":"Echo Form","floor":33},{"not_picked":["Scrape+1","Reprogram","Streamline+1"],"picked":"Undo+1","floor":35},{"not_picked":["Swift Strike","Dramatic Entrance","Mind Blast"],"picked":"Purity","floor":36},{"not_picked":["Sadistic Nature","Swift Strike","Jack Of All Trades"],"picked":"Deep Breath","floor":36},{"not_picked":["Mind Blast","Dark Shackles","Purity"],"picked":"Flash of Steel","floor":36},{"not_picked":["Ball Lightning","Leap+1","Steam"],"picked":"Chill","floor":38},{"not_picked":["Rebound+1","Compile Driver","Redo+1"],"picked":"Self Repair","floor":39},{"not_picked":["Beam Cell+1","Sweeping Beam","Leap+1"],"picked":"Heatsinks+1","floor":40},{"not_picked":["Leap","Loop","Stack"],"picked":"White Noise","floor":41},{"not_picked":["Leap","Cold Snap","Rebound+1"],"picked":"Defragment+1","floor":42},{"not_picked":["Ball Lightning+1","Conserve Battery","Reprogram+1"],"picked":"Loop","floor":44},{"not_picked":["Compile Driver+1","Rebound+1","Coolheaded+1"],"picked":"Machine Learning","floor":45},{"not_picked":["Consume+1","Gash","Chaos+1"],"picked":"Aggregate","floor":46},{"not_picked":["Cold Snap+1","Blizzard+1","Tempest"],"picked":"Steam Power+1","floor":48}],"player_experience":169822,"relics_obtained":[{"floor":6,"key":"Torii"},{"floor":8,"key":"Smiling Mask"},{"floor":10,"key":"Odd Mushroom"},{"floor":23,"key":"Blue Candle"},{"floor":25,"key":"Mummified Hand"},{"floor":26,"key":"Orichalcum"},{"floor":30,"key":"Bottled Lightning"},{"floor":39,"key":"Thread and Needle"},{"floor":40,"key":"Dodecahedron"},{"floor":43,"key":"Bag of Marbles"},{"floor":46,"key":"Ginger"},{"floor":48,"key":"Strawberry"}],"event_choices":[{"damage_healed":0,"gold_gain":0,"cards_transformed":["Strike_B"],"player_choice":"Change","damage_taken":0,"max_hp_gain":0,"max_hp_loss":0,"event_name":"Living Wall","floor":2,"gold_loss":0,"cards_obtained":["Electrodynamics"]},{"damage_healed":0,"gold_gain":0,"player_choice":"Take Damage","damage_taken":18,"relics_obtained":["Golden Idol"],"max_hp_gain":0,"max_hp_loss":0,"event_name":"Golden Idol","floor":4,"gold_loss":0},{"damage_healed":0,"gold_gain":0,"player_choice":"Fought Mushrooms","damage_taken":0,"max_hp_gain":0,"max_hp_loss":0,"event_name":"Mushrooms","floor":10,"gold_loss":0},{"damage_healed":18,"gold_gain":0,"player_choice":"Healed","damage_taken":0,"max_hp_gain":0,"max_hp_loss":0,"event_name":"The Cleric","floor":14,"gold_loss":35},{"damage_healed":0,"gold_gain":0,"player_choice":"Gave Idol","damage_taken":0,"relics_obtained":["Bloody Idol"],"max_hp_gain":0,"max_hp_loss":0,"event_name":"Forgotten Altar","floor":19,"relics_lost":["Golden Idol"],"gold_loss":0},{"damage_healed":0,"gold_gain":0,"player_choice":"Joined the Cult","damage_taken":6,"max_hp_gain":0,"max_hp_loss":0,"event_name":"Nest","floor":20,"gold_loss":0,"cards_obtained":["RitualDagger"]},{"damage_healed":0,"gold_gain":0,"player_choice":"Memory 3","damage_taken":10,"max_hp_gain":0,"max_hp_loss":0,"event_name":"SensoryStone","floor":36,"gold_loss":0},{"damage_healed":0,"gold_gain":0,"player_choice":"Max HP","damage_taken":0,"max_hp_gain":0,"max_hp_loss":4,"event_name":"Winding Halls","floor":37,"gold_loss":0},{"damage_healed":0,"gold_gain":0,"player_choice":"Fight","damage_taken":0,"max_hp_gain":0,"max_hp_loss":0,"event_name":"MindBloom","floor":39,"gold_loss":0},{"damage_healed":0,"gold_gain":0,"player_choice":"Fight","damage_taken":0,"max_hp_gain":0,"max_hp_loss":0,"event_name":"Mysterious Sphere","floor":46,"gold_loss":0}],"is_beta":false,"boss_relics":[{"not_picked":["White Beast Statue","Nuclear Battery"],"picked":"Fusion Hammer"},{"not_picked":["Black Star","Lizard Tail"],"picked":"Philosopher\u0027s Stone"}],"items_purged_floors":[11],"is_endless":false,"potions_floor_spawned":[5,8,13,18,21,27,33,40,42,46,48],"ascension_level":3}