{"path_per_floor":["M","?","M","$","?","R","M","R","T","T","M","R","M","$","R","B",null,"M","M","?","?","$","R","?","?","T","E","M","E","M","M","R"],"character_chosen":"THE_SILENT","items_purchased":["Blood Vial","Footwork","Escape Plan"],"gold_per_floor":[217,217,235,13,13,13,37,37,61,61,81,81,99,29,29,157,157,157,157,117,117,42,42,42,42,42,42,42,42,42,42,42],"floor_reached":33,"campfire_rested":2,"playtime":4352,"current_hp_per_floor":[63,49,49,49,49,49,51,51,51,51,52,52,54,54,54,14,52,46,21,21,21,21,39,39,39,39,28,30,24,26,12,30],"items_purged":["Parasite"],"gold":42,"score":440,"play_id":"a3a2f825-9e01-481e-9ffe-7d6da70bb1aa","is_prod":false,"is_daily":false,"is_ascension_mode":true,"campfire_upgraded":4,"path_taken":["M","?","M","$","?","R","?","R","T","?","M","R","M","$","R","BOSS","M","M","?","?","$","R","?","?","T","E","M","E","M","M","R","BOSS"],"build_version":"2018-02-22-PROD2","purchased_purges":1,"victory":false,"master_deck":["Defend_G","Defend_G","Defend_G+1","Defend_G","Defend_G","Strike_G","Strike_G","Strike_G","Strike_G+1","Survivor","Neutralize+1","Flying Knee","Footwork+1","PiercingWail","Burst+1","Dodge and Roll+1","Escape Plan","After Image","Well Laid Plans","A Thousand Cuts","Dodge and Roll+1","Prepared","Dagger Spray","Prepared+1"],"max_hp_per_floor":[70,70,70,70,65,65,65,65,65,65,65,65,65,65,65,65,65,65,65,65,65,62,62,62,62,62,62,62,62,62,62,62],"relics":["Ring of the Snake","Blood Vial","Bloody Idol","Pen Nib","Bottled Lightning","Ectoplasm","Anchor","Darkstone Periapt","Thread and Needle"],"card_choices":[{"not_picked":["Finisher","Blade Dance"],"picked":"Flying Knee"},{"not_picked":["Slice","Underhanded Strike"],"picked":"PiercingWail"},{"not_picked":["Dodge and Roll","Underhanded Strike"],"picked":"Burst"},{"not_picked":["Quick Slash","Accuracy"],"picked":"Dodge and Roll"},{"not_picked":["Unload","Bullet Time"],"picked":"After Image"},{"not_picked":["Cloak And Dagger","Dagger Throw"],"picked":"Well Laid Plans"},{"not_picked":["Deflect","Flying Knee"],"picked":"Dodge and Roll"},{"not_picked":["Storm of Steel","Bane"],"picked":"Prepared"},{"not_picked":["Flechettes","Dodge and Roll"],"picked":"Dagger Spray"},{"not_picked":["Flying Knee","Bane"],"picked":"Prepared"}],"player_experience":892670,"potions_floor_usage":[16,16,16,19,27,27,27,28,30],"damage_taken":[{"damage":0,"enemies":"Jaw Worm","floor":1,"turns":6},{"damage":0,"enemies":"Small Slimes","floor":3,"turns":4},{"damage":0,"enemies":"Cultist","floor":7,"turns":3},{"damage":1,"enemies":"Blue Slaver","floor":11,"turns":4},{"damage":0,"enemies":"3 Louse","floor":13,"turns":4},{"damage":42,"enemies":"Slime Boss","floor":16,"turns":26},{"damage":8,"enemies":"3 Byrds","floor":18,"turns":12},{"damage":39,"enemies":"Chosen","floor":19,"turns":11},{"damage":13,"enemies":"Slavers","floor":27,"turns":8},{"damage":0,"enemies":"Centurion and Healer","floor":28,"turns":10},{"damage":8,"enemies":"Book of Stabbing","floor":29,"turns":11},{"damage":0,"enemies":"Snake Plant","floor":30,"turns":9},{"damage":16,"enemies":"Snecko","floor":31,"turns":13},{"damage":45,"enemies":"Automaton","floor":33,"turns":16}],"event_choices":[{"event_name":"Shining Light","player_choice":"Entered Light","floor":2,"damage_taken":0},{"event_name":"Golden Idol","player_choice":"Lose Max HP","floor":5,"damage_taken":0},{"event_name":"The Woman in Blue","player_choice":"Bought 3 Potions","floor":20,"damage_taken":0},{"event_name":"Transmorgrifier","player_choice":"Transform","floor":21,"damage_taken":0},{"event_name":"Cursed Tome","player_choice":"Ignored","floor":24,"damage_taken":0},{"event_name":"Forgotten Altar","player_choice":"Gave Idol","floor":25,"damage_taken":0}],"boss_relics":[{"not_picked":["Philosopher\u0027s Stone","Orrery"],"picked":"Ectoplasm"}],"potions_floor_spawned":[1,11,13,18,27,29],"seed_played":"-7730083209679436745","killed_by":"Automaton","ascension_level":12,"is_trial":false}