{"gold_per_floor":[113,131,143,157,175,175,175,175,199,199,234,234,269,284,284,359,359,376,392,40,51,51,51,51,82,82,82,82],"floor_reached":28,"playtime":4887,"items_purged":["Defend_G"],"score":484,"play_id":"3c8b73c2-733a-4422-b966-29c568db77e6","local_time":"20181112133827","is_ascension_mode":true,"campfire_choices":[{"data":"Choke","floor":6,"key":"SMITH"},{"data":"Neutralize","floor":8,"key":"SMITH"},{"data":"Dash","floor":10,"key":"SMITH"},{"floor":15,"key":"REST"},{"data":"RitualDagger","floor":23,"key":"SMITH"}],"neow_cost":"TEN_PERCENT_HP_LOSS","seed_source_timestamp":671183282472170,"circlet_count":0,"master_deck":["AscendersBane","Defend_G+1","Defend_G+1","Defend_G+1","Defend_G+1","Strike_G+1","Strike_G+1","Strike_G+1","Survivor","Neutralize+1","Choke+1","Dash+1","Backflip","Poisoned Stab","Dagger Spray","Deadly Poison","Prepared","Backstab","Catalyst","Outmaneuver","Burst","RitualDagger+1"],"relics":["Ring of the Snake","Bronze Scales","Ancient Tea Set","Happy Flower","Ornamental Fan","Orichalcum","Busted Crown","Frozen Egg 2","Dodecahedron","Molten Egg 2"],"potions_floor_usage":[11,11,16,21,25],"damage_taken":[{"damage":1,"enemies":"Jaw Worm","floor":1,"turns":4},{"damage":0,"enemies":"Small Slimes","floor":2,"turns":4},{"damage":0,"enemies":"2 Louse","floor":3,"turns":2},{"damage":0,"enemies":"2 Fungi Beasts","floor":4,"turns":4},{"damage":0,"enemies":"Blue Slaver","floor":5,"turns":4},{"damage":10,"enemies":"Lagavulin","floor":11,"turns":4},{"damage":16,"enemies":"3 Sentries","floor":13,"turns":7},{"damage":9,"enemies":"Exordium Thugs","floor":14,"turns":3},{"damage":6,"enemies":"The Guardian","floor":16,"turns":11},{"damage":6,"enemies":"3 Byrds","floor":18,"turns":3},{"damage":2,"enemies":"2 Thieves","floor":19,"turns":3},{"damage":0,"enemies":"3 Cultists","floor":21,"turns":5},{"damage":28,"enemies":"Slavers","floor":25,"turns":8},{"damage":12,"enemies":"Snake Plant","floor":28,"turns":3}],"seed_played":"-6062175463774118262","potions_obtained":[{"floor":2,"key":"PowerPotion"},{"floor":5,"key":"Poison Potion"},{"floor":14,"key":"Weak Potion"},{"floor":16,"key":"Poison Potion"},{"floor":19,"key":"Block Potion"}],"is_trial":false,"path_per_floor":["M","M","M","M","M","R","?","R","T","R","E","T","E","M","R","B",null,"M","M","$","M","?","R","$","E","T","?","M"],"character_chosen":"THE_SILENT","items_purchased":["Frozen Egg 2"],"campfire_rested":1,"item_purchase_floors":[20],"current_hp_per_floor":[58,58,58,58,58,58,58,58,58,58,48,48,32,23,41,35,54,48,46,46,46,40,40,40,12,12,12,0],"gold":82,"neow_bonus":"TRANSFORM_TWO_CARDS","is_prod":false,"is_daily":false,"chose_seed":false,"campfire_upgraded":4,"win_rate":0,"timestamp":1542047907,"path_taken":["M","M","M","M","M","R","?","R","T","R","E","?","E","M","R","BOSS","M","M","$","M","?","R","$","E","T","?","M"],"build_version":"2018-11-08","purchased_purges":1,"victory":false,"max_hp_per_floor":[60,60,60,60,60,60,60,60,60,60,60,60,60,60,60,60,60,60,60,60,60,60,60,60,60,60,60,60],"card_choices":[{"not_picked":["Bane","Riddle With Holes"],"picked":"Backflip","floor":1},{"not_picked":["Cloak And Dagger","Caltrops"],"picked":"Poisoned Stab","floor":2},{"not_picked":["Bane","Quick Slash"],"picked":"Dagger Spray","floor":3},{"not_picked":["Dagger Throw","Tactician"],"picked":"Deadly Poison","floor":4},{"not_picked":["Acrobatics","Finisher"],"picked":"Prepared","floor":5},{"not_picked":["Deflect","Dodge and Roll"],"picked":"Backstab","floor":11},{"not_picked":["A Thousand Cuts","Deadly Poison"],"picked":"Catalyst","floor":13},{"not_picked":["Acrobatics","Setup"],"picked":"Outmaneuver","floor":14},{"not_picked":["Unload","A Thousand Cuts"],"picked":"Burst","floor":16},{"not_picked":["Acrobatics"],"picked":"SKIP","floor":18},{"not_picked":["Cloak And Dagger"],"picked":"SKIP","floor":19},{"not_picked":["Dagger Throw"],"picked":"SKIP","floor":21},{"not_picked":["Underhanded Strike"],"picked":"SKIP","floor":25}],"player_experience":2232429,"relics_obtained":[{"floor":9,"key":"Ancient Tea Set"},{"floor":11,"key":"Happy Flower"},{"floor":12,"key":"Ornamental Fan"},{"floor":13,"key":"Orichalcum"},{"floor":25,"key":"Dodecahedron"},{"floor":26,"key":"Molten Egg 2"}],"event_choices":[{"damage_healed":0,"gold_gain":0,"player_choice":"Searched \u00271\u0027 times","damage_taken":0,"relics_obtained":["Bronze Scales"],"max_hp_gain":0,"max_hp_loss":0,"event_name":"Dead Adventurer","floor":7,"gold_loss":0},{"damage_healed":0,"gold_gain":0,"player_choice":"Searched \u00271\u0027 times","damage_taken":0,"relics_obtained":["Bronze Scales"],"max_hp_gain":0,"max_hp_loss":0,"event_name":"Dead Adventurer","floor":7,"gold_loss":0},{"damage_healed":0,"gold_gain":0,"player_choice":"Joined the Cult","damage_taken":6,"max_hp_gain":0,"max_hp_loss":0,"event_name":"Nest","floor":22,"gold_loss":0,"cards_obtained":["RitualDagger"]},{"damage_healed":0,"gold_gain":0,"player_choice":"Simplicity","damage_taken":0,"max_hp_gain":0,"max_hp_loss":0,"event_name":"Back to Basics","floor":27,"gold_loss":0,"cards_upgraded":["Defend_G","Defend_G","Defend_G","Defend_G","Strike_G","Strike_G","Strike_G"]}],"is_beta":false,"boss_relics":[{"not_picked":["Empty Cage","Black Star"],"picked":"Busted Crown"}],"items_purged_floors":[20],"is_endless":false,"potions_floor_spawned":[2,5,14,16,19],"killed_by":"Snake Plant","ascension_level":19}