{"gold_per_floor":[117,41,52,52,68,68,101,101,155,171,16,16,48,198,198,274,274,291,291],"floor_reached":19,"playtime":1050,"items_purged":["Strike_G"],"score":350,"play_id":"de4166d5-279b-40c2-9fc3-1fa397b4208c","local_time":"20181124114603","is_ascension_mode":true,"campfire_choices":[{"data":"Footwork","floor":6,"key":"SMITH"},{"data":"Neutralize","floor":8,"key":"SMITH"},{"data":"Terror","floor":15,"key":"SMITH"}],"neow_cost":"NONE","seed_source_timestamp":911630111863623,"circlet_count":0,"master_deck":["AscendersBane","Defend_G","Defend_G","Defend_G","Defend_G+1","Defend_G+1","Strike_G","Strike_G","Strike_G","Strike_G","Survivor","Neutralize+1","Quick Slash","Bouncing Flask+1","Footwork+1","Backflip","Terror+1","Predator","Backflip","Poisoned Stab","Adrenaline","Catalyst"],"relics":["Ring of the Snake","NeowsBlessing","War Paint","Omamori","Tingsha","Bronze Scales","Philosopher\u0027s Stone"],"potions_floor_usage":[7,7,19,19],"damage_taken":[{"damage":0,"enemies":"Jaw Worm","floor":1,"turns":1},{"damage":0,"enemies":"Cultist","floor":3,"turns":1},{"damage":0,"enemies":"Small Slimes","floor":5,"turns":1},{"damage":11,"enemies":"Gremlin Nob","floor":7,"turns":3},{"damage":5,"enemies":"2 Fungi Beasts","floor":10,"turns":3},{"damage":15,"enemies":"Lagavulin","floor":13,"turns":5},{"damage":2,"enemies":"Hexaghost","floor":16,"turns":8},{"damage":23,"enemies":"2 Thieves","floor":18,"turns":4},{"damage":0,"enemies":"Colosseum Slavers","floor":19,"turns":5},{"damage":70,"enemies":"Colosseum Nobs","floor":19,"turns":3}],"seed_played":"-2150103600998035091","potions_obtained":[{"floor":1,"key":"Strength Potion"},{"floor":3,"key":"SkillPotion"},{"floor":16,"key":"Dexterity Potion"}],"is_trial":false,"path_per_floor":["M","$","M","?","M","R","E","R","T","M","$","?","E","?","R","B",null,"M","?"],"character_chosen":"THE_SILENT","items_purchased":["Bouncing Flask","Backflip","PowerPotion"],"campfire_rested":0,"item_purchase_floors":[2,11,11],"current_hp_per_floor":[59,59,59,59,59,59,48,48,48,43,43,43,28,28,28,26,56,33,0],"gold":291,"neow_bonus":"THREE_ENEMY_KILL","is_prod":false,"is_daily":false,"chose_seed":false,"campfire_upgraded":3,"win_rate":0,"timestamp":1543077963,"path_taken":["M","$","M","?","?","R","E","R","T","M","?","?","E","?","R","BOSS","M","?"],"build_version":"2018-11-15","purchased_purges":1,"victory":false,"max_hp_per_floor":[66,66,66,66,66,66,66,66,66,66,66,66,66,66,66,66,66,66,66],"card_choices":[{"not_picked":["Backstab","PiercingWail"],"picked":"Quick Slash","floor":1},{"not_picked":["Slice","All Out Attack"],"picked":"Footwork","floor":3},{"not_picked":["Caltrops","Deadly Poison"],"picked":"Backflip","floor":5},{"not_picked":["Noxious Fumes","Slice"],"picked":"Terror","floor":7},{"not_picked":["Accuracy","Choke"],"picked":"Predator","floor":10},{"not_picked":["Quick Slash","Deadly Poison"],"picked":"Poisoned Stab","floor":13},{"not_picked":["Die Die Die","Venomology"],"picked":"Adrenaline","floor":16},{"not_picked":["Quick Slash","Deadly Poison"],"picked":"Catalyst","floor":18}],"player_experience":2480865,"relics_obtained":[{"floor":7,"key":"War Paint"},{"floor":9,"key":"Omamori"},{"floor":13,"key":"Bronze Scales"}],"event_choices":[{"damage_healed":0,"gold_gain":0,"player_choice":"Upgraded","damage_taken":0,"max_hp_gain":0,"max_hp_loss":0,"event_name":"Upgrade Shrine","floor":4,"gold_loss":0,"cards_upgraded":["Bouncing Flask"]},{"damage_healed":0,"gold_gain":0,"player_choice":"Box","damage_taken":0,"relics_obtained":["Tingsha"],"max_hp_gain":0,"max_hp_loss":0,"event_name":"Big Fish","floor":12,"gold_loss":0,"cards_obtained":["Regret"]},{"damage_healed":0,"gold_gain":150,"player_choice":"AGREE","damage_taken":0,"max_hp_gain":0,"max_hp_loss":0,"event_name":"Liars Game","floor":14,"gold_loss":0,"cards_obtained":["Doubt"]},{"damage_healed":0,"gold_gain":0,"player_choice":"Fight","damage_taken":0,"max_hp_gain":0,"max_hp_loss":0,"event_name":"Colosseum","floor":19,"gold_loss":0},{"damage_healed":0,"gold_gain":0,"player_choice":"Fought Nobs","damage_taken":0,"max_hp_gain":0,"max_hp_loss":0,"event_name":"Colosseum","floor":19,"gold_loss":0}],"is_beta":false,"boss_relics":[{"not_picked":["WristBlade","Velvet Choker"],"picked":"Philosopher\u0027s Stone"}],"items_purged_floors":[11],"is_endless":false,"potions_floor_spawned":[1,3,16],"killed_by":"Colosseum Nobs","ascension_level":20}