{"gold_per_floor":[109,119,119,294,311,336,336,365,389,436,448,71,89,123,123,218,218,236,246,161,161,21,46,46,72,118,171,171,206,81,95,95,191,191,208,308,308,343,363,395,395,395,395,67,98,172,172,226,226,226],"floor_reached":51,"playtime":3508,"items_purged":["Doubt"],"score":1077,"play_id":"1431b603-db28-4956-b54d-2b2bd8de4988","local_time":"20190709044445","daily_mods":["Chimera","Diverse","Elite Swarm"],"is_ascension_mode":false,"campfire_choices":[{"floor":7.0,"key":"REST"},{"floor":15.0,"key":"REST"},{"data":"Phantasmal Killer","floor":24.0,"key":"SMITH"},{"floor":28.0,"key":"REST"},{"data":"Buffer","floor":32,"key":"SMITH"},{"data":"Berserk","floor":42,"key":"SMITH"},{"data":"Double Tap","floor":47,"key":"SMITH"},{"data":"Noxious Fumes","floor":49,"key":"SMITH"}],"neow_cost":"","seed_source_timestamp":0,"circlet_count":0,"master_deck":["Bash","Survivor","Zap","Defend_R","Defend_G","Defend_B","Shrug It Off","Sweeping Beam","Flying Knee","Barricade","Double Tap+1","Bullet Time","HandOfGreed","Caltrops","Beam Cell","Iron Wave","Berserk+1","Hologram+1","Die Die Die","Phantasmal Killer+1","Machine Learning","Buffer+1","Blade Dance+1","Malaise","Evolve+1","Recycle+1","Offering+1","Burning Pact+1","Streamline+1","Madness","Madness","Cleave+1","Metallicize+1","Creative AI","Noxious Fumes+1","Bullet Time","Envenom"],"special_seed":0,"relics":["Ring of the Snake","Bronze Scales","Lantern","Singing Bowl","MawBank","Pocketwatch","Black Star","Happy Flower","Mummified Hand","Bird Faced Urn","Meat on the Bone","Tingsha","Juzu Bracelet","Boot","Dead Branch","Gambling Chip","Anchor","Bottled Lightning","Astrolabe","Peace Pipe","Orichalcum","Letter Opener","Mercury Hourglass","Bag of Marbles","Pantograph","Pen Nib","Torii","Bottled Tornado","Regal Pillow"],"potions_floor_usage":[33,44,45],"damage_taken":[{"damage":0.0,"enemies":"Jaw Worm","floor":1.0,"turns":4.0},{"damage":0.0,"enemies":"2 Louse","floor":2.0,"turns":3.0},{"damage":12.0,"enemies":"Cultist","floor":5.0,"turns":4.0},{"damage":20.0,"enemies":"Gremlin Nob","floor":6.0,"turns":4.0},{"damage":34.0,"enemies":"Lagavulin","floor":8.0,"turns":6.0},{"damage":15.0,"enemies":"Gremlin Nob","floor":10.0,"turns":4.0},{"damage":0.0,"enemies":"Gremlin Gang","floor":13.0,"turns":2.0},{"damage":0.0,"enemies":"3 Louse","floor":14.0,"turns":2.0},{"damage":12.0,"enemies":"Hexaghost","floor":16.0,"turns":7.0},{"damage":0.0,"enemies":"Chosen","floor":18.0,"turns":3.0},{"damage":0.0,"enemies":"Spheric Guardian","floor":19.0,"turns":1.0},{"damage":26.0,"enemies":"Gremlin Leader","floor":23.0,"turns":9.0},{"damage":42.0,"enemies":"Book of Stabbing","floor":25.0,"turns":4.0},{"damage":17.0,"enemies":"Slavers","floor":27.0,"turns":4.0},{"damage":16,"enemies":"Book of Stabbing","floor":29,"turns":4},{"damage":0,"enemies":"Chosen and Byrds","floor":31,"turns":5},{"damage":2,"enemies":"Collector","floor":33,"turns":6},{"damage":6,"enemies":"3 Darklings","floor":35,"turns":2},{"damage":28,"enemies":"Mind Bloom Boss Battle","floor":36,"turns":5},{"damage":9,"enemies":"3 Shapes","floor":38,"turns":2},{"damage":0,"enemies":"Spire Growth","floor":39,"turns":3},{"damage":9,"enemies":"Nemesis","floor":40,"turns":5},{"damage":0,"enemies":"Reptomancer","floor":45,"turns":3},{"damage":23,"enemies":"2 Orb Walkers","floor":46,"turns":4},{"damage":6,"enemies":"Giant Head","floor":48,"turns":5},{"damage":29,"enemies":"Time Eater","floor":50,"turns":9}],"seed_played":"-1705969811759384541","potions_obtained":[{"floor":1.0,"key":"Explosive Potion"},{"floor":5.0,"key":"Strength Potion"},{"floor":8.0,"key":"GamblersBrew"},{"floor":16.0,"key":"SneckoOil"},{"floor":19.0,"key":"Strength Potion"},{"floor":29,"key":"Fire Potion"},{"floor":36,"key":"Poison Potion"}],"is_trial":true,"path_per_floor":["M","M","?","?","M","E","R","E","T","E","?","$","M","M","R","B",null,"M","M","?","T","$","E","R","E","T","E","R","E","$","M","R","B",null,"M","?","?","M","M","E","?","R","T","$","E","?","R","E","R","B",null],"character_chosen":"THE_SILENT","items_purchased":["HandOfGreed","Caltrops","Beam Cell","Iron Wave","Die Die Die","Ancient Potion","Weak Potion","Bag of Marbles","Noxious Fumes","Fruit Juice"],"campfire_rested":3,"item_purchase_floors":[12,12,12,12,22,30,30,44,44,44],"current_hp_per_floor":[70,70,70,70,58,38,59,25,25,10,10,10,12,14,36,24,74,74,76,76,76,76,50,50,22,22,23,46,46,46,56,56,70,78,74,52,42,51,63,70,70,70,70,75,83,68,68,80,80,79],"gold":226,"neow_bonus":"","is_prod":false,"is_daily":false,"chose_seed":false,"campfire_upgraded":5,"win_rate":0,"timestamp":1562669085,"path_taken":["M","M","?","?","M","E","R","E","T","E","?","$","?","?","R","BOSS","M","M","?","?","$","E","R","E","T","E","R","E","?","M","R","BOSS","M","?","?","M","M","E","?","R","T","$","E","?","R","E","R","BOSS"],"build_version":"2019-07-03","purchased_purges":1,"victory":true,"max_hp_per_floor":[70,70,70,70,70,70,70,70,70,70,70,70,72,74,74,74,74,74,76,76,76,76,76,76,76,76,78,78,78,78,78,78,78,78,78,78,78,78,78,78,78,78,78,83,83,85,85,85,85,85],"card_choices":[{"not_picked":["Combust","Twin Strike"],"picked":"Shrug It Off","floor":1.0},{"not_picked":["Cold Snap","Dodge and Roll"],"picked":"Sweeping Beam","floor":2.0},{"not_picked":["Aggregate","Leap"],"picked":"Flying Knee","floor":5.0},{"not_picked":["Corpse Explosion","Dark Embrace"],"picked":"Barricade","floor":6.0},{"not_picked":["Envenom","Creative AI"],"picked":"Double Tap","floor":8.0},{"not_picked":["Malaise","Corpse Explosion"],"picked":"Bullet Time","floor":10.0},{"not_picked":["Heel Hook","BootSequence","Shockwave"],"picked":"Singing Bowl","floor":13.0},{"not_picked":["Quick Slash","Anger","Deflect"],"picked":"Singing Bowl","floor":14.0},{"not_picked":["Dark Embrace","Rainbow"],"picked":"Berserk","floor":16.0},{"not_picked":["Cold Snap+1","Clothesline+1"],"picked":"Hologram+1","floor":18.0},{"not_picked":["Bouncing Flask","Heavy Blade","Bane"],"picked":"Singing Bowl","floor":19.0},{"not_picked":["Biased Cognition","Malaise"],"picked":"Phantasmal Killer","floor":23.0},{"not_picked":["Limit Break","Meteor Strike"],"picked":"Machine Learning","floor":25.0},{"not_picked":["All For One","Brutality","Multi-Cast"],"picked":"Singing Bowl","floor":27.0},{"not_picked":["Berserk","Storm of Steel"],"picked":"Buffer","floor":29},{"not_picked":["Hologram","Flying Knee"],"picked":"Blade Dance+1","floor":31},{"not_picked":["Burst","Reboot"],"picked":"Malaise","floor":33},{"not_picked":["Carnage+1","Finisher+1"],"picked":"Burning Pact+1","floor":35},{"not_picked":["Go for the Eyes","Crippling Poison+1"],"picked":"Streamline+1","floor":36},{"not_picked":["Anger","Thunderclap+1"],"picked":"Cleave+1","floor":38},{"not_picked":["Concentrate","Backstab+1"],"picked":"Metallicize+1","floor":39},{"not_picked":["A Thousand Cuts","Fiend Fire"],"picked":"Creative AI","floor":40},{"not_picked":["Multi-Cast","Impervious"],"picked":"Bullet Time","floor":45},{"not_picked":["Sentinel+1","Barrage+1","Sunder"],"picked":"Singing Bowl","floor":46},{"not_picked":["Corpse Explosion","Malaise"],"picked":"Envenom","floor":48}],"player_experience":1169299,"relics_obtained":[{"floor":6.0,"key":"Lantern"},{"floor":8.0,"key":"Singing Bowl"},{"floor":9.0,"key":"MawBank"},{"floor":10.0,"key":"Pocketwatch"},{"floor":21.0,"key":"Mummified Hand"},{"floor":23.0,"key":"Bird Faced Urn"},{"floor":23.0,"key":"Meat on the Bone"},{"floor":25.0,"key":"Tingsha"},{"floor":25.0,"key":"Juzu Bracelet"},{"floor":26.0,"key":"Boot"},{"floor":27.0,"key":"Dead Branch"},{"floor":27.0,"key":"Gambling Chip"},{"floor":29,"key":"Anchor"},{"floor":29,"key":"Bottled Lightning"},{"floor":36,"key":"Peace Pipe"},{"floor":40,"key":"Orichalcum"},{"floor":40,"key":"Letter Opener"},{"floor":43,"key":"Mercury Hourglass"},{"floor":45,"key":"Pantograph"},{"floor":45,"key":"Pen Nib"},{"floor":46,"key":"Torii"},{"floor":48,"key":"Bottled Tornado"},{"floor":48,"key":"Regal Pillow"}],"event_choices":[{"damage_healed":0.0,"max_hp_gain":0.0,"max_hp_loss":0.0,"gold_gain":0.0,"event_name":"Big Fish","player_choice":"Box","floor":3.0,"gold_loss":0.0,"damage_taken":0.0,"relics_obtained":["Bronze Scales"],"cards_obtained":["Regret"]},{"damage_healed":0.0,"max_hp_gain":0.0,"max_hp_loss":0.0,"gold_gain":175.0,"event_name":"Liars Game","player_choice":"AGREE","floor":4.0,"gold_loss":0.0,"damage_taken":0.0,"cards_obtained":["Doubt"]},{"cards_removed":["Regret"],"damage_healed":0.0,"max_hp_gain":0.0,"max_hp_loss":0.0,"gold_gain":0.0,"event_name":"Purifier","player_choice":"Purged","floor":11.0,"gold_loss":0.0,"damage_taken":0.0},{"damage_healed":0.0,"max_hp_gain":0.0,"max_hp_loss":0.0,"gold_gain":0.0,"event_name":"Addict","player_choice":"Obtained Relic","floor":20.0,"gold_loss":85.0,"damage_taken":0.0,"relics_obtained":["Happy Flower"]},{"damage_healed":0,"gold_gain":0,"player_choice":"Fight","damage_taken":0,"max_hp_gain":0,"max_hp_loss":0,"event_name":"MindBloom","floor":36,"gold_loss":0},{"damage_healed":0,"gold_gain":0,"player_choice":"Embrace Madness","damage_taken":10,"max_hp_gain":0,"max_hp_loss":0,"event_name":"Winding Halls","floor":37,"gold_loss":0,"cards_obtained":["Madness","Madness"]},{"damage_healed":0,"gold_gain":0,"player_choice":"Ignored","damage_taken":0,"max_hp_gain":0,"max_hp_loss":0,"event_name":"Tomb of Lord Red Mask","floor":41,"gold_loss":0},{"damage_healed":0,"gold_gain":0,"player_choice":"Fight","damage_taken":0,"max_hp_gain":0,"max_hp_loss":0,"event_name":"Mysterious Sphere","floor":46,"gold_loss":0}],"is_beta":true,"boss_relics":[{"not_picked":["Runic Pyramid","Sozu"],"picked":"Black Star"},{"not_picked":["HoveringKite","Cursed Key"],"picked":"Astrolabe"}],"items_purged_floors":[12],"is_endless":false,"potions_floor_spawned":[1,5,8,16,19,29,36,40],"ascension_level":0}