{"gold_per_floor":[109,184,20,39,54,83,83,83,83,83,113,129,147,70,70,175,175,190,190,40,57,57,89,89,104,104,130,130,141,141,66,66,165,165,181,181,201,220,220,246,246,261,261,261,121,121,152,103,103,103,103,103,11,45,45],"floor_reached":55,"playtime":7135,"items_purged":["Strike_G","Strike_G+1"],"score":851,"play_id":"9a091817-9ee1-4cbf-93c3-3c70425801e7","local_time":"20181130133307","is_ascension_mode":false,"campfire_choices":[{"data":"Neutralize","floor":8,"key":"SMITH"},{"data":"Dodge and Roll","floor":15,"key":"SMITH"},{"floor":24,"key":"REST"},{"data":"Night Terror","floor":30,"key":"SMITH"},{"data":"Leg Sweep","floor":32,"key":"SMITH"},{"data":"Noxious Fumes","floor":41,"key":"SMITH"},{"data":"Glass Knife","floor":44,"key":"SMITH"},{"data":"Calculated Gamble","floor":46,"key":"SMITH"},{"floor":49,"key":"RECALL"},{"data":"Dodge and Roll","floor":52,"key":"SMITH"}],"neow_cost":"NONE","seed_source_timestamp":1429910807208159,"circlet_count":0,"master_deck":["Defend_G+1","Defend_G+1","Defend_G+1","Defend_G+1","Defend_G+1","Strike_G+1","Strike_G+1","Survivor","Neutralize+1","Sucker Punch","Noxious Fumes+1","Poisoned Stab","Dodge and Roll+1","Quick Slash","Dodge and Roll+1","Bane","Blur","Night Terror+1","Well Laid Plans","Leg Sweep+1","Backflip","Glass Knife+1","Crippling Poison+1","Noxious Fumes+1","Calculated Gamble+1","Dash+1","PiercingWail","Dark Shackles"],"relics":["Ring of the Snake","Omamori","Oddly Smooth Stone","Sundial","Incense Burner","Black Star","Ancient Tea Set","Du-Vu Doll","Thread and Needle","Gremlin Horn","Shuriken","Meat on the Bone","Sozu","Singing Bowl","Bottled Flame","WingedGreaves","Turnip","Calipers","Juzu Bracelet","Lantern"],"potions_floor_usage":[6,6,23,23,27,33,35,37],"damage_taken":[{"damage":0,"enemies":"Small Slimes","floor":1,"turns":3},{"damage":1,"enemies":"Jaw Worm","floor":4,"turns":3},{"damage":0,"enemies":"2 Louse","floor":5,"turns":3},{"damage":19,"enemies":"3 Sentries","floor":6,"turns":8},{"damage":18,"enemies":"Lagavulin","floor":11,"turns":7},{"damage":0,"enemies":"Large Slime","floor":12,"turns":5},{"damage":0,"enemies":"Blue Slaver","floor":13,"turns":5},{"damage":0,"enemies":"Hexaghost","floor":16,"turns":11},{"damage":7,"enemies":"Chosen","floor":18,"turns":5},{"damage":5,"enemies":"2 Thieves","floor":21,"turns":5},{"damage":29,"enemies":"Slavers","floor":23,"turns":6},{"damage":0,"enemies":"Shelled Parasite and Fungi","floor":25,"turns":10},{"damage":14,"enemies":"Gremlin Leader","floor":27,"turns":10},{"damage":0,"enemies":"Centurion and Healer","floor":29,"turns":9},{"damage":2,"enemies":"Collector","floor":33,"turns":10},{"damage":0,"enemies":"Orb Walker","floor":35,"turns":4},{"damage":4,"enemies":"3 Darklings","floor":37,"turns":8},{"damage":0,"enemies":"Spire Growth","floor":38,"turns":7},{"damage":11,"enemies":"Nemesis","floor":40,"turns":7},{"damage":2,"enemies":"4 Shapes","floor":42,"turns":6},{"damage":0,"enemies":"Giant Head","floor":47,"turns":9},{"damage":12,"enemies":"Donu and Deca","floor":50,"turns":10},{"damage":11,"enemies":"Shield and Spear","floor":54,"turns":8},{"damage":70,"enemies":"The Heart","floor":55,"turns":11}],"seed_played":"-6059795404512056788","potions_obtained":[{"floor":5,"key":"FearPotion"},{"floor":6,"key":"Fruit Juice"},{"floor":13,"key":"Ancient Potion"},{"floor":22,"key":"Dexterity Potion"},{"floor":22,"key":"Weak Potion"},{"floor":22,"key":"SneckoOil"},{"floor":23,"key":"SkillPotion"},{"floor":29,"key":"SteroidPotion"},{"floor":33,"key":"SkillPotion"}],"is_trial":false,"path_per_floor":["M","?","$","M","M","E","?","R","T","?","E","M","M","$","R","B",null,"M","?","$","M","?","E","R","M","T","E","T","M","R","?","R","B",null,"M","?","M","M","?","E","R","M","T","R","$","R","E","$","R","B",null,"R","$","E","B"],"character_chosen":"THE_SILENT","items_purchased":["Noxious Fumes","Poisoned Stab","Blur","Ancient Tea Set","Calculated Gamble","PiercingWail","Dark Shackles"],"campfire_rested":1,"item_purchase_floors":[3,3,14,20,45,48,53],"current_hp_per_floor":[70,59,59,58,58,44,44,44,44,44,26,26,26,26,26,26,75,68,68,68,63,63,34,56,56,56,42,42,42,42,42,42,40,75,75,75,71,71,71,62,62,62,62,62,62,62,62,62,62,50,79,79,79,70,0],"gold":45,"neow_bonus":"RANDOM_COMMON_RELIC","is_prod":false,"is_daily":false,"chose_seed":false,"campfire_upgraded":8,"win_rate":0,"timestamp":1543602787,"path_taken":["M","?","$","M","M","E","?","R","T","?","E","M","M","$","R","BOSS","M","?","$","M","?","E","R","?","T","E","?","M","R","?","R","BOSS","M","?","?","M","?","E","R","M","T","R","$","R","E","$","R","BOSS","R","$","E","BOSS"],"build_version":"2018-11-15","purchased_purges":2,"victory":false,"max_hp_per_floor":[70,70,70,70,70,75,75,75,75,75,75,75,75,75,75,75,75,75,75,75,75,75,75,75,75,75,75,75,75,75,75,75,75,75,75,75,75,75,75,77,77,79,79,79,79,79,79,79,79,79,79,79,79,81,81],"card_choices":[{"not_picked":["Blade Dance","Dodge and Roll"],"picked":"Sucker Punch","floor":1},{"not_picked":["Dagger Throw","Dagger Spray"],"picked":"Dodge and Roll","floor":4},{"not_picked":["Prepared","Deflect"],"picked":"Quick Slash","floor":5},{"not_picked":["Reflex","Underhanded Strike","Blade Dance"],"picked":"SKIP","floor":6},{"not_picked":["Die Die Die","Flying Knee"],"picked":"Dodge and Roll","floor":11},{"not_picked":["Terror","Dagger Throw"],"picked":"Bane","floor":12},{"not_picked":["Cloak And Dagger","Prepared","Terror"],"picked":"SKIP","floor":13},{"not_picked":["Venomology","Unload"],"picked":"Night Terror","floor":16},{"not_picked":["Cloak And Dagger+1","Setup+1","Underhanded Strike"],"picked":"SKIP","floor":18},{"not_picked":["Poisoned Stab","Predator"],"picked":"Well Laid Plans","floor":21},{"not_picked":["Night Terror","Endless Agony"],"picked":"Leg Sweep","floor":23},{"not_picked":["Riddle With Holes+1","Dagger Spray"],"picked":"Backflip","floor":25},{"not_picked":["Endless Agony","Blade Dance","Underhanded Strike+1"],"picked":"SKIP","floor":27},{"not_picked":["Dagger Throw","Outmaneuver","A Thousand Cuts"],"picked":"SKIP","floor":29},{"not_picked":["Wraith Form v2","Die Die Die"],"picked":"Glass Knife","floor":33},{"not_picked":["Dagger Throw+1","Dagger Spray","Cloak And Dagger+1"],"picked":"SKIP","floor":35},{"not_picked":["Cloak And Dagger","Well Laid Plans+1"],"picked":"Crippling Poison+1","floor":37},{"not_picked":["Infinite Blades+1","Acrobatics+1"],"picked":"Noxious Fumes","floor":38},{"not_picked":["Slice","Bane","Doppelganger"],"picked":"Singing Bowl","floor":40},{"not_picked":["Flechettes","Deflect+1","Bane"],"picked":"Singing Bowl","floor":42},{"not_picked":["Expertise","Masterful Stab"],"picked":"Dash+1","floor":47},{"not_picked":["Quick Slash+1","Wraith Form v2","Choke"],"picked":"Singing Bowl","floor":54}],"player_experience":2568516,"relics_obtained":[{"floor":6,"key":"Oddly Smooth Stone"},{"floor":9,"key":"Sundial"},{"floor":11,"key":"Incense Burner"},{"floor":23,"key":"Du-Vu Doll"},{"floor":23,"key":"Thread and Needle"},{"floor":27,"key":"Gremlin Horn"},{"floor":27,"key":"Shuriken"},{"floor":28,"key":"Meat on the Bone"},{"floor":40,"key":"Singing Bowl"},{"floor":40,"key":"Bottled Flame"},{"floor":43,"key":"WingedGreaves"},{"floor":47,"key":"Turnip"},{"floor":47,"key":"Calipers"},{"floor":54,"key":"Juzu Bracelet"},{"floor":54,"key":"Lantern"}],"event_choices":[{"damage_healed":0,"gold_gain":75,"player_choice":"Gather Gold","damage_taken":11,"max_hp_gain":0,"max_hp_loss":0,"event_name":"World of Goop","floor":2,"gold_loss":0},{"damage_healed":0,"gold_gain":0,"player_choice":"Grow","damage_taken":0,"max_hp_gain":0,"max_hp_loss":0,"event_name":"Living Wall","floor":7,"gold_loss":0,"cards_upgraded":["Noxious Fumes"]},{"damage_healed":0,"gold_gain":0,"player_choice":"Ignored","damage_taken":0,"max_hp_gain":0,"max_hp_loss":0,"event_name":"Shining Light","floor":10,"gold_loss":0},{"damage_healed":0,"gold_gain":0,"player_choice":"Simplicity","damage_taken":0,"max_hp_gain":0,"max_hp_loss":0,"event_name":"Back to Basics","floor":19,"gold_loss":0,"cards_upgraded":["Defend_G","Defend_G","Defend_G","Defend_G","Defend_G","Strike_G","Strike_G","Strike_G","Strike_G"]},{"damage_healed":0,"gold_gain":0,"player_choice":"Got Potions","damage_taken":0,"max_hp_gain":0,"max_hp_loss":0,"event_name":"Lab","floor":22,"gold_loss":0},{"cards_removed":["Strike_G"],"damage_healed":0,"gold_gain":0,"player_choice":"Gave Gold","damage_taken":0,"max_hp_gain":0,"max_hp_loss":0,"event_name":"Beggar","floor":31,"gold_loss":75},{"damage_healed":0,"gold_gain":0,"player_choice":"0 cards matched","damage_taken":0,"max_hp_gain":0,"max_hp_loss":0,"event_name":"Match and Keep!","floor":36,"gold_loss":0,"cards_obtained":[]},{"damage_healed":0,"gold_gain":0,"player_choice":"Ignored","damage_taken":0,"max_hp_gain":0,"max_hp_loss":0,"event_name":"Tomb of Lord Red Mask","floor":39,"gold_loss":0}],"is_beta":false,"boss_relics":[{"not_picked":["Empty Cage","Coffee Dripper"],"picked":"Black Star"},{"not_picked":["Velvet Choker","Ring of the Serpent"],"picked":"Sozu"}],"items_purged_floors":[3,45],"is_endless":false,"potions_floor_spawned":[5,6,13,23,29,33,38,42,47,54],"killed_by":"The Heart","ascension_level":0}