{"gold_per_floor":[361,361,377,29,46,46,46,78,78,78,90,90,40,58,58,130,130,142,142,142,142],"floor_reached":21,"playtime":1224,"items_purged":["Strike_G"],"score":345,"play_id":"11c9206b-539e-4611-b7a9-433f17798738","local_time":"20181113230335","is_ascension_mode":true,"campfire_choices":[{"data":"Noxious Fumes","floor":6,"key":"SMITH"},{"floor":10,"key":"REST"},{"data":"Neutralize","floor":12,"key":"SMITH"},{"data":"Shockwave","floor":15,"key":"SMITH"}],"neow_cost":"CURSE","seed_source_timestamp":1706052400849,"circlet_count":0,"master_deck":["AscendersBane","Defend_G","Defend_G","Defend_G","Defend_G","Defend_G","Strike_G","Strike_G","Strike_G","Strike_G","Survivor","Neutralize+1","Noxious Fumes+1","Flying Knee","Rebound","Sucker Punch","Shockwave+1","HandOfGreed","Backflip"],"relics":["Ring of the Snake","PrismaticShard","Mercury Hourglass","Orichalcum","Black Star"],"potions_floor_usage":[8,16,16],"damage_taken":[{"damage":4,"enemies":"Small Slimes","floor":1,"turns":4},{"damage":9,"enemies":"Jaw Worm","floor":3,"turns":4},{"damage":0,"enemies":"2 Louse","floor":5,"turns":3},{"damage":20,"enemies":"Gremlin Nob","floor":8,"turns":4},{"damage":0,"enemies":"Exordium Wildlife","floor":11,"turns":4},{"damage":0,"enemies":"Gremlin Gang","floor":14,"turns":3},{"damage":16,"enemies":"The Guardian","floor":16,"turns":12},{"damage":2,"enemies":"Chosen","floor":18,"turns":5},{"damage":35,"enemies":"Colosseum Slavers","floor":19,"turns":5},{"damage":21,"enemies":"Spheric Guardian","floor":21,"turns":5}],"seed_played":"-8906206633145682878","potions_obtained":[{"floor":1,"key":"Fire Potion"},{"floor":8,"key":"SkillPotion"}],"is_trial":false,"path_per_floor":["M","?","M","$","M","R","?","E","T","R","M","R","$","M","R","B",null,"M","?","?","M"],"character_chosen":"THE_SILENT","items_purchased":["PrismaticShard","PowerPotion","Sucker Punch"],"campfire_rested":1,"item_purchase_floors":[4,4,13],"current_hp_per_floor":[55,55,46,46,46,46,46,26,26,45,45,45,45,45,45,29,57,55,20,20,0],"gold":142,"neow_bonus":"TWO_FIFTY_GOLD","is_prod":false,"is_daily":false,"chose_seed":false,"campfire_upgraded":3,"win_rate":0,"timestamp":1542168215,"path_taken":["M","?","M","$","M","R","?","E","T","R","M","R","?","M","R","BOSS","M","?","?","?"],"build_version":"2018-11-08","purchased_purges":1,"victory":false,"max_hp_per_floor":[66,66,66,66,66,66,66,66,66,66,66,66,66,66,66,66,66,66,66,66,66],"card_choices":[{"not_picked":["Infinite Blades","Blade Dance"],"picked":"Noxious Fumes","floor":1},{"not_picked":["Deadly Poison","PiercingWail"],"picked":"Flying Knee","floor":3},{"not_picked":["Thunderclap","Prepared","Compile Driver"],"picked":"SKIP","floor":5},{"not_picked":["Heavy Blade","Gash"],"picked":"Rebound","floor":8},{"not_picked":["Beam Cell","Compile Driver","Dodge and Roll"],"picked":"SKIP","floor":11},{"not_picked":["Underhanded Strike","Night Terror"],"picked":"Shockwave","floor":14},{"not_picked":["Meteor Strike","Dark Embrace"],"picked":"HandOfGreed","floor":16},{"not_picked":["Steam","True Grit"],"picked":"Backflip","floor":18}],"player_experience":2274619,"relics_obtained":[{"floor":8,"key":"Mercury Hourglass"},{"floor":9,"key":"Orichalcum"}],"event_choices":[{"cards_removed":["Writhe"],"damage_healed":0,"gold_gain":0,"player_choice":"Forget","damage_taken":0,"max_hp_gain":0,"max_hp_loss":0,"event_name":"Living Wall","floor":2,"gold_loss":0},{"damage_healed":0,"gold_gain":0,"player_choice":"Leave","damage_taken":0,"max_hp_gain":0,"max_hp_loss":0,"event_name":"The Cleric","floor":7,"gold_loss":0},{"damage_healed":0,"gold_gain":0,"player_choice":"Fight","damage_taken":0,"max_hp_gain":0,"max_hp_loss":0,"event_name":"Colosseum","floor":19,"gold_loss":0},{"damage_healed":0,"gold_gain":0,"player_choice":"Fled From Nobs","damage_taken":0,"max_hp_gain":0,"max_hp_loss":0,"event_name":"Colosseum","floor":19,"gold_loss":0},{"damage_healed":0,"gold_gain":0,"player_choice":"Leave","damage_taken":0,"max_hp_gain":0,"max_hp_loss":0,"event_name":"FaceTrader","floor":20,"gold_loss":0}],"is_beta":false,"boss_relics":[{"not_picked":["Tiny House","HoveringKite"],"picked":"Black Star"}],"items_purged_floors":[4],"is_endless":false,"potions_floor_spawned":[1,8],"killed_by":"Spheric Guardian","ascension_level":19}