{"gold_per_floor":[114,129,129,144,34,64,64,64,89,119,119,134,234,294,294,394,394,409,19,94,109,16,46,46],"floor_reached":24,"playtime":1475,"items_purged":["Strike_B"],"score":282,"play_id":"eea9c248-3e93-491e-92fa-b2649a69975f","local_time":"20181112163652","daily_mods":["Cursed Run","Time Dilation","Binary"],"is_ascension_mode":false,"campfire_choices":[{"data":"Defragment","floor":8,"key":"SMITH"},{"data":"Loop","floor":11,"key":"SMITH"},{"floor":15,"key":"REST"}],"neow_cost":"","seed_source_timestamp":683547225185891,"circlet_count":0,"master_deck":["Strike_B","Strike_B","Defend_B","Defend_B","Defend_B","Defend_B","Zap","Dualcast","Conserve Battery","Rip and Tear","Rebound","Defragment+1","Pain","Loop+1","Double Energy","Sweeping Beam","Parasite","Machine Learning","Genetic Algorithm+1","Melter","Core Surge","Doubt","Darkness+1","Reinforced Body","Turbo","Darkness+1"],"special_seed":17847,"relics":["Cursed Key","Darkstone Periapt","Du-Vu Doll","Torii","Art of War","Happy Flower","Tiny Chest","Velvet Choker","Bottled Flame","Question Card","Matryoshka"],"potions_floor_usage":[6,10,16,23,23,24],"damage_taken":[{"damage":0,"enemies":"Cultist","floor":1,"turns":4},{"damage":2,"enemies":"2 Louse","floor":2,"turns":3},{"damage":0,"enemies":"Small Slimes","floor":4,"turns":3},{"damage":9,"enemies":"Lagavulin","floor":6,"turns":5},{"damage":16,"enemies":"3 Sentries","floor":10,"turns":7},{"damage":9,"enemies":"Exordium Thugs","floor":12,"turns":4},{"damage":18,"enemies":"Gremlin Nob","floor":14,"turns":3},{"damage":34,"enemies":"Slime Boss","floor":16,"turns":7},{"damage":19,"enemies":"3 Byrds","floor":18,"turns":5},{"damage":17,"enemies":"Chosen","floor":21,"turns":5},{"damage":55,"enemies":"Gremlin Leader","floor":23,"turns":9},{"damage":10,"enemies":"3 Cultists","floor":24,"turns":3}],"seed_played":"7220959267386294394","potions_obtained":[{"floor":2,"key":"EssenceOfSteel"},{"floor":6,"key":"Block Potion"},{"floor":12,"key":"Dexterity Potion"},{"floor":14,"key":"SteroidPotion"},{"floor":18,"key":"PowerPotion"},{"floor":23,"key":"SpeedPotion"}],"is_trial":false,"path_per_floor":["M","M","?","M","$","E","?","R","T","E","R","M","?","E","R","B",null,"M","$","T","M","$","E","M"],"character_chosen":"DEFECT","items_purchased":["Defragment","Bottled Flame","Melter","Core Surge","Reinforced Body","Turbo"],"campfire_rested":1,"item_purchase_floors":[5,19,19,19,22,22],"current_hp_per_floor":[75,73,66,66,66,57,62,62,68,52,52,43,43,25,50,22,92,73,73,79,62,62,7,0],"gold":46,"neow_bonus":"","is_prod":false,"is_daily":true,"chose_seed":false,"campfire_upgraded":2,"win_rate":0,"timestamp":1542058612,"path_taken":["M","?","?","M","$","E","?","R","T","E","R","M","?","E","R","BOSS","M","$","?","?","$","E","M"],"build_version":"2018-11-08","purchased_purges":1,"victory":false,"max_hp_per_floor":[75,75,75,75,75,75,80,80,86,86,86,86,86,86,86,92,92,92,92,98,98,98,98,98],"card_choices":[{"not_picked":["Turbo"],"picked":"Conserve Battery","floor":1},{"not_picked":["Go for the Eyes"],"picked":"Rip and Tear","floor":2},{"not_picked":["Streamline"],"picked":"Rebound","floor":4},{"not_picked":["Turbo","Fission"],"picked":"SKIP","floor":6},{"not_picked":["Hologram"],"picked":"Loop","floor":10},{"not_picked":["Sweeping Beam"],"picked":"Double Energy","floor":12},{"not_picked":["Redo"],"picked":"Sweeping Beam","floor":14},{"not_picked":["Fission"],"picked":"Machine Learning","floor":16},{"not_picked":["Beam Cell"],"picked":"Genetic Algorithm+1","floor":18},{"not_picked":["Hologram","Compile Driver+1"],"picked":"Darkness+1","floor":21},{"not_picked":["Tempest","Echo Form"],"picked":"Darkness+1","floor":23}],"player_experience":2246332,"relics_obtained":[{"floor":6,"key":"Torii"},{"floor":9,"key":"Art of War"},{"floor":10,"key":"Happy Flower"},{"floor":14,"key":"Tiny Chest"},{"floor":20,"key":"Question Card"},{"floor":23,"key":"Matryoshka"}],"event_choices":[{"cards_removed":["Strike_B"],"damage_healed":0,"gold_gain":0,"player_choice":"Card Removal","damage_taken":7,"max_hp_gain":0,"max_hp_loss":0,"event_name":"Golden Wing","floor":3,"gold_loss":0},{"damage_healed":0,"gold_gain":0,"player_choice":"Donut","damage_taken":0,"max_hp_gain":5,"max_hp_loss":0,"event_name":"Big Fish","floor":7,"gold_loss":0},{"damage_healed":0,"gold_gain":100,"player_choice":"Pray","damage_taken":0,"max_hp_gain":0,"max_hp_loss":0,"event_name":"Golden Shrine","floor":13,"gold_loss":0}],"is_beta":false,"boss_relics":[{"not_picked":["Astrolabe","Lizard Tail"],"picked":"Velvet Choker"}],"items_purged_floors":[5],"is_endless":false,"potions_floor_spawned":[2,6,12,14,18,23],"killed_by":"3 Cultists","ascension_level":0}