{"gold_per_floor":[109,109,109,128,128,158,188,217,217,217,227,246,346,362,362,362],"floor_reached":16,"playtime":600,"items_purged":[],"score":169,"play_id":"bfad24f4-bea2-4ada-9a70-99f46dc11166","local_time":"20190721020024","is_ascension_mode":true,"campfire_choices":[{"floor":10,"key":"REST"},{"floor":15,"key":"REST"}],"neow_cost":"NONE","seed_source_timestamp":281510793941715,"circlet_count":0,"master_deck":["Strike_R","Strike_R","Strike_R","Strike_R","Strike_R","Defend_R","Defend_R","Defend_R","Defend_R","Bash","Shrug It Off","Iron Wave","Uppercut","Pommel Strike"],"relics":["Burning Blood","NeowsBlessing","Meat on the Bone","Odd Mushroom","Happy Flower","Centennial Puzzle"],"potions_floor_usage":[8,8,8,14,16],"damage_taken":[{"damage":0,"enemies":"Jaw Worm","floor":1,"turns":1},{"damage":0,"enemies":"Small Slimes","floor":4,"turns":1},{"damage":0,"enemies":"3 Sentries","floor":6,"turns":2},{"damage":25,"enemies":"The Mushroom Lair","floor":7,"turns":4},{"damage":38,"enemies":"Lagavulin","floor":8,"turns":7},{"damage":6,"enemies":"2 Louse","floor":11,"turns":2},{"damage":23,"enemies":"Gremlin Gang","floor":12,"turns":4},{"damage":8,"enemies":"3 Louse","floor":14,"turns":2},{"damage":82,"enemies":"Slime Boss","floor":16,"turns":12}],"seed_played":"1263231728809757910","potions_obtained":[{"floor":1,"key":"PowerPotion"},{"floor":6,"key":"Poison Potion"},{"floor":7,"key":"SkillPotion"},{"floor":12,"key":"Poison Potion"},{"floor":14,"key":"Weak Potion"}],"is_trial":false,"path_per_floor":["M","$","?","M","$","E","?","E","T","R","M","M","?","M","R","B"],"character_chosen":"IRONCLAD","items_purchased":[],"campfire_rested":2,"item_purchase_floors":[],"current_hp_per_floor":[80,80,80,80,80,80,61,41,41,65,65,48,48,58,80,0],"gold":362,"neow_bonus":"THREE_ENEMY_KILL","is_prod":false,"is_daily":false,"chose_seed":false,"campfire_upgraded":0,"win_rate":0,"timestamp":1563699624,"path_taken":["M","$","?","M","$","E","?","E","T","R","M","M","?","?","R","BOSS"],"build_version":"2019-07-05","purchased_purges":0,"victory":false,"max_hp_per_floor":[80,80,80,80,80,80,80,80,80,80,80,80,80,80,80,80],"card_choices":[{"not_picked":["Fire Breathing","Corruption"],"picked":"Shrug It Off","floor":1},{"not_picked":["Body Slam","Combust","Burning Pact"],"picked":"SKIP","floor":4},{"not_picked":["Disarm","Twin Strike"],"picked":"Iron Wave","floor":6},{"not_picked":["Spot Weakness","Iron Wave"],"picked":"Uppercut","floor":7},{"not_picked":["Feel No Pain","Fire Breathing","Blood for Blood"],"picked":"SKIP","floor":8},{"not_picked":["Rage","Armaments"],"picked":"Pommel Strike","floor":11},{"not_picked":["Havoc","Sword Boomerang","Sentinel"],"picked":"SKIP","floor":12},{"not_picked":["Anger","Feel No Pain","Shockwave"],"picked":"SKIP","floor":14}],"player_experience":71105,"relics_obtained":[{"floor":6,"key":"Meat on the Bone"},{"floor":7,"key":"Odd Mushroom"},{"floor":8,"key":"Happy Flower"},{"floor":9,"key":"Centennial Puzzle"}],"event_choices":[{"damage_healed":0,"gold_gain":0,"player_choice":"Ignored","damage_taken":0,"max_hp_gain":0,"max_hp_loss":0,"event_name":"Liars Game","floor":3,"gold_loss":0},{"damage_healed":0,"gold_gain":0,"player_choice":"Fought Mushrooms","damage_taken":0,"max_hp_gain":0,"max_hp_loss":0,"event_name":"Mushrooms","floor":7,"gold_loss":0},{"damage_healed":0,"gold_gain":100,"player_choice":"Pray","damage_taken":0,"max_hp_gain":0,"max_hp_loss":0,"event_name":"Golden Shrine","floor":13,"gold_loss":0}],"is_beta":false,"boss_relics":[],"items_purged_floors":[],"is_endless":false,"potions_floor_spawned":[1,6,7,12,14],"killed_by":"Slime Boss","ascension_level":5}