{"path_per_floor":["M","M","M","?","M","R","M","R","T","M","R","$","R","M","R","B",null,"M","?","$","M","?","R","$","M","T","?","R","M","M","M","R","B",null,"M","?","M","$","M","R","M","R","T","R","?","R","$","M","R","B"],"character_chosen":"THE_SILENT","items_purchased":["Dexterity Potion","Snake Skull","Bottled Lightning","Vajra","Regen Potion"],"gold_per_floor":[109,127,142,142,153,153,170,170,170,181,181,57,57,68,68,169,169,185,145,0,13,13,13,13,23,46,46,46,58,74,90,90,185,185,198,546,556,51,65,65,84,84,84,84,84,84,34,44,44,44],"floor_reached":51,"campfire_rested":3,"playtime":4917,"current_hp_per_floor":[68,68,68,61,60,60,56,56,56,54,54,54,54,52,52,66,70,65,65,65,53,53,53,53,51,51,51,51,44,45,46,67,44,70,70,57,52,52,39,60,39,39,39,39,39,60,60,50,50,40],"items_purged":["Strike_G","Strike_G"],"gold":44,"score":466,"play_id":"b719cbf1-a0a1-46a6-8011-ad08bb0fe70b","is_prod":false,"is_daily":false,"is_ascension_mode":false,"campfire_upgraded":10,"path_taken":["M","M","M","?","?","R","?","R","T","M","R","$","R","M","R","BOSS","M","?","$","?","?","R","$","?","T","?","R","M","?","M","R","BOSS","M","?","?","$","M","R","M","R","T","R","?","R","?","?","R","BOSS"],"build_version":"2018-02-15-PROD1","purchased_purges":3,"victory":true,"master_deck":["Defend_G+1","Defend_G+1","Defend_G+1","Defend_G+1","Defend_G+1","Strike_G+1","Strike_G+1","Strike_G+1","Survivor+1","Neutralize+1","Backflip+1","Prepared","Choke+1","Noxious Fumes+1","Well Laid Plans+1","A Thousand Cuts+1","Acrobatics","Bouncing Flask+1","Neutralize+1","Dash+1","Dagger Spray+1","Envenom+1","Die Die Die","Escape Plan+1","Bouncing Flask+1","Noxious Fumes+1","Blur+1","Backflip+1","PiercingWail+1"],"max_hp_per_floor":[70,70,70,70,70,70,70,70,70,70,70,70,70,70,70,70,70,70,70,70,70,70,70,70,70,70,70,70,70,70,70,70,70,70,70,70,70,70,70,70,70,70,70,70,70,70,70,70,70,70],"relics":["Ring of the Snake","Whetstone","Orichalcum","Meat on the Bone","Lizard Tail","Snake Skull","Dream Catcher","Cursed Key","Old Coin","Bottled Lightning","Vajra","Ninja Scroll"],"card_choices":[{"not_picked":["Poisoned Stab","Deadly Poison"],"picked":"Backflip"},{"not_picked":["Deflect","Slice"],"picked":"Prepared"},{"not_picked":["Reflex","Sucker Punch"],"picked":"Choke"},{"not_picked":["Eviscerate","Outmaneuver"],"picked":"Noxious Fumes"},{"not_picked":["Acrobatics","Quick Slash"],"picked":"Well Laid Plans"},{"not_picked":["Bullet Time","Envenom"],"picked":"A Thousand Cuts"},{"not_picked":["Sucker Punch","Quick Slash"],"picked":"Acrobatics"},{"not_picked":["PiercingWail","Noxious Fumes"],"picked":"Bouncing Flask"},{"not_picked":["Setup","Masterful Stab"],"picked":"Dash"},{"not_picked":["Backflip","Underhanded Strike"],"picked":"Dagger Spray"},{"not_picked":["Cloak And Dagger","Outmaneuver"],"picked":"Envenom"},{"not_picked":["A Thousand Cuts","Unload"],"picked":"Die Die Die"},{"not_picked":["Flechettes","Endless Agony"],"picked":"Escape Plan"},{"not_picked":["Acrobatics","Heel Hook"],"picked":"Bouncing Flask"},{"not_picked":["Expertise","Accuracy"],"picked":"Noxious Fumes"},{"not_picked":["Distraction","Outmaneuver"],"picked":"Blur"},{"not_picked":["Dash","Reflex"],"picked":"Backflip"},{"not_picked":["Poisoned Stab","Quick Slash"],"picked":"PiercingWail"}],"player_experience":782810,"potions_floor_usage":[5,16,16,16,21,21,21,30,31,41,50,50,50],"damage_taken":[{"damage":2,"enemies":"Small Slimes","floor":1,"turns":3},{"damage":0,"enemies":"Jaw Worm","floor":2,"turns":3},{"damage":0,"enemies":"Cultist","floor":3,"turns":3},{"damage":1,"enemies":"Lots of Slimes","floor":5,"turns":6},{"damage":4,"enemies":"Large Slime","floor":7,"turns":8},{"damage":2,"enemies":"Gremlin Gang","floor":10,"turns":6},{"damage":2,"enemies":"Looter","floor":14,"turns":3},{"damage":1,"enemies":"Slime Boss","floor":16,"turns":10},{"damage":5,"enemies":"Spheric Guardian","floor":18,"turns":7},{"damage":12,"enemies":"2 Thieves","floor":21,"turns":4},{"damage":2,"enemies":"Centurion and Healer","floor":25,"turns":6},{"damage":7,"enemies":"Snake Plant","floor":29,"turns":5},{"damage":11,"enemies":"3 Cultists","floor":30,"turns":6},{"damage":11,"enemies":"Slaver and Parasite","floor":31,"turns":6},{"damage":23,"enemies":"Automaton","floor":33,"turns":10},{"damage":0,"enemies":"Orb Walker","floor":35,"turns":4},{"damage":13,"enemies":"Mysterious Sphere","floor":36,"turns":5},{"damage":5,"enemies":"3 Shapes","floor":37,"turns":5},{"damage":13,"enemies":"3 Darklings","floor":39,"turns":5},{"damage":21,"enemies":"4 Shapes","floor":41,"turns":5},{"damage":10,"enemies":"Maw","floor":48,"turns":6},{"damage":25,"enemies":"Time Eater","floor":50,"turns":11}],"event_choices":[{"event_name":"Scrap Ooze","player_choice":"success","floor":4,"damage_taken":7},{"event_name":"The Woman in Blue","player_choice":"Bought 3 Potions","floor":19,"damage_taken":0},{"event_name":"Back to Basics","player_choice":"Simplicity","floor":22,"damage_taken":0},{"event_name":"Duplicator","player_choice":"One dupe","floor":27,"damage_taken":0},{"event_name":"Mysterious Sphere","player_choice":"Fight","floor":36,"damage_taken":0},{"event_name":"Fountain of Cleansing","player_choice":"Removed Curse","floor":45,"damage_taken":0}],"boss_relics":[{"not_picked":["Tiny House","The Specimen"],"picked":"Lizard Tail"},{"not_picked":["Calling Bell","Black Star"],"picked":"Cursed Key"}],"potions_floor_spawned":[3,7,10,16,21,30,35,37,48],"seed_played":"190557673952007614","ascension_level":0,"is_trial":false}