{"gold_per_floor":[114,114,34,49,64,94,138,153,153,216,246,261,261,291,291,391,391,406,406,78,78,93,123,148,148,198,528,528,528,543,458,458,558,558,573,588,12,12,27,57,57,157,157,172,202,202,202,232,232,232],"floor_reached":51,"playtime":2689,"items_purged":[],"score":1064,"play_id":"d99a576d-83ff-4131-bbe2-145070430142","local_time":"20190522225029","daily_mods":["Draft","Blue Cards","Terminal"],"is_ascension_mode":false,"campfire_choices":[{"data":"Limit Break","floor":13,"key":"SMITH"},{"data":"Offering","floor":15,"key":"SMITH"},{"data":"Corruption","floor":25,"key":"SMITH"},{"data":"Flame Barrier","floor":28,"key":"SMITH"},{"floor":32,"key":"REST"},{"data":"Recycle","floor":41,"key":"SMITH"},{"data":"Inflame","floor":49,"key":"SMITH"}],"neow_cost":"","seed_source_timestamp":0,"circlet_count":0,"master_deck":["True Grit+1","Rebound","Shrug It Off","Sweeping Beam","Rampage","Inflame+1","Ghostly Armor","Streamline","Flex","Melter","Power Through","Pummel","Leap","White Noise","White Noise+1","Ghostly Armor","Steam","Offering+1","Limit Break+1","Twin Strike+1","Heavy Blade+1","Limit Break","Flame Barrier+1","Necronomicurse","Shrug It Off","Go for the Eyes+1","Corruption+1","Loop+1","Iron Wave+1","Creative AI","Core Surge+1","Decay","Coolheaded+1","Steam Power+1","Turbo","Madness","Madness","Sword Boomerang+1","Recycle+1"],"special_seed":18039,"relics":["Burning Blood","PreservedInsect","Blue Candle","Dodecahedron","Molten Egg 2","Ice Cream","War Paint","Sozu","Necronomicon","Mummified Hand","Juzu Bracelet","Omamori","Boot","Old Coin","FaceOfCleric","Centennial Puzzle","Calling Bell","Anchor","Letter Opener","Ginger","Dead Branch","Bottled Lightning","Sundial","Thread and Needle","Singing Bowl","Bag of Preparation","Smiling Mask"],"potions_floor_usage":[16,16,23,27],"damage_taken":[{"damage":0,"enemies":"Jaw Worm","floor":1,"turns":2},{"damage":0,"enemies":"Cultist","floor":4,"turns":4},{"damage":0,"enemies":"2 Louse","floor":5,"turns":2},{"damage":4,"enemies":"3 Sentries","floor":6,"turns":6},{"damage":6,"enemies":"Gremlin Nob","floor":7,"turns":3},{"damage":6,"enemies":"2 Fungi Beasts","floor":8,"turns":2},{"damage":13,"enemies":"Lagavulin","floor":11,"turns":5},{"damage":6,"enemies":"Large Slime","floor":12,"turns":5},{"damage":6,"enemies":"Gremlin Nob","floor":14,"turns":3},{"damage":27,"enemies":"Hexaghost","floor":16,"turns":7},{"damage":6,"enemies":"Shell Parasite","floor":18,"turns":3},{"damage":0,"enemies":"2 Thieves","floor":22,"turns":3},{"damage":3,"enemies":"Book of Stabbing","floor":23,"turns":3},{"damage":7,"enemies":"Gremlin Leader","floor":27,"turns":3},{"damage":15,"enemies":"Centurion and Healer","floor":30,"turns":4},{"damage":18,"enemies":"Automaton","floor":33,"turns":8},{"damage":6,"enemies":"Orb Walker","floor":35,"turns":1},{"damage":12,"enemies":"3 Darklings","floor":36,"turns":5},{"damage":7,"enemies":"Sphere and 2 Shapes","floor":39,"turns":2},{"damage":2,"enemies":"Nemesis","floor":40,"turns":3},{"damage":0,"enemies":"Mind Bloom Boss Battle","floor":42,"turns":2},{"damage":4,"enemies":"Maw","floor":44,"turns":3},{"damage":3,"enemies":"Reptomancer","floor":45,"turns":2},{"damage":2,"enemies":"Nemesis","floor":48,"turns":3},{"damage":7,"enemies":"Donu and Deca","floor":50,"turns":2}],"seed_played":"-1599869473394492483","potions_obtained":[{"floor":6,"key":"PowerPotion"},{"floor":7,"key":"FearPotion"},{"floor":8,"key":"SkillPotion"},{"floor":11,"key":"Swift Potion"},{"floor":16,"key":"EssenceOfSteel"}],"is_trial":false,"path_per_floor":["M","?","$","M","M","E","?","M","T","?","E","M","R","E","R","B",null,"M","?","$","?","M","E","T","R","T","E","R","?","M","?","R","B",null,"M","M","$","?","M","E","R","?","T","M","E","?","?","E","R","B",null],"character_chosen":"IRONCLAD","items_purchased":["Ghostly Armor","Mummified Hand","Shrug It Off","Go for the Eyes+1","Dead Branch","Bottled Lightning","Turbo"],"campfire_rested":1,"item_purchase_floors":[3,20,20,20,37,37,37],"current_hp_per_floor":[78,77,76,75,74,73,72,71,70,69,62,62,62,62,62,41,62,61,45,45,35,41,44,44,44,44,43,43,43,35,35,51,40,52,52,47,47,41,41,46,46,49,48,50,52,51,50,52,51,51],"gold":232,"neow_bonus":"","is_prod":false,"is_daily":true,"chose_seed":false,"campfire_upgraded":6,"win_rate":0,"timestamp":1558579829,"path_taken":["M","?","?","M","M","E","?","M","T","?","E","M","R","E","R","BOSS","M","?","$","?","M","E","?","R","T","E","R","?","M","?","R","BOSS","M","M","$","?","M","E","R","?","T","M","E","?","?","E","R","BOSS"],"build_version":"2019-01-23","purchased_purges":0,"victory":true,"max_hp_per_floor":[78,77,76,75,74,73,72,71,70,69,68,67,66,65,64,63,62,61,60,59,63,62,61,60,59,58,57,56,55,55,54,53,53,52,52,52,51,50,50,50,49,49,48,50,52,51,50,52,51,51],"card_choices":[{"not_picked":["Perfected Strike","Consume"],"picked":"True Grit","floor":0},{"not_picked":["Havoc","Chaos"],"picked":"Rebound","floor":0},{"not_picked":["Beam Cell","Cleave"],"picked":"Shrug It Off","floor":0},{"not_picked":["Melter","Clash"],"picked":"Sweeping Beam","floor":0},{"not_picked":["Twin Strike","Sever Soul"],"picked":"Rampage","floor":0},{"not_picked":["Sweeping Beam","White Noise"],"picked":"Inflame","floor":0},{"not_picked":["Recycle","Headbutt"],"picked":"Ghostly Armor","floor":0},{"not_picked":["Hologram","Clash"],"picked":"Streamline","floor":0},{"not_picked":["Fire Breathing","Body Slam"],"picked":"Flex","floor":0},{"not_picked":["Compile Driver","Heavy Blade"],"picked":"Melter","floor":0},{"not_picked":["Bloodletting","Sunder"],"picked":"Power Through","floor":0},{"not_picked":["Flex","Thunderclap"],"picked":"Pummel","floor":0},{"not_picked":["Steam","Power Through"],"picked":"Leap","floor":0},{"not_picked":["Iron Wave","Cleave"],"picked":"Coolheaded","floor":0},{"not_picked":["Flex","Streamline"],"picked":"White Noise","floor":0},{"not_picked":["Defragment","Loop"],"picked":"White Noise","floor":1},{"not_picked":["Perfected Strike","Sword Boomerang","Streamline"],"picked":"SKIP","floor":4},{"not_picked":["Beam Cell","Compile Driver"],"picked":"Steam","floor":5},{"not_picked":["Auto Shields","Turbo"],"picked":"Offering","floor":6},{"not_picked":["Auto Shields","Beam Cell","Gash"],"picked":"SKIP","floor":8},{"not_picked":["Twin Strike+1","Brutality"],"picked":"Limit Break","floor":11},{"not_picked":["Barrage+1","Sweeping Beam+1"],"picked":"Twin Strike+1","floor":12},{"not_picked":["Redo","Headbutt+1"],"picked":"Heavy Blade+1","floor":14},{"not_picked":["Barricade","Brutality"],"picked":"Limit Break","floor":16},{"not_picked":["Havoc","Metallicize"],"picked":"Flame Barrier","floor":18},{"not_picked":["Capacitor+1","Cleave+1"],"picked":"Corruption","floor":22},{"not_picked":["Sentinel","Static Discharge"],"picked":"Loop+1","floor":23},{"not_picked":["Beam Cell+1","True Grit"],"picked":"Iron Wave+1","floor":27},{"not_picked":["Cold Snap+1","Leap"],"picked":"Creative AI","floor":30},{"not_picked":["Demon Form","Limit Break"],"picked":"Core Surge+1","floor":33},{"not_picked":["Anger+1","Sweeping Beam+1"],"picked":"Coolheaded+1","floor":35},{"not_picked":["Gash+1","Dropkick+1"],"picked":"Steam Power+1","floor":36},{"not_picked":["Turbo","Warcry+1"],"picked":"Sword Boomerang+1","floor":39},{"not_picked":["Flame Barrier","Havoc"],"picked":"Recycle","floor":40},{"not_picked":["Go for the Eyes+1","Cold Snap+1","Thunder Strike+1"],"picked":"Singing Bowl","floor":44},{"not_picked":["Clash+1","Iron Wave+1","Evolve"],"picked":"Singing Bowl","floor":45},{"not_picked":["Clash+1","Fusion","Havoc+1"],"picked":"Singing Bowl","floor":48}],"player_experience":3701596,"relics_obtained":[{"floor":2,"key":"PreservedInsect"},{"floor":6,"key":"Blue Candle"},{"floor":7,"key":"Dodecahedron"},{"floor":9,"key":"Molten Egg 2"},{"floor":11,"key":"Ice Cream"},{"floor":14,"key":"War Paint"},{"floor":19,"key":"Necronomicon"},{"floor":23,"key":"Juzu Bracelet"},{"floor":24,"key":"Omamori"},{"floor":26,"key":"Boot"},{"floor":27,"key":"Old Coin"},{"floor":34,"key":"Anchor"},{"floor":34,"key":"Letter Opener"},{"floor":34,"key":"Ginger"},{"floor":40,"key":"Sundial"},{"floor":42,"key":"Thread and Needle"},{"floor":43,"key":"Singing Bowl"},{"floor":45,"key":"Bag of Preparation"},{"floor":48,"key":"Smiling Mask"}],"event_choices":[{"damage_healed":0,"gold_gain":0,"player_choice":"Relic","damage_taken":0,"max_hp_gain":0,"max_hp_loss":0,"event_name":"Wheel of Change","floor":2,"gold_loss":0},{"damage_healed":0,"gold_gain":0,"player_choice":"Searched \u00272\u0027 times","damage_taken":0,"max_hp_gain":0,"max_hp_loss":0,"event_name":"Dead Adventurer","floor":7,"gold_loss":0},{"damage_healed":0,"gold_gain":63,"player_choice":"Gained Gold","damage_taken":0,"max_hp_gain":0,"max_hp_loss":0,"event_name":"Golden Wing","floor":10,"gold_loss":0},{"damage_healed":0,"gold_gain":0,"player_choice":"Obtained Book","damage_taken":16,"max_hp_gain":0,"max_hp_loss":0,"event_name":"Cursed Tome","floor":19,"gold_loss":0},{"damage_healed":0,"gold_gain":0,"player_choice":"Shed Blood","damage_taken":15,"max_hp_gain":5,"max_hp_loss":0,"event_name":"Forgotten Altar","floor":21,"gold_loss":0},{"damage_healed":0,"gold_gain":0,"player_choice":"Trade","damage_taken":0,"relics_obtained":["FaceOfCleric"],"max_hp_gain":0,"max_hp_loss":0,"event_name":"FaceTrader","floor":29,"gold_loss":0},{"damage_healed":0,"gold_gain":0,"player_choice":"Obtained Relic","damage_taken":0,"relics_obtained":["Centennial Puzzle"],"max_hp_gain":0,"max_hp_loss":0,"event_name":"Addict","floor":31,"gold_loss":85},{"damage_healed":0,"gold_gain":0,"player_choice":"Embrace Madness","damage_taken":6,"max_hp_gain":0,"max_hp_loss":0,"event_name":"Winding Halls","floor":38,"gold_loss":0,"cards_obtained":["Madness","Madness"]},{"damage_healed":0,"gold_gain":0,"player_choice":"Fight","damage_taken":0,"max_hp_gain":0,"max_hp_loss":0,"event_name":"MindBloom","floor":42,"gold_loss":0},{"cards_removed":["Coolheaded"],"damage_healed":0,"gold_gain":0,"player_choice":"Removed Skill","damage_taken":0,"max_hp_gain":0,"max_hp_loss":0,"event_name":"Falling","floor":46,"gold_loss":0},{"damage_healed":0,"gold_gain":0,"player_choice":"Ignored","damage_taken":0,"max_hp_gain":0,"max_hp_loss":0,"event_name":"Tomb of Lord Red Mask","floor":47,"gold_loss":0}],"is_beta":false,"boss_relics":[{"not_picked":["Coffee Dripper","Snecko Eye"],"picked":"Sozu"},{"not_picked":["Black Blood","Orrery"],"picked":"Calling Bell"}],"items_purged_floors":[],"is_endless":false,"potions_floor_spawned":[6,7,8,11,16,27,30,33,39,40,45,48],"ascension_level":0}