{"gold_per_floor":[118,132,282,34,34,34,34,86,134,165,165,176,176,193,193,264,264,282,307,357,357,317],"floor_reached":22,"playtime":857,"items_purged":["Doubt"],"score":360,"play_id":"b9af5bae-b560-438f-bc31-350d47f2350d","local_time":"20190502191642","is_ascension_mode":true,"campfire_choices":[{"floor":6,"key":"REST"},{"floor":11,"key":"REST"},{"data":"Go for the Eyes","floor":13,"key":"SMITH"},{"data":"Consume","floor":15,"key":"SMITH"}],"neow_cost":"TEN_PERCENT_HP_LOSS","seed_source_timestamp":1986984008790776,"circlet_count":0,"master_deck":["AscendersBane","Strike_B+1","Defend_B","Defend_B","Defend_B","Zap","Dualcast","Melter","Cold Snap","Go for the Eyes+1","Consume+1","Creative AI+1","Doom and Gloom","Glacier","Machine Learning","Chill+1","Leap"],"relics":["Cracked Core","Dodecahedron","Orichalcum","Omamori","Vajra","Empty Cage","Red Mask"],"potions_floor_usage":[10,16,19,22],"damage_taken":[{"damage":7,"enemies":"Jaw Worm","floor":1,"turns":3},{"damage":2,"enemies":"Small Slimes","floor":2,"turns":3},{"damage":18,"enemies":"Gremlin Nob","floor":10,"turns":4},{"damage":0,"enemies":"2 Louse","floor":12,"turns":2},{"damage":3,"enemies":"Looter","floor":14,"turns":2},{"damage":30,"enemies":"The Guardian","floor":16,"turns":12},{"damage":11,"enemies":"Chosen","floor":18,"turns":5},{"damage":40,"enemies":"Masked Bandits","floor":19,"turns":4},{"damage":7,"enemies":"2 Thieves","floor":22,"turns":1}],"seed_played":"-84705257745311295","potions_obtained":[{"floor":2,"key":"PowerPotion"},{"floor":12,"key":"LiquidBronze"},{"floor":16,"key":"Explosive Potion"},{"floor":19,"key":"Weak Potion"}],"is_trial":false,"path_per_floor":["M","M","?","$","?","R","?","T","T","E","R","M","R","M","R","B",null,"M","?","?","?","M"],"character_chosen":"DEFECT","items_purchased":["Creative AI"],"campfire_rested":2,"item_purchase_floors":[4],"current_hp_per_floor":[57,55,55,55,36,55,50,50,50,32,51,51,51,48,48,18,53,42,2,2,2,0],"gold":317,"neow_bonus":"TRANSFORM_TWO_CARDS","is_prod":false,"is_daily":false,"chose_seed":false,"campfire_upgraded":2,"win_rate":0,"timestamp":1556839002,"path_taken":["M","M","?","$","?","R","?","?","T","E","R","M","R","M","R","BOSS","M","?","?","?","M"],"build_version":"2019-01-23","purchased_purges":1,"victory":false,"max_hp_per_floor":[64,64,64,64,64,64,64,64,64,64,64,64,64,64,64,64,64,64,64,64,64,64],"card_choices":[{"not_picked":["Steam","Barrage"],"picked":"Go for the Eyes","floor":1},{"not_picked":["Leap","Cold Snap"],"picked":"Consume","floor":2},{"not_picked":["Ball Lightning","Capacitor"],"picked":"Doom and Gloom","floor":10},{"not_picked":["Sweeping Beam","Darkness","Redo"],"picked":"SKIP","floor":12},{"not_picked":["Turbo","Fusion"],"picked":"Glacier","floor":14},{"not_picked":["Meteor Strike","Rainbow"],"picked":"Machine Learning","floor":16},{"not_picked":["Conserve Battery","Coolheaded"],"picked":"Chill+1","floor":18},{"not_picked":["Stack","Compile Driver"],"picked":"Leap","floor":19}],"player_experience":3572002,"relics_obtained":[{"floor":8,"key":"Orichalcum"},{"floor":9,"key":"Omamori"},{"floor":10,"key":"Vajra"},{"floor":19,"key":"Red Mask"}],"event_choices":[{"damage_healed":0,"gold_gain":150,"player_choice":"AGREE","damage_taken":0,"max_hp_gain":0,"max_hp_loss":0,"event_name":"Liars Game","floor":3,"gold_loss":0,"cards_obtained":["Doubt"]},{"damage_healed":0,"gold_gain":0,"player_choice":"Entered Light","damage_taken":19,"max_hp_gain":0,"max_hp_loss":0,"event_name":"Shining Light","floor":5,"gold_loss":0,"cards_upgraded":["Creative AI","Strike_B"]},{"damage_healed":0,"gold_gain":0,"player_choice":"Success","damage_taken":5,"relics_obtained":["Dodecahedron"],"max_hp_gain":0,"max_hp_loss":0,"event_name":"Scrap Ooze","floor":7,"gold_loss":0},{"damage_healed":0,"gold_gain":0,"player_choice":"Fought Bandits","damage_taken":0,"max_hp_gain":0,"max_hp_loss":0,"event_name":"Masked Bandits","floor":19,"gold_loss":0},{"damage_healed":0,"gold_gain":50,"player_choice":"Stole From Cult","damage_taken":0,"max_hp_gain":0,"max_hp_loss":0,"event_name":"Nest","floor":20,"gold_loss":0},{"damage_healed":0,"gold_gain":0,"player_choice":"Smashed Altar","damage_taken":0,"max_hp_gain":0,"max_hp_loss":0,"event_name":"Forgotten Altar","floor":21,"gold_loss":0,"cards_obtained":["Decay"]}],"is_beta":false,"boss_relics":[{"not_picked":["Busted Crown","Philosopher\u0027s Stone"],"picked":"Empty Cage"}],"items_purged_floors":[4],"is_endless":false,"potions_floor_spawned":[2,12,16,19],"killed_by":"2 Thieves","ascension_level":20}