{"gold_per_floor":[109,120,120,270,282,307,1,1,1,1,30,30,42,56,56,132,132,152,172,172,172],"floor_reached":21,"playtime":831,"items_purged":[],"score":478,"play_id":"af04c109-2f0b-4beb-92a6-45eda041dd12","local_time":"20190423154629","is_ascension_mode":true,"campfire_choices":[{"floor":8,"key":"REST"},{"floor":12,"key":"REST"},{"data":"Bludgeon","floor":15,"key":"SMITH"}],"neow_cost":"NONE","seed_source_timestamp":1196796820192806,"circlet_count":0,"master_deck":["AscendersBane","Strike_R","Strike_R","Strike_R","Strike_R","Defend_R","Defend_R","Defend_R","Defend_R","Bash","Rampage","Dual Wield","Doubt","Warcry","Bludgeon+1","Entrench+1","Bloodletting+1","Battle Trance+1","Dark Embrace","Bloodletting+1","Second Wind+1","Feel No Pain"],"relics":["Burning Blood","NeowsBlessing","Blue Candle","Toxic Egg 2","Mercury Hourglass","Art of War","Mark of Pain"],"potions_floor_usage":[6,11,16,16,18],"damage_taken":[{"damage":0,"enemies":"2 Louse","floor":1,"turns":1},{"damage":0,"enemies":"Jaw Worm","floor":2,"turns":1},{"damage":0,"enemies":"Cultist","floor":5,"turns":1},{"damage":70,"enemies":"3 Sentries","floor":6,"turns":12},{"damage":48,"enemies":"Lagavulin","floor":11,"turns":9},{"damage":15,"enemies":"Lots of Slimes","floor":13,"turns":3},{"damage":0,"enemies":"Large Slime","floor":14,"turns":3},{"damage":4,"enemies":"Slime Boss","floor":16,"turns":5},{"damage":21,"enemies":"2 Thieves","floor":18,"turns":4},{"damage":26,"enemies":"Chosen","floor":19,"turns":5},{"damage":44,"enemies":"Snake Plant","floor":21,"turns":4}],"seed_played":"7618073651178038146","potions_obtained":[{"floor":1,"key":"LiquidBronze"},{"floor":6,"key":"Regen Potion"},{"floor":13,"key":"Regen Potion"},{"floor":14,"key":"Energy Potion"},{"floor":16,"key":"Weak Potion"},{"floor":18,"key":"SmokeBomb"},{"floor":19,"key":"Ancient Potion"}],"is_trial":false,"path_per_floor":["M","M","?","?","M","E","$","R","T","$","E","R","M","M","R","B",null,"M","M","?","M"],"character_chosen":"IRONCLAD","items_purchased":["Toxic Egg 2","Entrench+1"],"campfire_rested":2,"item_purchase_floors":[7,7],"current_hp_per_floor":[74,75,80,80,80,16,16,40,40,40,13,37,28,34,34,50,73,58,38,38,0],"gold":172,"neow_bonus":"THREE_ENEMY_KILL","is_prod":false,"is_daily":false,"chose_seed":false,"campfire_upgraded":1,"win_rate":0,"timestamp":1556048789,"path_taken":["M","M","?","?","?","E","$","R","T","$","E","R","M","M","R","BOSS","M","M","?","M"],"build_version":"2019-01-23","purchased_purges":0,"victory":false,"max_hp_per_floor":[75,75,80,80,80,80,80,80,80,80,80,80,80,80,80,80,80,80,80,80,80],"card_choices":[{"not_picked":["Battle Trance","Fire Breathing"],"picked":"Rampage","floor":1},{"not_picked":["True Grit","Flex"],"picked":"Dual Wield","floor":2},{"not_picked":["Metallicize","Heavy Blade"],"picked":"Warcry","floor":5},{"not_picked":["Cleave","Wild Strike"],"picked":"Bludgeon","floor":6},{"not_picked":["Pummel","Warcry+1"],"picked":"Bloodletting+1","floor":11},{"not_picked":["Anger","Dual Wield+1"],"picked":"Battle Trance+1","floor":13},{"not_picked":["Twin Strike","Combust","Wild Strike"],"picked":"SKIP","floor":14},{"not_picked":["Berserk","Bludgeon"],"picked":"Dark Embrace","floor":16},{"not_picked":["Combust","Pommel Strike"],"picked":"Bloodletting+1","floor":18},{"not_picked":["Cleave","Pommel Strike"],"picked":"Second Wind+1","floor":19}],"player_experience":3480332,"relics_obtained":[{"floor":6,"key":"Blue Candle"},{"floor":9,"key":"Mercury Hourglass"},{"floor":11,"key":"Art of War"}],"event_choices":[{"damage_healed":0,"gold_gain":0,"player_choice":"Donut","damage_taken":0,"max_hp_gain":5,"max_hp_loss":0,"event_name":"Big Fish","floor":3,"gold_loss":0},{"damage_healed":0,"gold_gain":150,"player_choice":"AGREE","damage_taken":0,"max_hp_gain":0,"max_hp_loss":0,"event_name":"Liars Game","floor":4,"gold_loss":0,"cards_obtained":["Doubt"]},{"damage_healed":0,"gold_gain":0,"cards_transformed":["Strike_R"],"player_choice":"Transformed","damage_taken":0,"max_hp_gain":0,"max_hp_loss":0,"event_name":"Transmorgrifier","floor":20,"gold_loss":0,"cards_obtained":["Feel No Pain"]}],"is_beta":false,"boss_relics":[{"not_picked":["Fusion Hammer","Black Star"],"picked":"Mark of Pain"}],"items_purged_floors":[],"is_endless":false,"potions_floor_spawned":[1,6,13,14,16,18,19],"killed_by":"Snake Plant","ascension_level":20}