{"gold_per_floor":[115,132,132,132,149,176,176,188,188,338,338,298,298,317,317,388,388,403,36,52,52,71,104,104,129,129,129],"floor_reached":27,"playtime":1345,"items_purged":["Doubt"],"score":577,"play_id":"a0294290-7f3a-4ea3-8165-2c4057f7a134","local_time":"20190502101002","is_ascension_mode":true,"campfire_choices":[{"floor":7,"key":"REST"},{"floor":11,"key":"REST"},{"data":"Darkness","floor":13,"key":"SMITH"},{"data":"Chaos","floor":15,"key":"SMITH"},{"floor":24,"key":"REST"}],"neow_cost":"NONE","seed_source_timestamp":1953696003000103,"circlet_count":0,"master_deck":["AscendersBane","Strike_B","Strike_B","Defend_B","Defend_B","Defend_B","Defend_B","Zap","Dualcast","Darkness+1","Genetic Algorithm","Glacier","Self Repair","Chaos+1","Seek","Sweeping Beam+1","Coolheaded","Streamline","Reinforced Body","White Noise+1","Leap"],"relics":["Empty Cage","Cables","Singing Bowl","Cursed Key","Lee\u0027s Waffle","Pear","Bottled Tornado"],"potions_floor_usage":[6,8,8,14,16,25,25],"damage_taken":[{"damage":1,"enemies":"Small Slimes","floor":1,"turns":4},{"damage":7,"enemies":"Jaw Worm","floor":2,"turns":4},{"damage":7,"enemies":"Cultist","floor":5,"turns":5},{"damage":44,"enemies":"Gremlin Nob","floor":6,"turns":6},{"damage":7,"enemies":"Exordium Wildlife","floor":8,"turns":8},{"damage":5,"enemies":"2 Fungi Beasts","floor":14,"turns":2},{"damage":14,"enemies":"Hexaghost","floor":16,"turns":8},{"damage":21,"enemies":"Shell Parasite","floor":18,"turns":5},{"damage":10,"enemies":"Chosen","floor":20,"turns":6},{"damage":10,"enemies":"Snake Plant","floor":22,"turns":5},{"damage":46,"enemies":"Slavers","floor":23,"turns":6},{"damage":9,"enemies":"Gremlin Leader","floor":25,"turns":6},{"damage":69,"enemies":"Slavers","floor":27,"turns":6}],"seed_played":"4644583595785888714","potions_obtained":[{"floor":4,"key":"FocusPotion"},{"floor":4,"key":"Energy Potion"},{"floor":6,"key":"SpeedPotion"},{"floor":12,"key":"FocusPotion"},{"floor":12,"key":"Explosive Potion"},{"floor":18,"key":"PowerPotion"},{"floor":23,"key":"Dexterity Potion"}],"is_trial":false,"path_per_floor":["M","M","?","?","M","E","R","M","T","?","R","?","R","M","R","B",null,"M","$","M","T","M","E","R","E","T","E"],"character_chosen":"DEFECT","items_purchased":["Lee\u0027s Waffle","Coolheaded","Streamline"],"campfire_rested":3,"item_purchase_floors":[19,19,19],"current_hp_per_floor":[63,56,61,61,54,10,32,25,25,25,47,47,47,49,49,42,68,54,83,80,80,77,41,68,68,68,0],"gold":129,"neow_bonus":"BOSS_RELIC","is_prod":false,"is_daily":false,"chose_seed":false,"campfire_upgraded":2,"win_rate":0,"timestamp":1556806202,"path_taken":["M","M","?","?","M","E","R","?","T","?","R","?","R","M","R","BOSS","M","$","M","?","M","E","R","E","T","E"],"build_version":"2019-01-23","purchased_purges":1,"victory":false,"max_hp_per_floor":[71,71,76,76,76,76,76,76,76,76,76,76,76,76,76,76,76,76,83,83,83,83,93,93,95,95,95],"card_choices":[{"not_picked":["Beam Cell","Capacitor"],"picked":"Darkness","floor":1},{"not_picked":["Turbo","Barrage"],"picked":"Genetic Algorithm","floor":2},{"not_picked":["Scrape","BootSequence"],"picked":"Glacier","floor":5},{"not_picked":["Darkness","All For One","Compile Driver"],"picked":"SKIP","floor":6},{"not_picked":["Compile Driver","Stack"],"picked":"Self Repair","floor":8},{"not_picked":["Conserve Battery","Barrage"],"picked":"Chaos","floor":14},{"not_picked":["All For One","Reboot"],"picked":"Seek","floor":16},{"not_picked":["Undo","Streamline"],"picked":"Sweeping Beam+1","floor":18},{"not_picked":["Steam","Aggregate+1"],"picked":"Reinforced Body","floor":20},{"not_picked":["Beam Cell","Glacier"],"picked":"White Noise+1","floor":22},{"not_picked":["Lockon","Streamline"],"picked":"Leap","floor":23},{"not_picked":["Streamline+1","Redo","Beam Cell"],"picked":"Singing Bowl","floor":25}],"player_experience":3551761,"relics_obtained":[{"floor":6,"key":"Cables"},{"floor":9,"key":"Singing Bowl"},{"floor":23,"key":"Pear"},{"floor":25,"key":"Bottled Tornado"}],"event_choices":[{"damage_healed":0,"gold_gain":0,"player_choice":"Donut","damage_taken":0,"max_hp_gain":5,"max_hp_loss":0,"event_name":"Big Fish","floor":3,"gold_loss":0},{"damage_healed":0,"gold_gain":0,"player_choice":"Got Potions","damage_taken":0,"max_hp_gain":0,"max_hp_loss":0,"event_name":"Lab","floor":4,"gold_loss":0},{"damage_healed":0,"gold_gain":150,"player_choice":"AGREE","damage_taken":0,"max_hp_gain":0,"max_hp_loss":0,"event_name":"Liars Game","floor":10,"gold_loss":0,"cards_obtained":["Doubt"]},{"damage_healed":0,"gold_gain":0,"player_choice":"Bought 3 Potions","damage_taken":0,"max_hp_gain":0,"max_hp_loss":0,"event_name":"The Woman in Blue","floor":12,"gold_loss":0}],"is_beta":false,"boss_relics":[{"not_picked":["Velvet Choker","Ectoplasm"],"picked":"Cursed Key"}],"items_purged_floors":[19],"is_endless":false,"potions_floor_spawned":[5,6,18,23],"killed_by":"Slavers","ascension_level":20}