{"gold_per_floor":[118,268,285,337,337,337,371,371,439,80,96,96,96,20,20,119,119,140,140,155,170,17,60,81,81,81,81,81],"floor_reached":28,"playtime":2120,"items_purged":["Doubt"],"score":410,"play_id":"b6b2aef3-eef9-4e65-9b7c-c800878b7d61","local_time":"20190420030307","is_ascension_mode":true,"campfire_choices":[{"data":"Neutralize","floor":6.0,"key":"SMITH"},{"floor":8.0,"key":"REST"},{"data":"Tools of the Trade","floor":13.0,"key":"SMITH"},{"data":"Noxious Fumes","floor":15.0,"key":"SMITH"},{"floor":25.0,"key":"REST"},{"data":"A Thousand Cuts","floor":27.0,"key":"SMITH"}],"neow_cost":"NONE","seed_source_timestamp":0,"circlet_count":0,"master_deck":["AscendersBane","Defend_G","Defend_G","Defend_G","Defend_G","Strike_G","Strike_G","Strike_G","Strike_G","Survivor","Neutralize+1","Backflip","Noxious Fumes+1","Tools of the Trade+1","Well Laid Plans","Bane","Crippling Poison","A Thousand Cuts+1","Footwork","Neutralize","Underhanded Strike","PiercingWail","Footwork","Footwork+1"],"special_seed":0,"relics":["Ring of the Snake","Regal Pillow","Snake Skull","Mango","Dodecahedron","Golden Idol","Empty Cage","Ice Cream","Bird Faced Urn"],"potions_floor_usage":[],"damage_taken":[{"damage":15.0,"enemies":"Jaw Worm","floor":1.0,"turns":8.0},{"damage":5.0,"enemies":"Small Slimes","floor":3.0,"turns":4.0},{"damage":31.0,"enemies":"Lagavulin","floor":7.0,"turns":8.0},{"damage":1.0,"enemies":"2 Louse","floor":11.0,"turns":5.0},{"damage":39.0,"enemies":"Slime Boss","floor":16.0,"turns":9.0},{"damage":4.0,"enemies":"Chosen","floor":18.0,"turns":6.0},{"damage":21.0,"enemies":"3 Byrds","floor":20.0,"turns":5.0},{"damage":18.0,"enemies":"Centurion and Healer","floor":21.0,"turns":8.0},{"damage":48.0,"enemies":"Gremlin Leader","floor":23.0,"turns":7.0},{"damage":13.0,"enemies":"Snecko","floor":24.0,"turns":7.0},{"damage":58,"enemies":"Slavers","floor":28,"turns":5}],"seed_played":"-1123343082488747926","potions_obtained":[{"floor":3.0,"key":"FearPotion"},{"floor":20.0,"key":"GamblersBrew"},{"floor":21.0,"key":"Regen Potion"}],"is_trial":false,"path_per_floor":["M","?","M","T","?","R","E","R","T","$","M","?","R","$","R","B",null,"M","?","M","M","$","E","M","R","T","R","E"],"character_chosen":"THE_SILENT","items_purchased":["Fruit Juice","Well Laid Plans","EntropicBrew","Crippling Poison","Regen Potion","Footwork"],"campfire_rested":2,"item_purchase_floors":[10,10,10,14,22,22],"current_hp_per_floor":[44,44,39,39,39,39,22,61,61,61,65,65,65,65,65,26,64,60,60,39,21,21,18,5,43,43,43,0],"gold":81,"neow_bonus":"RANDOM_COMMON_RELIC","is_prod":false,"is_daily":false,"chose_seed":false,"campfire_upgraded":4,"win_rate":0,"timestamp":1555750987,"path_taken":["M","?","M","?","?","R","E","R","T","$","M","?","R","$","R","BOSS","M","?","?","?","?","E","M","R","T","R","E"],"build_version":"2019-04-04","purchased_purges":1,"victory":false,"max_hp_per_floor":[66,66,66,66,66,66,80,80,80,80,85,77,77,77,77,77,77,77,77,77,77,77,77,77,77,77,77,77],"card_choices":[{"not_picked":["Sucker Punch","Bane"],"picked":"Backflip","floor":1.0},{"not_picked":["Dagger Throw","Escape Plan"],"picked":"Noxious Fumes","floor":3.0},{"not_picked":["Quick Slash","Blade Dance"],"picked":"Tools of the Trade","floor":7.0},{"not_picked":["Dodge and Roll","Outmaneuver"],"picked":"Bane","floor":11.0},{"not_picked":["Doppelganger","After Image"],"picked":"A Thousand Cuts","floor":16.0},{"not_picked":["Distraction+1","Catalyst"],"picked":"Footwork","floor":18.0},{"not_picked":["Dash","Distraction"],"picked":"Underhanded Strike","floor":20.0},{"not_picked":["Dash","Crippling Poison"],"picked":"PiercingWail","floor":21.0},{"not_picked":["Skewer+1","Distraction","PiercingWail"],"picked":"SKIP","floor":23.0},{"not_picked":["Blade Dance","Dagger Throw"],"picked":"Footwork+1","floor":24.0}],"player_experience":883457,"relics_obtained":[{"floor":4.0,"key":"Snake Skull"},{"floor":7.0,"key":"Mango"},{"floor":9.0,"key":"Dodecahedron"},{"floor":23.0,"key":"Ice Cream"},{"floor":26.0,"key":"Bird Faced Urn"}],"event_choices":[{"damage_healed":0.0,"max_hp_gain":0.0,"max_hp_loss":0.0,"gold_gain":150.0,"event_name":"Liars Game","player_choice":"AGREE","floor":2.0,"gold_loss":0.0,"damage_taken":0.0,"cards_obtained":["Doubt"]},{"damage_healed":0.0,"max_hp_gain":0.0,"max_hp_loss":0.0,"gold_gain":0.0,"event_name":"Scrap Ooze","player_choice":"Fled","floor":5.0,"gold_loss":0.0,"damage_taken":0.0},{"damage_healed":0.0,"max_hp_gain":0.0,"max_hp_loss":8.0,"gold_gain":0.0,"event_name":"Golden Idol","player_choice":"Lose Max HP","floor":12.0,"gold_loss":0.0,"damage_taken":0.0,"relics_obtained":["Golden Idol"]},{"damage_healed":0.0,"max_hp_gain":0.0,"max_hp_loss":0.0,"gold_gain":0.0,"event_name":"Match and Keep!","player_choice":"1 cards matched","floor":19.0,"gold_loss":0.0,"damage_taken":0.0,"cards_obtained":["Neutralize"]}],"is_beta":true,"boss_relics":[{"not_picked":["White Beast Statue","Fusion Hammer"],"picked":"Empty Cage"}],"items_purged_floors":[10],"is_endless":false,"potions_floor_spawned":[3,20,21],"killed_by":"Slavers","ascension_level":15}