{"gold_per_floor":[111,17,17,17,41,79,79,98,98,98,113,137,152,20,20,20],"floor_reached":16,"playtime":661,"items_purged":[],"score":244,"play_id":"ef87e794-4c6f-46d3-a609-8ce1d94462cc","local_time":"20181115122115","is_ascension_mode":true,"campfire_choices":[{"data":"Night Terror","floor":7,"key":"SMITH"},{"data":"Bandage Up","floor":10,"key":"SMITH"},{"data":"Dagger Spray","floor":15,"key":"SMITH"}],"neow_cost":"NONE","seed_source_timestamp":136529047191712,"circlet_count":0,"master_deck":["AscendersBane","Defend_G","Defend_G","Defend_G","Defend_G","Defend_G","Strike_G","Strike_G+1","Strike_G","Strike_G","Strike_G","Survivor","Neutralize+1","Slice","Bandage Up+1","Dagger Throw","Night Terror+1","Dagger Spray+1","PiercingWail","PiercingWail","Footwork+1"],"relics":["Ring of the Snake","NeowsBlessing","Golden Idol","Frozen Egg 2","Whetstone","Oddly Smooth Stone"],"potions_floor_usage":[11,16,16],"damage_taken":[{"damage":0,"enemies":"Cultist","floor":1,"turns":1},{"damage":0,"enemies":"Small Slimes","floor":5,"turns":1},{"damage":0,"enemies":"Lagavulin","floor":6,"turns":1},{"damage":9,"enemies":"Jaw Worm","floor":8,"turns":6},{"damage":2,"enemies":"Gremlin Gang","floor":11,"turns":3},{"damage":16,"enemies":"Exordium Thugs","floor":13,"turns":5},{"damage":67,"enemies":"Slime Boss","floor":16,"turns":11}],"seed_played":"-8267033120077001781","potions_obtained":[{"floor":1,"key":"SpeedPotion"},{"floor":8,"key":"Dexterity Potion"}],"is_trial":false,"path_per_floor":["M","$","?","$","M","E","R","M","T","R","M","T","M","$","R","B"],"character_chosen":"THE_SILENT","items_purchased":["Bandage Up","Footwork+1","SpeedPotion"],"campfire_rested":0,"item_purchase_floors":[2,14,14],"current_hp_per_floor":[59,59,59,59,59,59,59,54,54,54,58,58,42,42,42,0],"gold":20,"neow_bonus":"THREE_ENEMY_KILL","is_prod":false,"is_daily":false,"chose_seed":false,"campfire_upgraded":3,"win_rate":0,"timestamp":1542302475,"path_taken":["M","?","?","?","?","E","R","M","T","R","M","?","M","?","R","BOSS"],"build_version":"2018-11-08","purchased_purges":0,"victory":false,"max_hp_per_floor":[66,66,60,60,60,60,60,60,60,60,60,60,60,60,60,60],"card_choices":[{"not_picked":["All Out Attack","Flechettes"],"picked":"Slice","floor":1},{"not_picked":["Leg Sweep","Infinite Blades"],"picked":"Dagger Throw","floor":5},{"not_picked":["Quick Slash","Dodge and Roll"],"picked":"Night Terror","floor":6},{"not_picked":["Venomology","Cloak And Dagger"],"picked":"Dagger Spray","floor":8},{"not_picked":["Slice","Setup"],"picked":"PiercingWail","floor":11},{"not_picked":["Dagger Throw","Dagger Spray"],"picked":"PiercingWail","floor":13}],"player_experience":2308320,"relics_obtained":[{"floor":6,"key":"Frozen Egg 2"},{"floor":9,"key":"Whetstone"},{"floor":12,"key":"Oddly Smooth Stone"}],"event_choices":[{"damage_healed":0,"gold_gain":0,"player_choice":"Lose Max HP","damage_taken":0,"relics_obtained":["Golden Idol"],"max_hp_gain":0,"max_hp_loss":6,"event_name":"Golden Idol","floor":3,"gold_loss":0}],"is_beta":false,"boss_relics":[],"items_purged_floors":[],"is_endless":false,"potions_floor_spawned":[1,8],"killed_by":"Slime Boss","ascension_level":19}