{"gold_per_floor":[14,14,29,40,40,40,40,53,53,78,78,78,96,121,121,121],"floor_reached":16,"playtime":767,"items_purged":[],"score":94,"play_id":"83746473-c94d-428f-9dc8-4bdb25a849e0","local_time":"20190422123038","is_ascension_mode":false,"campfire_choices":[{"data":"Dark Embrace","floor":6,"key":"SMITH"},{"data":"Bash","floor":11,"key":"SMITH"},{"data":"Evolve","floor":15,"key":"SMITH"}],"neow_cost":"NO_GOLD","seed_source_timestamp":1098709077700809,"circlet_count":0,"master_deck":["Strike_R","Strike_R","Strike_R","Strike_R","Strike_R","Defend_R","Defend_R","Defend_R","Defend_R","Bash+1","Dark Embrace+1","Rupture","Warcry","Wild Strike","Exhume","Evolve+1","Shrug It Off+1"],"relics":["Burning Blood","Golden Idol","Du-Vu Doll","Toxic Egg 2"],"potions_floor_usage":[14,14,14,14,16,16],"damage_taken":[{"damage":1,"enemies":"Cultist","floor":1,"turns":4},{"damage":0,"enemies":"2 Louse","floor":3,"turns":3},{"damage":10,"enemies":"Jaw Worm","floor":4,"turns":4},{"damage":12,"enemies":"Looter","floor":8,"turns":4},{"damage":25,"enemies":"Large Slime","floor":10,"turns":8},{"damage":7,"enemies":"3 Louse","floor":13,"turns":5},{"damage":20,"enemies":"Exordium Thugs","floor":14,"turns":4},{"damage":49,"enemies":"Hexaghost","floor":16,"turns":11}],"seed_played":"-4670846985554210775","potions_obtained":[{"floor":3,"key":"Weak Potion"},{"floor":4,"key":"EntropicBrew"},{"floor":14,"key":"Regen Potion"}],"is_trial":false,"path_per_floor":["M","$","M","M","$","R","?","M","T","M","R","T","M","M","R","B"],"character_chosen":"IRONCLAD","items_purchased":[],"campfire_rested":0,"item_purchase_floors":[],"current_hp_per_floor":[80,80,80,76,76,76,74,68,68,49,49,49,48,34,34,0],"gold":121,"neow_bonus":"THREE_RARE_CARDS","is_prod":false,"is_daily":false,"chose_seed":false,"campfire_upgraded":3,"win_rate":0,"timestamp":1555950638,"path_taken":["M","?","M","M","?","R","?","M","T","M","R","?","?","M","R","BOSS"],"build_version":"2019-01-23","purchased_purges":0,"victory":false,"max_hp_per_floor":[80,80,80,80,80,80,74,74,74,74,74,74,74,74,74,74],"card_choices":[{"not_picked":["Juggernaut","Limit Break"],"picked":"Dark Embrace","floor":0},{"not_picked":["Thunderclap","Blood for Blood","Pommel Strike"],"picked":"SKIP","floor":1},{"not_picked":["Flame Barrier","Sword Boomerang"],"picked":"Rupture","floor":3},{"not_picked":["True Grit","Perfected Strike"],"picked":"Warcry","floor":4},{"not_picked":["Anger","Inflame"],"picked":"Wild Strike","floor":8},{"not_picked":["Armaments","True Grit"],"picked":"Exhume","floor":10},{"not_picked":["Hemokinesis","Combust"],"picked":"Evolve","floor":13},{"not_picked":["Thunderclap","Hemokinesis"],"picked":"Shrug It Off+1","floor":14}],"player_experience":3453673,"relics_obtained":[{"floor":9,"key":"Du-Vu Doll"},{"floor":12,"key":"Toxic Egg 2"}],"event_choices":[{"damage_healed":0,"gold_gain":0,"player_choice":"Lose Max HP","damage_taken":0,"relics_obtained":["Golden Idol"],"max_hp_gain":0,"max_hp_loss":6,"event_name":"Golden Idol","floor":7,"gold_loss":0}],"is_beta":false,"boss_relics":[],"items_purged_floors":[],"is_endless":false,"potions_floor_spawned":[3,4,14],"killed_by":"Hexaghost","ascension_level":0}