{"gold_per_floor":[363,333,353,2,2,2,2,2,25,35,35,35,52,78,78,152,152,166,5,5,21,21,21,21,21,47,47,65,65,82,96,96,170,170,185,185,185,198,211,211,11,11,92,92,106,106,106,121,121,121],"floor_reached":50,"playtime":4789,"items_purged":["Strike_G"],"score":926,"play_id":"2b4b6a28-dab4-499d-a591-8ea426dc5f3e","local_time":"20181124110408","is_ascension_mode":true,"campfire_choices":[{"data":"Caltrops","floor":6,"key":"SMITH"},{"data":"Neutralize","floor":8,"key":"SMITH"},{"data":"Footwork","floor":15,"key":"SMITH"},{"data":"After Image","floor":23,"key":"SMITH"},{"data":"Noxious Fumes","floor":27,"key":"SMITH"},{"data":"Choke","floor":29,"key":"SMITH"},{"floor":32,"key":"REST"},{"data":"Caltrops","floor":40,"key":"SMITH"},{"floor":44,"key":"RECALL"},{"floor":49,"key":"REST"}],"neow_cost":"PERCENT_DAMAGE","seed_source_timestamp":905374989005725,"circlet_count":0,"master_deck":["AscendersBane","Defend_G","Defend_G","Defend_G","Survivor","Neutralize+1","Poisoned Stab","Sucker Punch","Caltrops+1","Die Die Die","Footwork+1","Choke+1","Slice","Deadly Poison+1","After Image+1","Adrenaline+1","Noxious Fumes+1","Catalyst+1","Dodge and Roll+1","Bite","Bite","Bite","Bite","Bite","Calculated Gamble+1","Caltrops+1","Dodge and Roll+1","Malaise+1","Prepared+1","Dodge and Roll+1","Parasite","Outmaneuver+1","Footwork+1","Catalyst+1","Parasite","Well Laid Plans"],"relics":["Ring of the Snake","Membership Card","Bronze Scales","Ancient Tea Set","Toxic Egg 2","Cursed Key","Oddly Smooth Stone","Empty Cage","DollysMirror"],"potions_floor_usage":[3,14,33,35,48,50,50],"damage_taken":[{"damage":0,"enemies":"2 Louse","floor":1,"turns":3},{"damage":4,"enemies":"Cultist","floor":3,"turns":3},{"damage":0,"enemies":"Small Slimes","floor":10,"turns":2},{"damage":2,"enemies":"Gremlin Gang","floor":13,"turns":5},{"damage":8,"enemies":"Lagavulin","floor":14,"turns":8},{"damage":12,"enemies":"Hexaghost","floor":16,"turns":7},{"damage":0,"enemies":"Spheric Guardian","floor":18,"turns":5},{"damage":0,"enemies":"3 Byrds","floor":21,"turns":3},{"damage":10,"enemies":"Snake Plant","floor":28,"turns":3},{"damage":0,"enemies":"Sentry and Sphere","floor":30,"turns":7},{"damage":32,"enemies":"Cultist and Chosen","floor":31,"turns":8},{"damage":39,"enemies":"Automaton","floor":33,"turns":9},{"damage":2,"enemies":"Orb Walker","floor":35,"turns":3},{"damage":5,"enemies":"3 Shapes","floor":38,"turns":4},{"damage":5,"enemies":"Writhing Mass","floor":39,"turns":6},{"damage":0,"enemies":"Maw","floor":45,"turns":7},{"damage":28,"enemies":"Spire Growth","floor":48,"turns":6},{"damage":47,"enemies":"Donu and Deca","floor":50,"turns":4}],"seed_played":"-1960986385228989723","potions_obtained":[{"floor":2,"key":"Explosive Potion"},{"floor":2,"key":"Fruit Juice"},{"floor":3,"key":"Swift Potion"},{"floor":13,"key":"Dexterity Potion"},{"floor":16,"key":"FearPotion"},{"floor":33,"key":"PowerPotion"},{"floor":45,"key":"SteroidPotion"},{"floor":48,"key":"Explosive Potion"}],"is_trial":false,"path_per_floor":["M","?","M","$","?","R","$","R","T","M","$","?","M","E","R","B",null,"M","$","?","M","?","R","$","$","T","R","M","R","M","M","R","B",null,"M","?","?","M","M","R","$","?","T","R","M","T","$","M","R","B"],"character_chosen":"THE_SILENT","items_purchased":["Membership Card","Bronze Scales","Caltrops","Adrenaline+1","Noxious Fumes","DollysMirror","Catalyst+1","GhostInAJar"],"campfire_rested":2,"item_purchase_floors":[4,4,4,19,19,41,41,41],"current_hp_per_floor":[44,44,45,45,45,45,45,45,45,45,45,45,43,35,35,23,59,59,59,59,59,49,49,49,49,49,49,45,45,49,25,39,14,40,46,46,46,45,49,49,49,47,47,47,47,47,47,25,39,0],"gold":121,"neow_bonus":"TWO_FIFTY_GOLD","is_prod":false,"is_daily":false,"chose_seed":false,"campfire_upgraded":7,"win_rate":0,"timestamp":1543075448,"path_taken":["M","?","?","$","?","R","$","R","T","?","?","?","M","E","R","BOSS","M","$","?","M","?","R","?","$","T","R","M","R","M","M","R","BOSS","M","?","?","?","M","R","$","?","T","R","M","?","$","M","R","BOSS"],"build_version":"2018-11-15","purchased_purges":1,"victory":false,"max_hp_per_floor":[66,66,71,71,71,71,71,71,71,71,71,71,71,71,71,71,71,71,71,71,71,49,49,49,49,49,49,49,49,49,49,49,49,49,49,49,49,49,49,49,49,47,47,47,47,47,47,47,47,47],"card_choices":[{"not_picked":["Expertise","Dash"],"picked":"Poisoned Stab","floor":1},{"not_picked":["Blade Dance","Tactician"],"picked":"Sucker Punch","floor":3},{"not_picked":["Dagger Spray","Slice"],"picked":"Footwork","floor":10},{"not_picked":["Deflect","Sucker Punch"],"picked":"Slice","floor":13},{"not_picked":["Concentrate","Backstab"],"picked":"Deadly Poison","floor":14},{"not_picked":["Storm of Steel+1","Envenom"],"picked":"After Image","floor":16},{"not_picked":["Acrobatics+1","Masterful Stab"],"picked":"Prepared+1","floor":18},{"not_picked":["Underhanded Strike","Sucker Punch"],"picked":"Dodge and Roll+1","floor":21},{"not_picked":["Cloak And Dagger+1","Acrobatics+1"],"picked":"Calculated Gamble+1","floor":28},{"not_picked":["Slice+1","Flying Knee+1"],"picked":"Caltrops","floor":30},{"not_picked":["Dagger Spray","Endless Agony"],"picked":"Dodge and Roll+1","floor":31},{"not_picked":["Tools of the Trade","Storm of Steel+1"],"picked":"Malaise+1","floor":33},{"not_picked":["Dagger Throw","Heel Hook"],"picked":"Prepared+1","floor":35},{"not_picked":["Slice","Deadly Poison+1"],"picked":"Dodge and Roll+1","floor":38},{"not_picked":["Die Die Die","Acrobatics+1"],"picked":"Outmaneuver+1","floor":39},{"not_picked":["Bane+1","Eviscerate","Sucker Punch"],"picked":"SKIP","floor":45},{"not_picked":["Crippling Poison+1","Masterful Stab"],"picked":"Well Laid Plans","floor":48}],"player_experience":2474671,"relics_obtained":[{"floor":9,"key":"Ancient Tea Set"},{"floor":14,"key":"Toxic Egg 2"},{"floor":26,"key":"Oddly Smooth Stone"}],"event_choices":[{"damage_healed":0,"gold_gain":0,"player_choice":"Bought 2 Potions","damage_taken":0,"max_hp_gain":0,"max_hp_loss":0,"event_name":"The Woman in Blue","floor":2,"gold_loss":0},{"damage_healed":0,"gold_gain":0,"player_choice":"1 cards matched","damage_taken":0,"max_hp_gain":0,"max_hp_loss":0,"event_name":"Match and Keep!","floor":5,"gold_loss":0,"cards_obtained":["Die Die Die"]},{"damage_healed":0,"gold_gain":0,"cards_transformed":["Strike_G"],"player_choice":"Transformed","damage_taken":0,"max_hp_gain":0,"max_hp_loss":0,"event_name":"Transmorgrifier","floor":12,"gold_loss":0,"cards_obtained":["Choke"]},{"damage_healed":0,"gold_gain":0,"player_choice":"Read","damage_taken":0,"max_hp_gain":0,"max_hp_loss":0,"event_name":"The Library","floor":20,"gold_loss":0,"cards_obtained":["Catalyst"]},{"damage_healed":0,"gold_gain":0,"player_choice":"Became a vampire","damage_taken":0,"max_hp_gain":0,"max_hp_loss":22,"event_name":"Vampires","floor":22,"gold_loss":0,"cards_obtained":["Bite","Bite","Bite","Bite","Bite"]},{"cards_removed":["Prepared"],"damage_healed":0,"gold_gain":0,"player_choice":"Removed Skill","damage_taken":0,"max_hp_gain":0,"max_hp_loss":0,"event_name":"Falling","floor":36,"gold_loss":0},{"cards_removed":["Defend_G"],"damage_healed":0,"gold_gain":0,"player_choice":"Offered Basic","damage_taken":0,"max_hp_gain":0,"max_hp_loss":0,"event_name":"Bonfire Elementals","floor":37,"gold_loss":0},{"damage_healed":0,"gold_gain":0,"player_choice":"Max HP","damage_taken":0,"max_hp_gain":0,"max_hp_loss":2,"event_name":"Winding Halls","floor":42,"gold_loss":0}],"is_beta":false,"boss_relics":[{"not_picked":["Coffee Dripper","Ring of the Serpent"],"picked":"Cursed Key"},{"not_picked":["WristBlade","White Beast Statue"],"picked":"Empty Cage"}],"items_purged_floors":[19],"is_endless":false,"potions_floor_spawned":[3,13,16,31,33,45,48],"killed_by":"Donu and Deca","ascension_level":20}