{"gold_per_floor":[116,116,116,130,53,93,93,116,140,140,140,170,170,26,26,115,178,197,107,33,33,33,33,51,51,51,51,90,106,142,142,142,231,231,254,2,23,41,41,41],"floor_reached":40,"playtime":3143,"items_purged":["Strike_G","Shame"],"score":732,"play_id":"09dc7338-177a-49ce-a696-ca4809f57545","local_time":"20190420043039","is_ascension_mode":true,"campfire_choices":[{"floor":7.0,"key":"REST"},{"data":"Footwork","floor":11.0,"key":"SMITH"},{"data":"Noxious Fumes","floor":13.0,"key":"SMITH"},{"data":"Footwork","floor":15.0,"key":"SMITH"},{"floor":23.0,"key":"REST"},{"floor":25.0,"key":"REST"},{"data":"Adrenaline","floor":32.0,"key":"SMITH"}],"neow_cost":"TEN_PERCENT_HP_LOSS","seed_source_timestamp":0,"circlet_count":0,"master_deck":["AscendersBane","Defend_G+1","Defend_G+1","Defend_G+1","Defend_G+1","Defend_G+1","Strike_G+1","Strike_G+1","Strike_G+1","Strike_G+1","Survivor","Neutralize+1","Night Terror+1","Outmaneuver","Backflip","Noxious Fumes+1","Flying Knee","Footwork+1","Footwork+1","Adrenaline+1","Backflip","Escape Plan","Bane+1","Deflect","Flying Knee+1","Caltrops","After Image","Writhe","Parasite","Backflip","Dodge and Roll","Leg Sweep","The Bomb"],"special_seed":0,"relics":["Ring of the Snake","Golden Idol","CultistMask","Centennial Puzzle","Lantern","Ancient Tea Set","Tiny House","Bottled Flame","Smiling Mask","Regal Pillow","Calling Bell","Oddly Smooth Stone","Sundial","Shovel","Strange Spoon"],"potions_floor_usage":[33],"damage_taken":[{"damage":6.0,"enemies":"2 Louse","floor":1.0,"turns":3.0},{"damage":4.0,"enemies":"Small Slimes","floor":4.0,"turns":5.0},{"damage":28.0,"enemies":"Gremlin Nob","floor":6.0,"turns":5.0},{"damage":4.0,"enemies":"Cultist","floor":8.0,"turns":5.0},{"damage":14.0,"enemies":"Slime Boss","floor":16.0,"turns":14.0},{"damage":8.0,"enemies":"3 Byrds","floor":18.0,"turns":7.0},{"damage":23.0,"enemies":"2 Thieves","floor":19.0,"turns":5.0},{"damage":4.0,"enemies":"Snecko","floor":24.0,"turns":10.0},{"damage":2.0,"enemies":"Gremlin Leader","floor":28.0,"turns":10.0},{"damage":2.0,"enemies":"Sentry and Sphere","floor":29.0,"turns":8.0},{"damage":19.0,"enemies":"Slavers","floor":30.0,"turns":9.0},{"damage":49,"enemies":"Automaton","floor":33,"turns":14},{"damage":0,"enemies":"Orb Walker","floor":35,"turns":4},{"damage":10,"enemies":"3 Darklings","floor":37,"turns":6},{"damage":15,"enemies":"4 Shapes","floor":38,"turns":7},{"damage":38,"enemies":"Giant Head","floor":40,"turns":11}],"seed_played":"2413982976684926165","potions_obtained":[{"floor":1.0,"key":"LiquidBronze"},{"floor":4.0,"key":"Poison Potion"},{"floor":16.0,"key":"SkillPotion"},{"floor":17.0,"key":"Ancient Potion"},{"floor":24.0,"key":"PowerPotion"},{"floor":27.0,"key":"SkillPotion"},{"floor":28.0,"key":"GhostInAJar"},{"floor":30.0,"key":"FearPotion"}],"is_trial":false,"path_per_floor":["M","?","?","M","$","E","R","M","T","?","R","?","R","$","R","B",null,"M","M","$","?","?","R","M","R","T","?","E","M","E","?","R","B",null,"M","$","M","M","?","E"],"character_chosen":"THE_SILENT","items_purchased":["Noxious Fumes","Footwork","Deflect","Dexterity Potion","Strange Spoon"],"campfire_rested":3,"item_purchase_floors":[5,14,20,20,36],"current_hp_per_floor":[53,53,53,49,49,21,37,33,33,33,33,33,33,33,33,19,50,42,19,19,19,19,36,32,49,49,49,47,45,26,59,59,10,47,47,47,37,22,22,0],"gold":41,"neow_bonus":"THREE_RARE_CARDS","is_prod":false,"is_daily":false,"chose_seed":false,"campfire_upgraded":4,"win_rate":0,"timestamp":1555756239,"path_taken":["M","?","?","?","$","E","R","M","T","?","R","?","R","?","R","BOSS","M","M","$","?","?","R","M","R","T","?","E","?","E","?","R","BOSS","M","$","M","M","?","E"],"build_version":"2019-04-04","purchased_purges":2,"victory":false,"max_hp_per_floor":[60,54,54,54,54,54,54,54,54,54,54,54,54,54,54,54,59,59,59,59,59,59,59,59,59,59,59,59,59,59,59,59,59,59,59,59,59,59,59,59],"card_choices":[{"not_picked":["Malaise","Phantasmal Killer"],"picked":"Night Terror","floor":0.0},{"not_picked":["Leg Sweep","Reflex"],"picked":"Outmaneuver","floor":1.0},{"not_picked":["Finisher","Outmaneuver"],"picked":"Backflip","floor":4.0},{"not_picked":["Leg Sweep","Night Terror"],"picked":"Flying Knee","floor":6.0},{"not_picked":["Eviscerate","Prepared"],"picked":"Footwork","floor":8.0},{"not_picked":["Night Terror","Unload"],"picked":"Adrenaline","floor":16.0},{"not_picked":["Concentrate","Underhanded Strike"],"picked":"Backflip","floor":17.0},{"not_picked":["Setup","Masterful Stab"],"picked":"Escape Plan","floor":18.0},{"not_picked":["Cloak And Dagger","Flying Knee"],"picked":"Bane+1","floor":19.0},{"not_picked":["Underhanded Strike","Eviscerate","Leg Sweep"],"picked":"SKIP","floor":24.0},{"not_picked":["Blade Dance","Phantasmal Killer"],"picked":"Flying Knee+1","floor":28.0},{"not_picked":["Sucker Punch","Endless Agony"],"picked":"Caltrops","floor":29.0},{"not_picked":["Eviscerate","Glass Knife","Crippling Poison"],"picked":"SKIP","floor":30.0},{"not_picked":["Bullet Time","Wraith Form v2"],"picked":"After Image","floor":33},{"not_picked":["Poisoned Stab","Concentrate"],"picked":"Backflip","floor":35},{"not_picked":["Cloak And Dagger","Accuracy"],"picked":"Dodge and Roll","floor":37},{"not_picked":["Storm of Steel","Flying Knee+1"],"picked":"Leg Sweep","floor":38},{"not_picked":["Dramatic Entrance","PanicButton"],"picked":"The Bomb","floor":39}],"player_experience":886938,"relics_obtained":[{"floor":6.0,"key":"Centennial Puzzle"},{"floor":9.0,"key":"Lantern"},{"floor":26.0,"key":"Bottled Flame"},{"floor":28.0,"key":"Smiling Mask"},{"floor":30.0,"key":"Regal Pillow"},{"floor":34,"key":"Oddly Smooth Stone"},{"floor":34,"key":"Sundial"},{"floor":34,"key":"Shovel"}],"event_choices":[{"damage_healed":0.0,"max_hp_gain":0.0,"max_hp_loss":6.0,"gold_gain":0.0,"event_name":"Golden Idol","player_choice":"Lose Max HP","floor":2.0,"gold_loss":0.0,"damage_taken":0.0,"relics_obtained":["Golden Idol"]},{"damage_healed":0.0,"max_hp_gain":0.0,"max_hp_loss":0.0,"gold_gain":0.0,"event_name":"FaceTrader","player_choice":"Trade","floor":3.0,"gold_loss":0.0,"damage_taken":0.0,"relics_obtained":["CultistMask"]},{"damage_healed":0.0,"max_hp_gain":0.0,"max_hp_loss":0.0,"gold_gain":0.0,"event_name":"Living Wall","player_choice":"Grow","floor":10.0,"gold_loss":0.0,"damage_taken":0.0,"cards_upgraded":["Neutralize"]},{"damage_healed":0.0,"max_hp_gain":0.0,"max_hp_loss":0.0,"gold_gain":30.0,"event_name":"Dead Adventurer","player_choice":"Searched \u00272\u0027 times","floor":12.0,"gold_loss":0.0,"damage_taken":0.0,"relics_obtained":["Ancient Tea Set"]},{"damage_healed":0.0,"max_hp_gain":0.0,"max_hp_loss":0.0,"gold_gain":0.0,"event_name":"Back to Basics","player_choice":"Simplicity","floor":21.0,"gold_loss":0.0,"damage_taken":0.0,"cards_upgraded":["Defend_G","Defend_G","Defend_G","Defend_G","Defend_G","Strike_G","Strike_G","Strike_G","Strike_G"]},{"damage_healed":0.0,"max_hp_gain":0.0,"max_hp_loss":0.0,"gold_gain":0.0,"event_name":"Beggar","player_choice":"Ignored","floor":22.0,"gold_loss":0.0,"damage_taken":0.0},{"damage_healed":0.0,"max_hp_gain":0.0,"max_hp_loss":0.0,"gold_gain":0.0,"event_name":"Lab","player_choice":"Got Potions","floor":27.0,"gold_loss":0.0,"damage_taken":0.0},{"damage_healed":33.0,"max_hp_gain":0.0,"max_hp_loss":0.0,"gold_gain":0.0,"event_name":"Wheel of Change","player_choice":"Full Heal","floor":31.0,"gold_loss":0.0,"damage_taken":0.0},{"damage_healed":0,"gold_gain":0,"player_choice":"Memory 1","damage_taken":0,"max_hp_gain":0,"max_hp_loss":0,"event_name":"SensoryStone","floor":39,"gold_loss":0}],"is_beta":true,"boss_relics":[{"not_picked":["Fusion Hammer","Ectoplasm"],"picked":"Tiny House"},{"not_picked":["Eternal Feather","Astrolabe"],"picked":"Calling Bell"}],"items_purged_floors":[14,36],"is_endless":false,"potions_floor_spawned":[1,4,16,24,28,30],"killed_by":"Giant Head","ascension_level":15}