{"gold_per_floor":[117,41,41,54,54,94,110,154,205,205,273,273,311,336,336,432,432,445,158,181,181,194,194,194,194,194,227,9,23,23,23],"floor_reached":31,"playtime":1603,"items_purged":[],"score":488,"play_id":"7ebcd691-b2a8-4270-9acc-b1cdd7b6ce4b","local_time":"20181219125752","is_ascension_mode":true,"campfire_choices":[{"data":"Bash","floor":12,"key":"SMITH"},{"data":"Uppercut","floor":15,"key":"SMITH"},{"floor":23,"key":"REST"},{"floor":25,"key":"REST"}],"neow_cost":"NONE","seed_source_timestamp":586710820984484,"circlet_count":0,"master_deck":["AscendersBane","Bash+1","Carnage","True Grit","Iron Wave","Headbutt","Ghostly Armor","Corruption","Shrug It Off","Clothesline","Uppercut+1","Barricade","Rampage","Dropkick","Burning Pact","Impervious","Uppercut","Bloodletting","Havoc","Iron Wave","Carnage+1","Whirlwind","Spot Weakness","Headbutt","Shockwave+1","Exhume","Discovery","Metallicize"],"relics":["Burning Blood","NeowsBlessing","Golden Idol","Blue Candle","Boot","Juzu Bracelet","Mummified Hand","Pear","Pandora\u0027s Box","Membership Card","Enchiridion","Molten Egg 2","Pen Nib","Strange Spoon"],"potions_floor_usage":[16,20,22,27,31],"damage_taken":[{"damage":0,"enemies":"Cultist","floor":1,"turns":1},{"damage":0,"enemies":"Jaw Worm","floor":4,"turns":1},{"damage":0,"enemies":"3 Sentries","floor":6,"turns":1},{"damage":7,"enemies":"Small Slimes","floor":7,"turns":3},{"damage":19,"enemies":"Gremlin Nob","floor":8,"turns":4},{"damage":37,"enemies":"3 Sentries","floor":13,"turns":9},{"damage":4,"enemies":"2 Fungi Beasts","floor":14,"turns":4},{"damage":33,"enemies":"The Guardian","floor":16,"turns":11},{"damage":6,"enemies":"Chosen","floor":18,"turns":6},{"damage":3,"enemies":"Spheric Guardian","floor":20,"turns":3},{"damage":13,"enemies":"Snecko","floor":22,"turns":4},{"damage":74,"enemies":"Gremlin Leader","floor":27,"turns":10},{"damage":8,"enemies":"Snake Plant","floor":29,"turns":6},{"damage":16,"enemies":"Chosen and Byrds","floor":31,"turns":1}],"seed_played":"6340041731389680230","potions_obtained":[{"floor":6,"key":"FairyPotion"},{"floor":14,"key":"Fire Potion"},{"floor":16,"key":"Fire Potion"},{"floor":18,"key":"FearPotion"},{"floor":20,"key":"SteroidPotion"},{"floor":27,"key":"PowerPotion"}],"is_trial":false,"path_per_floor":["M","$","?","M","?","E","M","E","T","?","?","R","E","M","R","B",null,"M","$","M","?","M","R","?","R","T","E","$","M","?","M"],"character_chosen":"IRONCLAD","items_purchased":["True Grit","Iron Wave","Membership Card","Whirlwind","Spot Weakness","Strange Spoon","Exhume","Discovery"],"campfire_rested":2,"item_purchase_floors":[2,2,19,19,19,28,28,28],"current_hp_per_floor":[78,78,78,80,74,74,73,60,60,53,53,53,32,34,34,7,65,65,65,68,52,45,70,70,84,84,16,16,14,14,0],"gold":23,"neow_bonus":"THREE_ENEMY_KILL","is_prod":false,"is_daily":false,"chose_seed":false,"campfire_upgraded":2,"win_rate":0,"timestamp":1545242272,"path_taken":["M","$","?","M","?","E","M","E","T","?","?","R","E","M","R","BOSS","M","$","M","?","M","R","?","R","T","E","$","M","?","M"],"build_version":"2018-12-13","purchased_purges":0,"victory":false,"max_hp_per_floor":[80,80,80,80,74,74,74,74,74,74,74,74,84,84,84,84,84,84,84,84,84,84,84,84,84,84,84,84,84,84,84],"card_choices":[{"not_picked":["Clash","Intimidate"],"picked":"Carnage","floor":1},{"not_picked":["True Grit","Havoc"],"picked":"Headbutt","floor":4},{"not_picked":["Headbutt","Sword Boomerang"],"picked":"Ghostly Armor","floor":6},{"not_picked":["True Grit","Iron Wave"],"picked":"Corruption","floor":7},{"not_picked":["Inflame","Blood for Blood"],"picked":"Shrug It Off","floor":8},{"not_picked":["Sever Soul","Perfected Strike"],"picked":"Clothesline","floor":13},{"not_picked":["Searing Blow","Clash"],"picked":"Uppercut","floor":14},{"not_picked":["Immolate","Double Tap"],"picked":"Barricade","floor":16},{"not_picked":["Twin Strike","Thunderclap"],"picked":"Carnage+1","floor":18},{"not_picked":["Sword Boomerang","Pummel","Clothesline"],"picked":"SKIP","floor":20},{"not_picked":["Clothesline","Thunderclap+1"],"picked":"Headbutt","floor":22},{"not_picked":["Twin Strike+1","Burning Pact"],"picked":"Shockwave+1","floor":27},{"not_picked":["Shrug It Off","Warcry"],"picked":"Metallicize","floor":29}],"player_experience":2940469,"relics_obtained":[{"floor":6,"key":"Blue Candle"},{"floor":8,"key":"Boot"},{"floor":9,"key":"Juzu Bracelet"},{"floor":13,"key":"Pear"},{"floor":21,"key":"Enchiridion"},{"floor":26,"key":"Molten Egg 2"},{"floor":27,"key":"Pen Nib"}],"event_choices":[{"damage_healed":0,"gold_gain":0,"player_choice":"Ignored","damage_taken":0,"max_hp_gain":0,"max_hp_loss":0,"event_name":"Liars Game","floor":3,"gold_loss":0},{"damage_healed":0,"gold_gain":0,"player_choice":"Lose Max HP","damage_taken":0,"relics_obtained":["Golden Idol"],"max_hp_gain":0,"max_hp_loss":6,"event_name":"Golden Idol","floor":5,"gold_loss":0},{"damage_healed":0,"gold_gain":0,"player_choice":"Success","damage_taken":7,"relics_obtained":["Mummified Hand"],"max_hp_gain":0,"max_hp_loss":0,"event_name":"Scrap Ooze","floor":10,"gold_loss":0},{"damage_healed":0,"gold_gain":68,"player_choice":"Gained Gold","damage_taken":0,"max_hp_gain":0,"max_hp_loss":0,"event_name":"Golden Wing","floor":11,"gold_loss":0},{"damage_healed":0,"gold_gain":0,"player_choice":"Obtained Book","damage_taken":16,"max_hp_gain":0,"max_hp_loss":0,"event_name":"Cursed Tome","floor":21,"gold_loss":0},{"cards_removed":["Second Wind"],"damage_healed":0,"gold_gain":0,"player_choice":"Purged","damage_taken":0,"max_hp_gain":0,"max_hp_loss":0,"event_name":"Purifier","floor":24,"gold_loss":0},{"damage_healed":0,"gold_gain":0,"player_choice":"Ignored","damage_taken":0,"max_hp_gain":0,"max_hp_loss":0,"event_name":"Ghosts","floor":30,"gold_loss":0}],"is_beta":false,"boss_relics":[{"not_picked":["Black Star","Eternal Feather"],"picked":"Pandora\u0027s Box"}],"items_purged_floors":[],"is_endless":false,"potions_floor_spawned":[6,14,16,18,20,27],"killed_by":"Chosen and Byrds","ascension_level":13}