{"gold_per_floor":[116,131,143,9,21,21,32,32,32,64,29,3,3,23,23,100,100,72,92,92,92,109,109,124,124,147,147,72,90,90,109,109,109],"floor_reached":33,"playtime":3027,"items_purged":[],"score":706,"play_id":"1ee6f6f0-1424-405a-a09a-7fb25a1e86aa","local_time":"20190624201654","is_ascension_mode":true,"campfire_choices":[{"floor":6.0,"key":"REST"},{"data":"Neutralize","floor":8,"key":"SMITH"},{"floor":15,"key":"REST"},{"floor":23,"key":"REST"},{"data":"Malaise","floor":25,"key":"SMITH"},{"floor":32,"key":"REST"}],"neow_cost":"PERCENT_DAMAGE","seed_source_timestamp":0,"circlet_count":0,"master_deck":["AscendersBane","Defend_G","Defend_G","Defend_G","Defend_G","Defend_G","Survivor","Neutralize+1","Poisoned Stab","Dagger Throw","Catalyst","Well Laid Plans","Poisoned Stab","Outmaneuver","Crippling Poison","Grand Finale","Poisoned Stab","PiercingWail","Malaise+1","Deadly Poison","Bullet Time","Bite","Bite","Bite","Bite","Bite","Dagger Throw","Dodge and Roll","Backflip","Predator+1","Noxious Fumes"],"special_seed":0,"relics":["Ring of the Snake","Anchor","Bag of Preparation","Philosopher\u0027s Stone","Darkstone Periapt","Snake Skull"],"potions_floor_usage":[7,10,19,29],"damage_taken":[{"damage":9.0,"enemies":"Cultist","floor":1.0,"turns":5.0},{"damage":8.0,"enemies":"Jaw Worm","floor":2.0,"turns":6.0},{"damage":2.0,"enemies":"2 Louse","floor":3.0,"turns":3.0},{"damage":5.0,"enemies":"Exordium Wildlife","floor":5.0,"turns":4.0},{"damage":0,"enemies":"3 Louse","floor":7,"turns":1},{"damage":22,"enemies":"Lagavulin","floor":10,"turns":6},{"damage":0,"enemies":"Blue Slaver","floor":14,"turns":2},{"damage":16,"enemies":"Hexaghost","floor":16,"turns":9},{"damage":16,"enemies":"2 Thieves","floor":18,"turns":4},{"damage":18,"enemies":"Spheric Guardian","floor":19,"turns":5},{"damage":25,"enemies":"Snecko","floor":22,"turns":4},{"damage":12,"enemies":"Centurion and Healer","floor":24,"turns":6},{"damage":27,"enemies":"Shelled Parasite and Fungi","floor":29,"turns":5},{"damage":11,"enemies":"Snecko","floor":31,"turns":5},{"damage":42,"enemies":"Automaton","floor":33,"turns":4}],"seed_played":"1253127575272356503","potions_obtained":[{"floor":5.0,"key":"Explosive Potion"},{"floor":7,"key":"Ancient Potion"},{"floor":16,"key":"AttackPotion"},{"floor":24,"key":"GamblersBrew"},{"floor":31,"key":"FearPotion"}],"is_trial":false,"path_per_floor":["M","M","M","$","M","R","M","R","T","E","?","$","?","M","R","B",null,"M","M","?","?","M","R","M","R","T","?","?","M","$","M","R","B"],"character_chosen":"THE_SILENT","items_purchased":["Well Laid Plans","Poisoned Stab","Poisoned Stab"],"campfire_rested":4,"item_purchase_floors":[4,4,12],"current_hp_per_floor":[35,27,25,25,20,39,39,39,39,17,33,33,33,33,52,36,59,43,25,25,31,16,31,29,29,29,29,29,12,12,11,26,0],"gold":109,"neow_bonus":"TRANSFORM_TWO_CARDS","is_prod":false,"is_daily":false,"chose_seed":false,"campfire_upgraded":2,"win_rate":0,"timestamp":1561429014,"path_taken":["M","?","?","$","M","R","M","R","T","E","?","?","?","M","R","BOSS","M","M","?","?","?","R","M","R","T","?","?","M","$","?","R","BOSS"],"build_version":"2019-06-21","purchased_purges":0,"victory":false,"max_hp_per_floor":[66,66,66,66,66,66,66,66,66,66,66,66,66,66,66,66,66,66,66,46,52,52,52,52,52,52,52,52,52,52,52,52,52],"card_choices":[{"not_picked":["Dodge and Roll","Infinite Blades"],"picked":"Poisoned Stab","floor":1.0},{"not_picked":["Dodge and Roll","Flechettes"],"picked":"Dagger Throw","floor":2.0},{"not_picked":["Escape Plan","Dodge and Roll"],"picked":"Catalyst","floor":3.0},{"not_picked":["Quick Slash","Slice"],"picked":"Outmaneuver","floor":5.0},{"not_picked":["Dodge and Roll","Reflex"],"picked":"Crippling Poison","floor":7},{"not_picked":["PiercingWail","Dagger Throw"],"picked":"Grand Finale","floor":10},{"not_picked":["Quick Slash","Calculated Gamble"],"picked":"PiercingWail","floor":14},{"not_picked":["A Thousand Cuts","Wraith Form v2"],"picked":"Malaise","floor":16},{"not_picked":["Cloak And Dagger","Dodge and Roll"],"picked":"Deadly Poison","floor":18},{"not_picked":["Backflip","Riddle With Holes"],"picked":"Bullet Time","floor":19},{"not_picked":["Slice","Eviscerate"],"picked":"Dagger Throw","floor":22},{"not_picked":["Blade Dance","Underhanded Strike"],"picked":"Dodge and Roll","floor":24},{"not_picked":["Reflex","Prepared"],"picked":"Predator+1","floor":29},{"not_picked":["Flying Knee","Bane"],"picked":"Noxious Fumes","floor":31}],"player_experience":1094394,"relics_obtained":[{"floor":9,"key":"Anchor"},{"floor":10,"key":"Bag of Preparation"},{"floor":26,"key":"Snake Skull"}],"event_choices":[{"damage_healed":16,"gold_gain":0,"player_choice":"Healed","damage_taken":0,"max_hp_gain":0,"max_hp_loss":0,"event_name":"The Cleric","floor":11,"gold_loss":35},{"damage_healed":0,"gold_gain":0,"player_choice":"Ignored","damage_taken":0,"max_hp_gain":0,"max_hp_loss":0,"event_name":"Shining Light","floor":13,"gold_loss":0},{"damage_healed":0,"gold_gain":0,"player_choice":"Became a vampire","damage_taken":0,"max_hp_gain":0,"max_hp_loss":20,"event_name":"Vampires","floor":20,"gold_loss":0,"cards_obtained":["Bite","Bite","Bite","Bite","Bite"]},{"damage_healed":0,"gold_gain":0,"player_choice":"Opened","damage_taken":0,"relics_obtained":["Darkstone Periapt"],"max_hp_gain":0,"max_hp_loss":0,"event_name":"The Mausoleum","floor":21,"gold_loss":0,"cards_obtained":["Writhe"]},{"damage_healed":0,"gold_gain":0,"player_choice":"Read","damage_taken":0,"max_hp_gain":0,"max_hp_loss":0,"event_name":"The Library","floor":27,"gold_loss":0,"cards_obtained":["Backflip"]},{"cards_removed":["Writhe"],"damage_healed":0,"gold_gain":0,"player_choice":"Single Remove","damage_taken":0,"max_hp_gain":0,"max_hp_loss":0,"event_name":"Designer","floor":28,"gold_loss":75}],"is_beta":true,"boss_relics":[{"not_picked":["Ectoplasm","WristBlade"],"picked":"Philosopher\u0027s Stone"}],"items_purged_floors":[],"is_endless":false,"potions_floor_spawned":[5,7,16,24,31],"killed_by":"Automaton","ascension_level":19}