{"gold_per_floor":[116,83,83,108,33,33,76,76,101,113,150,187,199,255,267,408,420,451,463,200,200,200,200,235,235,312,353,367,391,391],"floor_reached":30,"playtime":1727,"items_purged":["Strike_R","Strike_R"],"score":288,"play_id":"194d2e02-c8dd-4835-a9af-6ffdba5f5251","local_time":"20190710191659","is_ascension_mode":true,"campfire_choices":[{"floor":6,"key":"REST"},{"floor":8,"key":"REST"},{"floor":13,"key":"DIG"},{"floor":15,"key":"REST"},{"floor":23,"key":"REST"},{"floor":25,"key":"REST"}],"neow_cost":"NONE","seed_source_timestamp":968919185249975,"circlet_count":0,"master_deck":["Strike_R","Strike_R","Strike_R","Defend_R","Defend_R","Defend_R","Defend_R","Bash","Twin Strike","Spot Weakness","Shrug It Off","Immolate","Headbutt","Flex","Flex","Barricade","Pommel Strike","Shrug It Off","Battle Trance","Rampage","Armaments","Flame Barrier","Shrug It Off","Shockwave"],"relics":["Burning Blood","Golden Idol","Shovel","MawBank","StoneCalendar","Champion Belt","Busted Crown","The Courier","Omamori","Charon\u0027s Ashes","Dream Catcher","Question Card","Bottled Flame"],"potions_floor_usage":[7,24],"damage_taken":[{"damage":0,"enemies":"Small Slimes","floor":1,"turns":3},{"damage":13,"enemies":"2 Louse","floor":4,"turns":2},{"damage":50,"enemies":"3 Sentries","floor":7,"turns":10},{"damage":0,"enemies":"Cultist","floor":11,"turns":3},{"damage":12,"enemies":"Blue Slaver","floor":12,"turns":2},{"damage":30,"enemies":"Gremlin Nob","floor":14,"turns":4},{"damage":53,"enemies":"Hexaghost","floor":16,"turns":9},{"damage":27,"enemies":"3 Byrds","floor":18,"turns":5},{"damage":48,"enemies":"Book of Stabbing","floor":24,"turns":7},{"damage":36,"enemies":"Slavers","floor":27,"turns":3},{"damage":7,"enemies":"Shell Parasite","floor":28,"turns":4},{"damage":25,"enemies":"Sentry and Sphere","floor":29,"turns":6},{"damage":13,"enemies":"3 Cultists","floor":30,"turns":2}],"seed_played":"5651603194225412491","potions_obtained":[{"floor":1,"key":"Swift Potion"},{"floor":11,"key":"Energy Potion"},{"floor":28,"key":"Poison Potion"},{"floor":29,"key":"SpeedPotion"}],"is_trial":false,"path_per_floor":["M","?","?","M","$","R","E","R","T","?","M","M","R","E","R","B",null,"M","?","$","T","?","R","E","R","T","E","M","M","M"],"character_chosen":"IRONCLAD","items_purchased":["Shrug It Off","Battle Trance","Rampage","Block Potion"],"campfire_rested":5,"item_purchase_floors":[20,20,20,20],"current_hp_per_floor":[80,80,60,53,53,77,33,57,57,57,63,57,57,33,57,10,80,59,59,59,59,59,80,38,62,62,32,31,12,0],"gold":391,"neow_bonus":"THREE_CARDS","is_prod":false,"is_daily":false,"chose_seed":false,"campfire_upgraded":0,"win_rate":0,"timestamp":1562804219,"path_taken":["M","?","?","M","$","R","E","R","T","?","M","M","R","E","R","BOSS","M","?","$","?","?","R","E","R","T","E","M","M","M"],"build_version":"2019-07-05","purchased_purges":2,"victory":false,"max_hp_per_floor":[80,80,80,80,80,80,80,80,80,80,80,80,80,80,80,80,80,80,80,80,80,80,80,80,80,80,80,80,80,80],"card_choices":[{"not_picked":["Iron Wave","Clothesline"],"picked":"Twin Strike","floor":0},{"not_picked":["Perfected Strike","Hemokinesis"],"picked":"Spot Weakness","floor":1},{"not_picked":["Twin Strike","Clothesline"],"picked":"Shrug It Off","floor":4},{"not_picked":["Bloodletting","Thunderclap"],"picked":"Immolate","floor":7},{"not_picked":["Armaments","Wild Strike"],"picked":"Headbutt","floor":11},{"not_picked":["Cleave","Headbutt"],"picked":"Flex","floor":12},{"not_picked":["Disarm","Thunderclap"],"picked":"Flex","floor":14},{"not_picked":["Feed","Offering"],"picked":"Barricade","floor":16},{"not_picked":[],"picked":"Pommel Strike","floor":18},{"not_picked":["Anger"],"picked":"SKIP","floor":24},{"not_picked":[],"picked":"Armaments","floor":25},{"not_picked":["Infernal Blade"],"picked":"Flame Barrier","floor":27},{"not_picked":["Battle Trance"],"picked":"Shrug It Off","floor":28},{"not_picked":["Heavy Blade"],"picked":"Shockwave","floor":29}],"player_experience":83070,"relics_obtained":[{"floor":7,"key":"Shovel"},{"floor":9,"key":"MawBank"},{"floor":13,"key":"StoneCalendar"},{"floor":14,"key":"Champion Belt"},{"floor":21,"key":"Omamori"},{"floor":24,"key":"Dream Catcher"},{"floor":26,"key":"Question Card"},{"floor":27,"key":"Bottled Flame"}],"event_choices":[{"damage_healed":0,"gold_gain":0,"player_choice":"Left Gold","damage_taken":0,"max_hp_gain":0,"max_hp_loss":0,"event_name":"World of Goop","floor":2,"gold_loss":33},{"damage_healed":0,"gold_gain":0,"player_choice":"Take Damage","damage_taken":20,"relics_obtained":["Golden Idol"],"max_hp_gain":0,"max_hp_loss":0,"event_name":"Golden Idol","floor":3,"gold_loss":0},{"damage_healed":0,"gold_gain":0,"player_choice":"Ignored","damage_taken":0,"max_hp_gain":0,"max_hp_loss":0,"event_name":"Shining Light","floor":10,"gold_loss":0},{"damage_healed":0,"gold_gain":0,"player_choice":"Gave Potion","damage_taken":0,"relics_obtained":["The Courier"],"max_hp_gain":0,"max_hp_loss":0,"event_name":"WeMeetAgain","floor":19,"gold_loss":0},{"damage_healed":0,"gold_gain":0,"player_choice":"Stole Relic","damage_taken":0,"relics_obtained":["Charon\u0027s Ashes"],"max_hp_gain":0,"max_hp_loss":0,"event_name":"Addict","floor":22,"gold_loss":0,"cards_obtained":["Shame"]}],"is_beta":false,"boss_relics":[{"not_picked":["Fusion Hammer","Sozu"],"picked":"Busted Crown"}],"items_purged_floors":[5,20],"is_endless":false,"potions_floor_spawned":[1,11,28,29],"killed_by":"3 Cultists","ascension_level":1}