{"gold_per_floor":[218,238,4,4,4,4,17,17,101,132,148,148,1,17,17,148,148,162,162,162,186,111,111,155,155,155,182,182,182,182,200,200,329,329,349,682,682,708,462,462,480,480,506,518,548,577,609,15,15,15],"floor_reached":51,"playtime":2348,"items_purged":["Strike_R"],"score":751,"play_id":"91f785b9-52e2-4f06-95cb-3ce4892d3fb4","local_time":"20190715093734","is_ascension_mode":false,"campfire_choices":[{"data":"Bash","floor":6,"key":"SMITH"},{"data":"Clothesline","floor":8,"key":"SMITH"},{"data":"Flex","floor":15,"key":"SMITH"},{"data":"Limit Break","floor":23,"key":"SMITH"},{"floor":25,"key":"REST"},{"data":"Offering","floor":28,"key":"SMITH"},{"data":"Burning Pact","floor":30,"key":"SMITH"},{"data":"Dual Wield","floor":32,"key":"SMITH"},{"data":"Double Tap","floor":40,"key":"SMITH"},{"data":"Sword Boomerang","floor":42,"key":"SMITH"},{"data":"Shrug It Off","floor":44,"key":"SMITH"},{"data":"Shrug It Off","floor":49,"key":"SMITH"}],"neow_cost":"NONE","seed_source_timestamp":377019825176803,"circlet_count":0,"master_deck":["Defend_R","Defend_R","Defend_R","Defend_R","Bash+1","Burning Pact+1","Flex+1","Spot Weakness+1","Carnage","Clothesline+1","Offering+1","Dual Wield+1","Limit Break+1","True Grit+1","Flame Barrier+1","Shrug It Off+1","Sword Boomerang+1","Double Tap+1","Corruption+1","Impervious+1","Limit Break+1","Shrug It Off+1","Shrug It Off+1"],"relics":["Burning Blood","Tiny Chest","Odd Mushroom","Mummified Hand","Snecko Eye","Singing Bowl","The Courier","Orichalcum","Question Card","War Paint","Astrolabe","Regal Pillow","Paper Frog","MawBank","Strange Spoon","Toxic Egg 2","Kunai"],"potions_floor_usage":[10,16,21,24,24,45,50,50,50],"damage_taken":[{"damage":1,"enemies":"Cultist","floor":1,"turns":4},{"damage":2,"enemies":"2 Louse","floor":2,"turns":3},{"damage":3,"enemies":"Small Slimes","floor":7,"turns":3},{"damage":15,"enemies":"The Mushroom Lair","floor":10,"turns":4},{"damage":3,"enemies":"2 Fungi Beasts","floor":11,"turns":3},{"damage":3,"enemies":"Exordium Wildlife","floor":14,"turns":3},{"damage":6,"enemies":"Slime Boss","floor":16,"turns":6},{"damage":23,"enemies":"Shell Parasite","floor":18,"turns":4},{"damage":5,"enemies":"Spheric Guardian","floor":21,"turns":3},{"damage":38,"enemies":"Gremlin Leader","floor":24,"turns":6},{"damage":7,"enemies":"Snecko","floor":31,"turns":4},{"damage":52,"enemies":"Automaton","floor":33,"turns":10},{"damage":2,"enemies":"Orb Walker","floor":35,"turns":3},{"damage":6,"enemies":"3 Darklings","floor":41,"turns":6},{"damage":2,"enemies":"4 Shapes","floor":45,"turns":3},{"damage":6,"enemies":"Sphere and 2 Shapes","floor":46,"turns":3},{"damage":16,"enemies":"3 Darklings","floor":47,"turns":5},{"damage":36,"enemies":"Awakened One","floor":50,"turns":7}],"seed_played":"-2522600805407451535","potions_obtained":[{"floor":1,"key":"Fire Potion"},{"floor":10,"key":"Explosive Potion"},{"floor":11,"key":"Fire Potion"},{"floor":18,"key":"GamblersBrew"},{"floor":21,"key":"SkillPotion"},{"floor":33,"key":"AttackPotion"},{"floor":45,"key":"Block Potion"},{"floor":47,"key":"Strength Potion"}],"is_trial":false,"path_per_floor":["M","M","$","$","?","R","M","R","T","?","M","?","$","M","R","B",null,"M","?","T","M","?","R","E","R","T","T","R","?","R","M","R","B",null,"M","?","?","T","$","R","M","R","T","R","M","M","M","$","R","B",null],"character_chosen":"IRONCLAD","items_purchased":["Spot Weakness","Carnage","Offering","Paper Frog","Strength Potion","Strange Spoon","Shrug It Off","Toxic Egg 2","Kunai"],"campfire_rested":1,"item_purchase_floors":[3,3,13,39,39,48,48,48,48],"current_hp_per_floor":[80,80,80,80,60,60,63,63,63,54,57,57,57,60,60,60,80,63,63,63,66,66,66,34,58,58,58,58,58,58,57,57,11,82,82,82,82,82,82,82,84,84,84,84,86,88,80,80,80,50],"gold":15,"neow_bonus":"HUNDRED_GOLD","is_prod":false,"is_daily":false,"chose_seed":false,"campfire_upgraded":11,"win_rate":0,"timestamp":1563197854,"path_taken":["M","M","?","$","?","R","M","R","T","?","M","?","$","?","R","BOSS","M","?","?","M","?","R","E","R","T","?","R","?","R","M","R","BOSS","M","?","?","?","?","R","M","R","T","R","?","M","M","$","R","BOSS"],"build_version":"2019-07-05","purchased_purges":1,"victory":true,"max_hp_per_floor":[80,80,80,80,80,80,80,80,80,80,80,80,80,80,80,80,80,80,80,80,82,82,82,82,82,82,82,82,82,82,82,82,82,82,82,82,82,82,82,82,84,84,84,84,86,88,90,90,90,90],"card_choices":[{"not_picked":["Pummel","Combust"],"picked":"Burning Pact","floor":1},{"not_picked":["Havoc","Perfected Strike"],"picked":"Flex","floor":2},{"not_picked":["Anger","Intimidate"],"picked":"Clothesline","floor":7},{"not_picked":["Second Wind","Wild Strike"],"picked":"Pommel Strike","floor":10},{"not_picked":["Wild Strike","Infernal Blade","Fire Breathing"],"picked":"SKIP","floor":11},{"not_picked":["Anger","Havoc"],"picked":"Dual Wield","floor":14},{"not_picked":["Juggernaut","Barricade"],"picked":"Limit Break","floor":16},{"not_picked":["Warcry","Wild Strike"],"picked":"True Grit+1","floor":18},{"not_picked":["Perfected Strike+1","Sever Soul","Rage"],"picked":"Singing Bowl","floor":21},{"not_picked":["Feel No Pain","Sever Soul"],"picked":"Flame Barrier","floor":24},{"not_picked":["Cleave","Pommel Strike","Entrench"],"picked":"Sword Boomerang","floor":31},{"not_picked":["Offering","Demon Form","Brutality"],"picked":"Double Tap","floor":33},{"not_picked":["Fire Breathing+1","Bloodletting+1","Warcry"],"picked":"Shrug It Off+1","floor":35},{"not_picked":["Bloodletting","Armaments","Second Wind","Entrench"],"picked":"Singing Bowl","floor":41},{"not_picked":["Headbutt+1","Rupture+1","Fire Breathing","Sever Soul+1"],"picked":"Singing Bowl","floor":45},{"not_picked":["Thunderclap+1","Body Slam","Havoc","Evolve"],"picked":"Singing Bowl","floor":46},{"not_picked":["Dark Embrace","Twin Strike+1","Carnage+1","Rage"],"picked":"Singing Bowl","floor":47}],"player_experience":3963626,"relics_obtained":[{"floor":9,"key":"Tiny Chest"},{"floor":10,"key":"Odd Mushroom"},{"floor":20,"key":"The Courier"},{"floor":24,"key":"Orichalcum"},{"floor":26,"key":"Question Card"},{"floor":27,"key":"War Paint"},{"floor":38,"key":"Regal Pillow"},{"floor":43,"key":"MawBank"}],"event_choices":[{"damage_healed":0,"gold_gain":0,"player_choice":"Take Damage","damage_taken":20,"relics_obtained":["Golden Idol"],"max_hp_gain":0,"max_hp_loss":0,"event_name":"Golden Idol","floor":5,"gold_loss":0},{"damage_healed":0,"gold_gain":0,"player_choice":"Fought Mushrooms","damage_taken":0,"max_hp_gain":0,"max_hp_loss":0,"event_name":"Mushrooms","floor":10,"gold_loss":0},{"damage_healed":0,"gold_gain":0,"player_choice":"Searched \u00271\u0027 times","damage_taken":0,"relics_obtained":["Mummified Hand"],"max_hp_gain":0,"max_hp_loss":0,"event_name":"Dead Adventurer","floor":12,"gold_loss":0},{"damage_healed":0,"gold_gain":0,"player_choice":"Opened","damage_taken":0,"relics_obtained":["Singing Bowl"],"max_hp_gain":0,"max_hp_loss":0,"event_name":"The Mausoleum","floor":19,"gold_loss":0},{"cards_removed":["Strike_R"],"damage_healed":0,"gold_gain":0,"player_choice":"Gave Gold","damage_taken":0,"max_hp_gain":0,"max_hp_loss":0,"event_name":"Beggar","floor":22,"gold_loss":75},{"damage_healed":0,"gold_gain":0,"player_choice":"Read","damage_taken":0,"max_hp_gain":0,"max_hp_loss":0,"event_name":"The Library","floor":29,"gold_loss":0,"cards_obtained":["Shrug It Off"]},{"damage_healed":0,"gold_gain":333,"player_choice":"Gave Idol","damage_taken":0,"max_hp_gain":0,"max_hp_loss":0,"event_name":"The Moai Head","floor":36,"relics_lost":["Golden Idol"],"gold_loss":0},{"cards_removed":["Pommel Strike"],"damage_healed":0,"gold_gain":0,"player_choice":"Removed Attack","damage_taken":0,"max_hp_gain":0,"max_hp_loss":0,"event_name":"Falling","floor":37,"gold_loss":0}],"is_beta":false,"boss_relics":[{"not_picked":["White Beast Statue","Pandora\u0027s Box"],"picked":"Snecko Eye"},{"not_picked":["Black Star","Runic Cube"],"picked":"Astrolabe"}],"items_purged_floors":[3],"is_endless":false,"potions_floor_spawned":[1,10,11,18,21,33,45,47],"ascension_level":0}