{"gold_per_floor":[116,131,146,146,165,165,190,190,190,209,209,223,223,266,266,396,396,419,146,169,169,169,169,3,3,3,24,44,44,58,91,91,212,212,227,227,243,257,479,479,479,479,505,505,518,518,851,865,865,865],"floor_reached":51,"playtime":3761,"items_purged":["Strike_R","Writhe"],"score":649,"play_id":"317c18a3-8c7e-460a-852e-3e370cb60c0b","local_time":"20190716012949","is_ascension_mode":false,"campfire_choices":[{"data":"Bash","floor":6.0,"key":"SMITH"},{"data":"Clothesline","floor":8.0,"key":"SMITH"},{"data":"Rampage","floor":11.0,"key":"SMITH"},{"floor":13.0,"key":"REST"},{"data":"Twin Strike","floor":15.0,"key":"SMITH"},{"data":"Disarm","floor":23.0,"key":"SMITH"},{"data":"Feed","floor":25.0,"key":"SMITH"},{"data":"Disarm","floor":29.0,"key":"SMITH"},{"data":"Bite","floor":32.0,"key":"SMITH"},{"data":"Offering","floor":40,"key":"SMITH"},{"data":"Forethought","floor":44,"key":"SMITH"},{"data":"Shrug It Off","floor":46,"key":"SMITH"},{"data":"Burning Pact","floor":49,"key":"SMITH"}],"neow_cost":"NONE","seed_source_timestamp":420882616487427,"circlet_count":0,"master_deck":["Defend_R","Defend_R","Defend_R","Defend_R","Bash+1","Twin Strike+1","Burning Pact+1","Shrug It Off+1","Carnage","Rampage+1","Headbutt","Disarm+1","Feed+1","Warcry+1","Bite+1","Bite","Bite","Bite","Bite","Disarm+1","Hemokinesis+1","Sword Boomerang+1","Offering+1","Intimidate+1","Flash of Steel","Swift Strike","Forethought+1","Shrug It Off+1","Spot Weakness+1"],"special_seed":0,"relics":["Burning Blood","Smiling Mask","Kunai","Ornamental Fan","Philosopher\u0027s Stone","Bag of Preparation","Matryoshka","Bag of Marbles","Shuriken","Red Mask","Lizard Tail","Art of War","PreservedInsect"],"potions_floor_usage":[38,48,50],"damage_taken":[{"damage":2.0,"enemies":"Small Slimes","floor":1.0,"turns":4.0},{"damage":6.0,"enemies":"Jaw Worm","floor":2.0,"turns":4.0},{"damage":0.0,"enemies":"2 Louse","floor":3.0,"turns":2.0},{"damage":16.0,"enemies":"Lots of Slimes","floor":5.0,"turns":6.0},{"damage":9.0,"enemies":"Exordium Thugs","floor":7.0,"turns":5.0},{"damage":14.0,"enemies":"Blue Slaver","floor":10.0,"turns":4.0},{"damage":0.0,"enemies":"Large Slime","floor":12.0,"turns":4.0},{"damage":13.0,"enemies":"Lagavulin","floor":14.0,"turns":5.0},{"damage":48.0,"enemies":"Slime Boss","floor":16.0,"turns":12.0},{"damage":7.0,"enemies":"Spheric Guardian","floor":18.0,"turns":3.0},{"damage":22.0,"enemies":"3 Byrds","floor":20.0,"turns":4.0},{"damage":13.0,"enemies":"Centurion and Healer","floor":27.0,"turns":7.0},{"damage":18.0,"enemies":"Snake Plant","floor":28.0,"turns":6.0},{"damage":6.0,"enemies":"Chosen and Byrds","floor":30.0,"turns":6.0},{"damage":12.0,"enemies":"Masked Bandits","floor":31.0,"turns":5.0},{"damage":48.0,"enemies":"Champ","floor":33.0,"turns":13.0},{"damage":10.0,"enemies":"3 Shapes","floor":35.0,"turns":7.0},{"damage":16.0,"enemies":"3 Darklings","floor":37.0,"turns":7.0},{"damage":29,"enemies":"Writhing Mass","floor":38,"turns":12},{"damage":6,"enemies":"Sphere and 2 Shapes","floor":45,"turns":3},{"damage":14,"enemies":"Transient","floor":48,"turns":5},{"damage":32,"enemies":"Donu and Deca","floor":50,"turns":7}],"seed_played":"2957897498145723826","potions_obtained":[{"floor":3.0,"key":"Ancient Potion"},{"floor":10.0,"key":"SkillPotion"},{"floor":12.0,"key":"SkillPotion"},{"floor":16.0,"key":"GamblersBrew"},{"floor":20.0,"key":"SpeedPotion"},{"floor":27.0,"key":"Ancient Potion"},{"floor":37.0,"key":"Swift Potion"},{"floor":38,"key":"Regen Potion"},{"floor":45,"key":"Weak Potion"}],"is_trial":false,"path_per_floor":["M","M","M","?","M","R","M","R","T","M","R","M","R","E","R","B",null,"M","$","M","?","?","R","$","R","T","M","M","R","M","?","R","B",null,"M","?","M","M","?","R","?","?","T","R","M","R","?","M","R","B",null],"character_chosen":"IRONCLAD","items_purchased":["Bag of Preparation","LiquidBronze","Disarm","Dexterity Potion"],"campfire_rested":1,"item_purchase_floors":[19,19,24,24],"current_hp_per_floor":[80,80,80,60,50,50,47,47,47,39,39,45,69,62,62,20,80,79,79,66,58,58,58,58,58,58,62,62,62,70,74,74,56,78,78,78,82,78,78,78,78,68,68,68,79,79,79,89,89,75],"gold":865,"neow_bonus":"RANDOM_COMMON_RELIC","is_prod":false,"is_daily":false,"chose_seed":false,"campfire_upgraded":12,"win_rate":0,"timestamp":1563254989,"path_taken":["M","M","M","?","M","R","M","R","T","M","R","M","R","E","R","BOSS","M","$","M","?","?","R","$","R","T","M","M","R","M","?","R","BOSS","M","?","M","?","?","R","?","?","T","R","?","R","?","M","R","BOSS"],"build_version":"2019-07-05","purchased_purges":2,"victory":true,"max_hp_per_floor":[80,80,80,80,80,80,80,80,80,80,80,80,80,80,80,80,80,80,80,83,58,58,58,58,58,58,62,66,66,70,74,74,78,78,82,82,82,86,86,86,86,86,86,86,90,90,90,90,90,90],"card_choices":[{"not_picked":["Wild Strike","Reckless Charge"],"picked":"Twin Strike","floor":1.0},{"not_picked":["Corruption","Armaments"],"picked":"Burning Pact","floor":2.0},{"not_picked":["Thunderclap","Combust"],"picked":"Shrug It Off","floor":3.0},{"not_picked":["Anger","Armaments"],"picked":"Clothesline","floor":5.0},{"not_picked":["Impervious","Thunderclap"],"picked":"Carnage","floor":7.0},{"not_picked":["Rage","Sword Boomerang"],"picked":"Rampage","floor":10.0},{"not_picked":["Rage","Heavy Blade"],"picked":"Headbutt","floor":12.0},{"not_picked":["Cleave","Carnage"],"picked":"Disarm","floor":14.0},{"not_picked":["Dark Embrace","Brutality"],"picked":"Feed","floor":16.0},{"not_picked":["Armaments","Entrench"],"picked":"Warcry+1","floor":18.0},{"not_picked":["Reckless Charge","Anger","Cleave"],"picked":"SKIP","floor":20.0},{"not_picked":["True Grit","Perfected Strike","Metallicize"],"picked":"SKIP","floor":27.0},{"not_picked":["Clash","Dark Embrace","Flex"],"picked":"SKIP","floor":28.0},{"not_picked":["Sever Soul","Flex"],"picked":"Hemokinesis+1","floor":30.0},{"not_picked":["Body Slam","Shrug It Off"],"picked":"Sword Boomerang+1","floor":31.0},{"not_picked":["Brutality","Impervious"],"picked":"Offering","floor":33.0},{"not_picked":["Headbutt","Twin Strike+1","Infernal Blade+1"],"picked":"SKIP","floor":35.0},{"not_picked":["Bloodletting","Cleave+1","Infernal Blade"],"picked":"SKIP","floor":37.0},{"not_picked":["Thunderclap","Heavy Blade"],"picked":"Intimidate+1","floor":38},{"not_picked":["Finesse","Panache"],"picked":"Flash of Steel","floor":42},{"not_picked":["Deep Breath","Enlightenment"],"picked":"Swift Strike","floor":42},{"not_picked":["Panacea","HandOfGreed"],"picked":"Forethought","floor":42},{"not_picked":["True Grit","Evolve+1"],"picked":"Shrug It Off+1","floor":45},{"not_picked":["Flex","Anger"],"picked":"Spot Weakness+1","floor":48}],"player_experience":3974642,"relics_obtained":[{"floor":9.0,"key":"Kunai"},{"floor":14.0,"key":"Ornamental Fan"},{"floor":26.0,"key":"Bag of Marbles"},{"floor":26.0,"key":"Shuriken"},{"floor":31.0,"key":"Red Mask"},{"floor":43,"key":"Art of War"},{"floor":43,"key":"PreservedInsect"}],"event_choices":[{"damage_healed":0.0,"max_hp_gain":0.0,"max_hp_loss":0.0,"gold_gain":0.0,"event_name":"Golden Idol","player_choice":"Take Damage","floor":4.0,"gold_loss":0.0,"damage_taken":20.0,"relics_obtained":["Golden Idol"]},{"damage_healed":0.0,"max_hp_gain":0.0,"max_hp_loss":25.0,"gold_gain":0.0,"event_name":"Vampires","player_choice":"Became a vampire","floor":21.0,"gold_loss":0.0,"damage_taken":0.0,"cards_obtained":["Bite","Bite","Bite","Bite","Bite"]},{"damage_healed":0.0,"max_hp_gain":0.0,"max_hp_loss":0.0,"gold_gain":0.0,"event_name":"The Mausoleum","player_choice":"Opened","floor":22.0,"gold_loss":0.0,"damage_taken":0.0,"relics_obtained":["Matryoshka"],"cards_obtained":["Writhe"]},{"damage_healed":0.0,"max_hp_gain":0.0,"max_hp_loss":0.0,"gold_gain":0.0,"event_name":"Masked Bandits","player_choice":"Fought Bandits","floor":31.0,"gold_loss":0.0,"damage_taken":0.0},{"damage_healed":0.0,"max_hp_gain":0.0,"max_hp_loss":0.0,"gold_gain":0.0,"event_name":"NoteForYourself","player_choice":"Ignored","floor":36.0,"gold_loss":0.0,"damage_taken":0.0},{"damage_healed":0,"gold_gain":222,"player_choice":"Wore Mask","damage_taken":0,"max_hp_gain":0,"max_hp_loss":0,"event_name":"Tomb of Lord Red Mask","floor":39,"gold_loss":0},{"cards_removed":["Clothesline"],"damage_healed":0,"gold_gain":0,"player_choice":"Removed Attack","damage_taken":0,"max_hp_gain":0,"max_hp_loss":0,"event_name":"Falling","floor":41,"gold_loss":0},{"damage_healed":0,"gold_gain":0,"player_choice":"Memory 3","damage_taken":10,"max_hp_gain":0,"max_hp_loss":0,"event_name":"SensoryStone","floor":42,"gold_loss":0},{"damage_healed":0,"gold_gain":333,"player_choice":"Gave Idol","damage_taken":0,"max_hp_gain":0,"max_hp_loss":0,"event_name":"The Moai Head","floor":47,"relics_lost":["Golden Idol"],"gold_loss":0}],"is_beta":false,"boss_relics":[{"not_picked":["Calling Bell","Coffee Dripper"],"picked":"Philosopher\u0027s Stone"},{"not_picked":["Black Star","Runic Dome"],"picked":"Lizard Tail"}],"items_purged_floors":[19,24],"is_endless":false,"potions_floor_spawned":[3,10,12,16,20,27,28,37,38,45],"ascension_level":0}