{"gold_per_floor":[117,117,133,83,97,135,148,189,189,216,7,7,20,36,36,135,135,148,166,189,10,23,23,46,46],"floor_reached":25,"playtime":1673,"items_purged":["Strike_B"],"score":358,"play_id":"7e521eea-c637-4f10-bb96-21300e498a12","local_time":"20190320162124","is_ascension_mode":true,"campfire_choices":[{"floor":12,"key":"REST"},{"data":"Hologram","floor":15,"key":"SMITH"},{"floor":23,"key":"REST"}],"neow_cost":"NONE","seed_source_timestamp":668898141168219,"circlet_count":0,"master_deck":["AscendersBane","Strike_B","Strike_B","Defend_B+1","Defend_B","Defend_B","Defend_B+1","Zap","Dualcast","Genetic Algorithm","Undo","FTL","All For One","Hologram+1","FTL","Gash","Defragment","Rebound","Biased Cognition","Sweeping Beam","Loop","Beam Cell","Leap","Doom and Gloom","Go for the Eyes"],"relics":["Cracked Core","Golden Idol","Lantern","Art of War","Centennial Puzzle","War Paint","Regal Pillow","Sozu"],"potions_floor_usage":[6,16,22],"damage_taken":[{"damage":8,"enemies":"Small Slimes","floor":1,"turns":3},{"damage":0,"enemies":"2 Louse","floor":3,"turns":1},{"damage":1,"enemies":"Jaw Worm","floor":5,"turns":4},{"damage":28,"enemies":"Lagavulin","floor":6,"turns":8},{"damage":1,"enemies":"Looter","floor":7,"turns":3},{"damage":32,"enemies":"3 Sentries","floor":8,"turns":10},{"damage":0,"enemies":"Lots of Slimes","floor":13,"turns":4},{"damage":0,"enemies":"Blue Slaver","floor":14,"turns":3},{"damage":11,"enemies":"Hexaghost","floor":16,"turns":8},{"damage":6,"enemies":"Shell Parasite","floor":18,"turns":5},{"damage":0,"enemies":"3 Byrds","floor":19,"turns":4},{"damage":33,"enemies":"Shelled Parasite and Fungi","floor":20,"turns":6},{"damage":25,"enemies":"Snake Plant","floor":22,"turns":5},{"damage":3,"enemies":"Centurion and Healer","floor":24,"turns":6},{"damage":42,"enemies":"Slavers","floor":25,"turns":4}],"seed_played":"1101970397930025630","potions_obtained":[{"floor":5,"key":"Regen Potion"},{"floor":6,"key":"SteroidPotion"},{"floor":7,"key":"FearPotion"},{"floor":8,"key":"GamblersBrew"},{"floor":16,"key":"FocusPotion"}],"is_trial":false,"path_per_floor":["M","?","M","?","M","E","M","E","T","T","$","R","M","M","R","B",null,"M","M","M","$","M","R","M","E"],"character_chosen":"DEFECT","items_purchased":["Regal Pillow","Gash","Leap","Doom and Gloom"],"campfire_rested":2,"item_purchase_floors":[11,11,21,21],"current_hp_per_floor":[67,67,67,67,66,52,51,19,19,19,19,56,56,56,56,45,68,62,62,29,29,4,41,38,0],"gold":46,"neow_bonus":"TEN_PERCENT_HP_BONUS","is_prod":false,"is_daily":false,"chose_seed":false,"campfire_upgraded":1,"win_rate":0,"timestamp":1553113284,"path_taken":["M","?","M","?","M","E","M","E","T","?","?","R","M","M","R","BOSS","M","M","M","$","M","R","M","E"],"build_version":"2019-01-23","purchased_purges":1,"victory":false,"max_hp_per_floor":[82,76,76,76,76,76,76,76,76,76,76,76,76,76,76,76,76,76,76,76,76,76,76,76,76],"card_choices":[{"not_picked":["Rebound","Conserve Battery"],"picked":"Genetic Algorithm","floor":1},{"not_picked":["Double Energy","Aggregate"],"picked":"Undo","floor":3},{"not_picked":["Double Energy","Compile Driver"],"picked":"FTL","floor":5},{"not_picked":["Go for the Eyes","Leap"],"picked":"All For One","floor":6},{"not_picked":["Ball Lightning","Rip and Tear"],"picked":"Hologram","floor":7},{"not_picked":["Redo","Ball Lightning"],"picked":"FTL","floor":8},{"not_picked":["Turbo","Lockon"],"picked":"Defragment","floor":13},{"not_picked":["Double Energy","Barrage"],"picked":"Rebound","floor":14},{"not_picked":["Hyperbeam","Amplify"],"picked":"Biased Cognition","floor":16},{"not_picked":["Undo","Turbo"],"picked":"Sweeping Beam","floor":18},{"not_picked":["Leap","Compile Driver"],"picked":"Loop","floor":19},{"not_picked":["Blizzard","Static Discharge"],"picked":"Beam Cell","floor":20},{"not_picked":["Steam Power","Turbo"],"picked":"Go for the Eyes","floor":22},{"not_picked":["Static Discharge","Redo","Barrage"],"picked":"SKIP","floor":24}],"player_experience":3224833,"relics_obtained":[{"floor":6,"key":"Lantern"},{"floor":8,"key":"Art of War"},{"floor":9,"key":"Centennial Puzzle"},{"floor":10,"key":"War Paint"}],"event_choices":[{"damage_healed":0,"gold_gain":0,"player_choice":"Lose Max HP","damage_taken":0,"relics_obtained":["Golden Idol"],"max_hp_gain":0,"max_hp_loss":6,"event_name":"Golden Idol","floor":2,"gold_loss":0},{"cards_removed":["Strike_B"],"damage_healed":0,"gold_gain":0,"player_choice":"Card Removal","damage_taken":0,"max_hp_gain":0,"max_hp_loss":0,"event_name":"The Cleric","floor":4,"gold_loss":50}],"is_beta":false,"boss_relics":[{"not_picked":["Runic Pyramid","Ectoplasm"],"picked":"Sozu"}],"items_purged_floors":[21],"is_endless":false,"potions_floor_spawned":[5,6,7,8,16,18,19,22],"killed_by":"Slavers","ascension_level":13}