{"gold_per_floor":[114,129,148,128,141,141,155,155,203,234,234,268,47,47,47,168,168,186,205,205,218,234,234,234,264,264,264,289,34,34,49,49,149,149,159,177,191,1190,206,206,224,224,224,241,241,260,260,0,0,0],"floor_reached":51,"playtime":4817,"items_purged":["Normality"],"score":699,"play_id":"e744b605-44c7-4bea-9501-21c937eeb007","local_time":"20181115185128","is_ascension_mode":false,"campfire_choices":[{"data":"Noxious Fumes","floor":6,"key":"SMITH"},{"data":"Neutralize","floor":11,"key":"SMITH"},{"data":"Dash","floor":15,"key":"SMITH"},{"data":"Malaise","floor":23,"key":"SMITH"},{"data":"Calculated Gamble","floor":27,"key":"SMITH"},{"data":"Footwork","floor":30,"key":"SMITH"},{"data":"Noxious Fumes","floor":32,"key":"SMITH"},{"data":"Well Laid Plans","floor":40,"key":"SMITH"},{"data":"Dodge and Roll","floor":45,"key":"SMITH"},{"data":"Backflip","floor":47,"key":"SMITH"},{"data":"Survivor","floor":49,"key":"SMITH"}],"neow_cost":"NONE","seed_source_timestamp":155772381499074,"circlet_count":0,"master_deck":["Survivor+1","Neutralize+1","Poisoned Stab","Dash+1","Noxious Fumes+1","Leg Sweep+1","Flying Knee","Predator+1","Malaise+1","Quick Slash+1","Poisoned Stab+1","Bane+1","Calculated Gamble+1","Backflip+1","Prepared","Cloak And Dagger","All Out Attack+1","Noxious Fumes+1","Bouncing Flask+1","Noxious Fumes","Dodge and Roll+1","Deflect+1","Dodge and Roll+1","Footwork+1","Mind Blast+1","Bouncing Flask+1","Adrenaline+1","Footwork+1","Dodge and Roll+1","Backflip+1","Normality","Well Laid Plans+1","Outmaneuver+1","Chrysalis+1","Dagger Spray+1","Mind Blast+1","Calculated Gamble+1"],"relics":["Ring of the Snake","Blood Vial","Bloody Idol","Bag of Preparation","Ornamental Fan","Molten Egg 2","Anchor","Pandora\u0027s Box","Vajra","Toxic Egg 2","Juzu Bracelet","Philosopher\u0027s Stone","Gambling Chip","Art of War","FossilizedHelix","Red Mask"],"potions_floor_usage":[16,25,33,35,37,50,50,50],"damage_taken":[{"damage":1,"enemies":"Cultist","floor":1,"turns":5},{"damage":0,"enemies":"Small Slimes","floor":2,"turns":6},{"damage":0,"enemies":"2 Louse","floor":3,"turns":2},{"damage":2,"enemies":"Exordium Thugs","floor":4,"turns":4},{"damage":0,"enemies":"Looter","floor":5,"turns":3},{"damage":2,"enemies":"2 Fungi Beasts","floor":7,"turns":3},{"damage":13,"enemies":"3 Sentries","floor":10,"turns":7},{"damage":1,"enemies":"Lagavulin","floor":12,"turns":8},{"damage":11,"enemies":"Hexaghost","floor":16,"turns":11},{"damage":10,"enemies":"2 Thieves","floor":18,"turns":4},{"damage":4,"enemies":"Chosen","floor":19,"turns":5},{"damage":0,"enemies":"Snecko","floor":21,"turns":4},{"damage":1,"enemies":"Chosen and Byrds","floor":22,"turns":7},{"damage":20,"enemies":"Slavers","floor":25,"turns":7},{"damage":8,"enemies":"Book of Stabbing","floor":28,"turns":7},{"damage":0,"enemies":"3 Cultists","floor":31,"turns":5},{"damage":32,"enemies":"Collector","floor":33,"turns":9},{"damage":4,"enemies":"3 Darklings","floor":35,"turns":5},{"damage":0,"enemies":"3 Shapes","floor":36,"turns":4},{"damage":0,"enemies":"Transient","floor":37,"turns":5},{"damage":0,"enemies":"3 Darklings","floor":41,"turns":5},{"damage":0,"enemies":"Maw","floor":44,"turns":7},{"damage":0,"enemies":"Spire Growth","floor":46,"turns":6},{"damage":22,"enemies":"Awakened One","floor":50,"turns":16}],"seed_played":"5551941370181926475","potions_obtained":[{"floor":2,"key":"Dexterity Potion"},{"floor":4,"key":"FearPotion"},{"floor":7,"key":"Ancient Potion"},{"floor":22,"key":"PowerPotion"},{"floor":25,"key":"Fire Potion"},{"floor":33,"key":"AttackPotion"},{"floor":36,"key":"Energy Potion"},{"floor":44,"key":"Dexterity Potion"}],"is_trial":false,"path_per_floor":["M","M","M","M","M","R","M","?","T","E","R","E","$","?","R","B",null,"M","M","?","M","M","R","?","E","T","R","E","$","R","M","R","B",null,"M","M","M","?","$","R","M","?","T","M","R","M","R","?","R","B",null],"character_chosen":"THE_SILENT","items_purchased":["Anchor","GhostInAJar","Footwork","Mind Blast+1","Bouncing Flask+1","Well Laid Plans","Outmaneuver+1","Chrysalis+1","Gambling Chip","Art of War","Dagger Spray+1","Mind Blast+1","Poison Potion"],"campfire_rested":0,"item_purchase_floors":[13,13,29,29,29,39,39,39,39,39,39,39,39],"current_hp_per_floor":[69,70,70,68,70,70,68,65,65,52,52,53,53,53,53,44,65,55,53,53,60,65,65,65,50,50,50,49,49,49,56,56,31,65,65,65,65,65,65,65,65,65,65,65,65,65,65,65,65,43],"gold":0,"neow_bonus":"RANDOM_COMMON_RELIC","is_prod":false,"is_daily":false,"chose_seed":false,"campfire_upgraded":11,"win_rate":0,"timestamp":1542325888,"path_taken":["M","M","?","M","M","R","?","?","T","E","R","E","$","?","R","BOSS","M","M","?","M","M","R","?","E","T","R","E","$","R","M","R","BOSS","M","M","M","?","$","R","M","?","T","M","R","M","R","?","R","BOSS"],"build_version":"2018-11-08","purchased_purges":1,"victory":true,"max_hp_per_floor":[70,70,70,70,70,70,70,65,65,65,65,65,65,65,65,65,65,65,65,65,65,65,65,65,65,65,65,65,65,65,65,65,65,65,65,65,65,65,65,65,65,65,65,65,65,65,65,65,65,65],"card_choices":[{"not_picked":["Bane","Underhanded Strike","Blade Dance"],"picked":"SKIP","floor":1},{"not_picked":["Acrobatics","Prepared"],"picked":"Poisoned Stab","floor":2},{"not_picked":["Outmaneuver","Acrobatics"],"picked":"Choke","floor":3},{"not_picked":["Choke","Deadly Poison"],"picked":"Dash","floor":4},{"not_picked":["Expertise","Tactician"],"picked":"Noxious Fumes","floor":5},{"not_picked":["Calculated Gamble","Prepared"],"picked":"Leg Sweep","floor":7},{"not_picked":["Calculated Gamble","Slice"],"picked":"Flying Knee","floor":10},{"not_picked":["Grand Finale","Quick Slash"],"picked":"Predator","floor":12},{"not_picked":["Adrenaline","Storm of Steel"],"picked":"Malaise","floor":16},{"not_picked":["Quick Slash+1","Bane+1"],"picked":"Noxious Fumes","floor":18},{"not_picked":["PiercingWail","Poisoned Stab+1"],"picked":"Bouncing Flask+1","floor":19},{"not_picked":["Heel Hook+1","Acrobatics","Predator+1"],"picked":"SKIP","floor":21},{"not_picked":["Outmaneuver","Deadly Poison","Leg Sweep"],"picked":"SKIP","floor":22},{"not_picked":["Crippling Poison","Dagger Throw+1"],"picked":"Deflect+1","floor":25},{"not_picked":["Noxious Fumes","Unload+1"],"picked":"Dodge and Roll+1","floor":28},{"not_picked":["Acrobatics+1","Masterful Stab+1","Deflect+1"],"picked":"SKIP","floor":31},{"not_picked":["Unload+1","Burst+1"],"picked":"Adrenaline+1","floor":33},{"not_picked":["Sucker Punch+1","Dagger Spray+1"],"picked":"Footwork+1","floor":35},{"not_picked":["Blade Dance+1","Bouncing Flask+1"],"picked":"Dodge and Roll+1","floor":36},{"not_picked":["Cloak And Dagger+1","Blade Dance+1"],"picked":"Backflip+1","floor":37},{"not_picked":["Prepared+1","Sucker Punch+1"],"picked":"Calculated Gamble+1","floor":41},{"not_picked":["Expertise+1","Dagger Throw+1","Prepared+1"],"picked":"SKIP","floor":44},{"not_picked":["All Out Attack+1","Acrobatics+1","Accuracy"],"picked":"SKIP","floor":46}],"player_experience":2325199,"relics_obtained":[{"floor":9,"key":"Bag of Preparation"},{"floor":10,"key":"Ornamental Fan"},{"floor":12,"key":"Molten Egg 2"},{"floor":25,"key":"Vajra"},{"floor":26,"key":"Toxic Egg 2"},{"floor":28,"key":"Juzu Bracelet"},{"floor":43,"key":"FossilizedHelix"}],"event_choices":[{"damage_healed":0,"gold_gain":0,"player_choice":"Lose Max HP","damage_taken":0,"relics_obtained":["Golden Idol"],"max_hp_gain":0,"max_hp_loss":5,"event_name":"Golden Idol","floor":8,"gold_loss":0},{"damage_healed":0,"gold_gain":0,"player_choice":"Upgraded","damage_taken":0,"max_hp_gain":0,"max_hp_loss":0,"event_name":"Upgrade Shrine","floor":14,"gold_loss":0,"cards_upgraded":["Leg Sweep"]},{"damage_healed":0,"gold_gain":0,"player_choice":"Gave Idol","damage_taken":0,"relics_obtained":["Bloody Idol"],"max_hp_gain":0,"max_hp_loss":0,"event_name":"Forgotten Altar","floor":20,"relics_lost":["Golden Idol"],"gold_loss":0},{"damage_healed":0,"gold_gain":0,"cards_transformed":["Infinite Blades","Underhanded Strike"],"player_choice":"Became Test Subject","damage_taken":0,"max_hp_gain":0,"max_hp_loss":0,"event_name":"Drug Dealer","floor":24,"gold_loss":0,"cards_obtained":["Noxious Fumes","Dodge and Roll"]},{"damage_healed":0,"gold_gain":999,"player_choice":"Gold","damage_taken":0,"max_hp_gain":0,"max_hp_loss":0,"event_name":"MindBloom","floor":38,"gold_loss":0,"cards_obtained":["Normality","Normality"]},{"cards_removed":["Choke"],"damage_healed":0,"gold_gain":0,"player_choice":"Removed Attack","damage_taken":0,"max_hp_gain":0,"max_hp_loss":0,"event_name":"Falling","floor":42,"gold_loss":0},{"damage_healed":0,"gold_gain":0,"player_choice":"Paid","damage_taken":0,"relics_obtained":["Red Mask"],"max_hp_gain":0,"max_hp_loss":0,"event_name":"Tomb of Lord Red Mask","floor":48,"gold_loss":260}],"is_beta":false,"boss_relics":[{"not_picked":["Coffee Dripper","Black Star"],"picked":"Pandora\u0027s Box"},{"not_picked":["Runic Pyramid","Astrolabe"],"picked":"Philosopher\u0027s Stone"}],"items_purged_floors":[39],"is_endless":false,"potions_floor_spawned":[2,4,7,10,22,25,33,36,44],"ascension_level":0}