{"gold_per_floor":[118,218,230,230,280,280,296,20,20,31,48,63,24,42,42,113,113,125,125,125,138,154,154,207,207,207,241,241,241,251,251],"floor_reached":31,"playtime":1480,"items_purged":[],"score":457,"play_id":"5917c1be-a9b1-4301-8e6b-187ef22a6ddd","local_time":"20181109221711","is_ascension_mode":true,"campfire_choices":[{"data":"Bouncing Flask","floor":6,"key":"SMITH"},{"floor":15,"key":"REST"},{"floor":23,"key":"REST"},{"floor":25,"key":"REST"}],"neow_cost":"NONE","seed_source_timestamp":446510172975764,"circlet_count":0,"master_deck":["AscendersBane","Defend_G","Defend_G","Defend_G","Defend_G+1","Defend_G","Strike_G","Strike_G","Strike_G","Strike_G","Strike_G+1","Survivor","Neutralize","Bouncing Flask+1","Outmaneuver","Backstab","Dagger Spray","Backstab","Flying Knee","Blur","Well Laid Plans","Malaise","Flying Knee","Writhe","Terror","Deflect","Crippling Poison+1","Escape Plan"],"relics":["Ring of the Snake","NeowsBlessing","Mercury Hourglass","Darkstone Periapt","Fusion Hammer","Ninja Scroll","Smiling Mask","Pantograph","Question Card","Enchiridion"],"potions_floor_usage":[16,21,27,31,31],"damage_taken":[{"damage":0,"enemies":"2 Louse","floor":1,"turns":1},{"damage":0,"enemies":"Cultist","floor":3,"turns":1},{"damage":0,"enemies":"Small Slimes","floor":7,"turns":2},{"damage":0,"enemies":"Blue Slaver","floor":10,"turns":3},{"damage":3,"enemies":"Looter","floor":11,"turns":2},{"damage":0,"enemies":"3 Louse","floor":12,"turns":1},{"damage":0,"enemies":"Exordium Thugs","floor":14,"turns":3},{"damage":9,"enemies":"The Guardian","floor":16,"turns":9},{"damage":16,"enemies":"Shell Parasite","floor":18,"turns":4},{"damage":13,"enemies":"Colosseum Slavers","floor":20,"turns":5},{"damage":5,"enemies":"2 Thieves","floor":21,"turns":4},{"damage":7,"enemies":"Snecko","floor":22,"turns":5},{"damage":14,"enemies":"Gremlin Leader","floor":27,"turns":8},{"damage":15,"enemies":"Chosen and Byrds","floor":30,"turns":5},{"damage":24,"enemies":"Book of Stabbing","floor":31,"turns":3}],"seed_played":"-5096024306149603228","potions_obtained":[{"floor":1,"key":"Block Potion"},{"floor":3,"key":"LiquidBronze"},{"floor":7,"key":"GamblersBrew"},{"floor":18,"key":"Strength Potion"},{"floor":21,"key":"Weak Potion"},{"floor":27,"key":"Weak Potion"}],"is_trial":false,"path_per_floor":["M","?","M","?","?","R","M","$","T","M","M","M","$","M","R","B",null,"M","?","?","M","M","R","T","R","T","E","?","?","M","E"],"character_chosen":"THE_SILENT","items_purchased":["Mercury Hourglass","Blur"],"campfire_rested":3,"item_purchase_floors":[8,13],"current_hp_per_floor":[59,59,59,39,39,39,39,39,39,39,36,36,36,36,55,46,61,45,51,38,33,26,47,47,68,68,54,33,33,18,0],"gold":251,"neow_bonus":"THREE_ENEMY_KILL","is_prod":false,"is_daily":false,"chose_seed":false,"campfire_upgraded":1,"win_rate":0,"timestamp":1541819831,"path_taken":["M","?","?","?","?","R","M","$","T","M","?","M","$","M","R","BOSS","M","?","?","M","M","R","?","R","T","E","?","?","M","E"],"build_version":"2018-11-08","purchased_purges":0,"victory":false,"max_hp_per_floor":[66,66,66,66,66,66,66,66,66,66,66,66,66,66,66,66,66,66,72,72,72,72,72,72,72,72,72,72,72,72,72],"card_choices":[{"not_picked":["Prepared","Poisoned Stab"],"picked":"Bouncing Flask","floor":1},{"not_picked":["Cloak And Dagger","Tactician"],"picked":"Outmaneuver","floor":3},{"not_picked":["Poisoned Stab","Flying Knee"],"picked":"Backstab","floor":7},{"not_picked":["Finisher","Blade Dance"],"picked":"Dagger Spray","floor":10},{"not_picked":["Flying Knee","Deflect"],"picked":"Backstab","floor":11},{"not_picked":["Concentrate","Bane"],"picked":"Flying Knee","floor":12},{"not_picked":["Dagger Throw","Quick Slash"],"picked":"Well Laid Plans","floor":14},{"not_picked":["Burst","Tools of the Trade"],"picked":"Malaise","floor":16},{"not_picked":["Dagger Spray","Heel Hook"],"picked":"Flying Knee","floor":18},{"not_picked":["Reflex","Blade Dance"],"picked":"Terror","floor":21},{"not_picked":["Well Laid Plans","Reflex"],"picked":"Deflect","floor":22},{"not_picked":["Tactician","Outmaneuver"],"picked":"Crippling Poison","floor":27},{"not_picked":["Prepared","Sucker Punch","Poisoned Stab"],"picked":"Escape Plan","floor":30}],"player_experience":2167442,"relics_obtained":[{"floor":9,"key":"Darkstone Periapt"},{"floor":24,"key":"Smiling Mask"},{"floor":26,"key":"Pantograph"},{"floor":27,"key":"Question Card"},{"floor":28,"key":"Enchiridion"}],"event_choices":[{"damage_healed":0,"gold_gain":100,"player_choice":"Gold","damage_taken":0,"max_hp_gain":0,"max_hp_loss":0,"event_name":"Wheel of Change","floor":2,"gold_loss":0},{"damage_healed":0,"gold_gain":0,"player_choice":"Entered Light","damage_taken":20,"max_hp_gain":0,"max_hp_loss":0,"event_name":"Shining Light","floor":4,"gold_loss":0,"cards_upgraded":["Defend_G","Strike_G"]},{"damage_healed":0,"gold_gain":50,"player_choice":"Pray","damage_taken":0,"max_hp_gain":0,"max_hp_loss":0,"event_name":"Golden Shrine","floor":5,"gold_loss":0},{"damage_healed":0,"gold_gain":0,"player_choice":"Opened","damage_taken":0,"relics_obtained":["Ninja Scroll"],"max_hp_gain":0,"max_hp_loss":0,"event_name":"The Mausoleum","floor":19,"gold_loss":0,"cards_obtained":["Writhe"]},{"damage_healed":0,"gold_gain":0,"player_choice":"Fight","damage_taken":0,"max_hp_gain":0,"max_hp_loss":0,"event_name":"Colosseum","floor":20,"gold_loss":0},{"damage_healed":0,"gold_gain":0,"player_choice":"Fled From Nobs","damage_taken":0,"max_hp_gain":0,"max_hp_loss":0,"event_name":"Colosseum","floor":20,"gold_loss":0},{"damage_healed":0,"gold_gain":0,"player_choice":"Obtained Book","damage_taken":21,"max_hp_gain":0,"max_hp_loss":0,"event_name":"Cursed Tome","floor":28,"gold_loss":0},{"damage_healed":0,"gold_gain":0,"player_choice":"Forge","damage_taken":0,"max_hp_gain":0,"max_hp_loss":0,"event_name":"Accursed Blacksmith","floor":29,"gold_loss":0,"cards_upgraded":["Crippling Poison"]}],"is_beta":false,"boss_relics":[{"not_picked":["Tiny House","Runic Dome"],"picked":"Fusion Hammer"}],"items_purged_floors":[],"is_endless":false,"potions_floor_spawned":[1,3,7,14,18,21,27],"killed_by":"Book of Stabbing","ascension_level":17}