{"gold_per_floor":[110,123,139,6,22,22,48,198,267,279,244,244,260,273,273,351,351,308,308,308,45,61,61,61,74,97,109,136,148],"floor_reached":29,"playtime":1844,"items_purged":[],"score":443,"play_id":"670f660a-3ffb-41ff-bfa2-d80216c9aba4","local_time":"20181112110330","is_ascension_mode":true,"campfire_choices":[{"data":"Footwork","floor":6,"key":"SMITH"},{"data":"Neutralize","floor":15,"key":"SMITH"},{"floor":23,"key":"REST"},{"data":"Poisoned Stab","floor":24,"key":"SMITH"},{"floor":27,"key":"REST"}],"neow_cost":"NONE","seed_source_timestamp":664925881993662,"circlet_count":0,"master_deck":["AscendersBane","Defend_G","Defend_G","Defend_G","Defend_G","Defend_G","Strike_G","Strike_G","Strike_G","Strike_G","Survivor","Neutralize+1","Deadly Poison","Dash+1","Predator","Footwork+1","PiercingWail","Calculated Gamble","Doubt","Deadly Poison+1","Deflect+1","Deflect+1","Adrenaline+1","Poisoned Stab+1","Bouncing Flask+1","Backflip+1"],"relics":["Ring of the Snake","WingedGreaves","Toxic Egg 2","Philosopher\u0027s Stone","Bottled Lightning","MawBank"],"potions_floor_usage":[7,16,16,29],"damage_taken":[{"damage":6,"enemies":"Cultist","floor":1,"turns":5},{"damage":4,"enemies":"Small Slimes","floor":2,"turns":5},{"damage":1,"enemies":"Jaw Worm","floor":3,"turns":3},{"damage":6,"enemies":"Looter","floor":5,"turns":3},{"damage":36,"enemies":"Gremlin Nob","floor":7,"turns":5},{"damage":0,"enemies":"Exordium Wildlife","floor":10,"turns":5},{"damage":0,"enemies":"Red Slaver","floor":13,"turns":6},{"damage":2,"enemies":"Lots of Slimes","floor":14,"turns":4},{"damage":6,"enemies":"Hexaghost","floor":16,"turns":10},{"damage":10,"enemies":"2 Thieves","floor":18,"turns":5},{"damage":4,"enemies":"Colosseum Slavers","floor":19,"turns":6},{"damage":16,"enemies":"Spheric Guardian","floor":22,"turns":4},{"damage":4,"enemies":"Snake Plant","floor":25,"turns":5},{"damage":0,"enemies":"Centurion and Healer","floor":28,"turns":6},{"damage":72,"enemies":"Gremlin Leader","floor":29,"turns":7}],"seed_played":"-6538239724551750998","potions_obtained":[{"floor":5,"key":"Dexterity Potion"},{"floor":10,"key":"Swift Potion"},{"floor":13,"key":"LiquidBronze"},{"floor":28,"key":"SkillPotion"}],"is_trial":false,"path_per_floor":["M","M","M","$","M","R","E","?","T","M","?","?","M","M","R","B",null,"M","?","?","$","M","R","R","M","T","R","M","E"],"character_chosen":"THE_SILENT","items_purchased":["Footwork","Fire Potion","Bottled Lightning"],"campfire_rested":2,"item_purchase_floors":[4,4,21],"current_hp_per_floor":[53,49,48,48,42,42,6,6,6,6,22,44,44,42,42,36,59,49,45,45,45,29,48,48,44,44,63,63,0],"gold":148,"neow_bonus":"REMOVE_CARD","is_prod":false,"is_daily":false,"chose_seed":false,"campfire_upgraded":3,"win_rate":0,"timestamp":1542038610,"path_taken":["M","?","M","$","M","R","E","?","T","M","?","?","M","M","R","BOSS","M","?","?","$","?","R","R","?","T","R","M","E"],"build_version":"2018-11-08","purchased_purges":0,"victory":false,"max_hp_per_floor":[66,66,66,66,66,66,66,66,66,66,66,66,66,66,66,66,66,66,66,66,66,66,66,66,66,66,66,66,66],"card_choices":[{"not_picked":["Backflip","Prepared"],"picked":"Deadly Poison","floor":1},{"not_picked":["Concentrate","Deflect"],"picked":"Dash","floor":2},{"not_picked":["Dodge and Roll","Flying Knee"],"picked":"Predator","floor":3},{"not_picked":["Finisher","Slice"],"picked":"PiercingWail","floor":5},{"not_picked":["Outmaneuver","Slice"],"picked":"Calculated Gamble","floor":7},{"not_picked":["Burst+1","Setup+1"],"picked":"Deadly Poison+1","floor":10},{"not_picked":["Concentrate+1","Flying Knee"],"picked":"Deflect+1","floor":13},{"not_picked":["Quick Slash","Dagger Throw"],"picked":"Deflect+1","floor":14},{"not_picked":["Corpse Explosion+1","Storm of Steel+1"],"picked":"Adrenaline+1","floor":16},{"not_picked":["Choke","Dagger Throw"],"picked":"Poisoned Stab","floor":18},{"not_picked":["Deadly Poison+1","Cloak And Dagger+1"],"picked":"Bouncing Flask+1","floor":22},{"not_picked":["Blade Dance+1","Cloak And Dagger+1"],"picked":"Backflip+1","floor":25},{"not_picked":["All Out Attack+1","Slice","Underhanded Strike"],"picked":"SKIP","floor":28}],"player_experience":2226232,"relics_obtained":[{"floor":7,"key":"WingedGreaves"},{"floor":9,"key":"Toxic Egg 2"},{"floor":26,"key":"MawBank"}],"event_choices":[{"damage_healed":0,"gold_gain":150,"player_choice":"AGREE","damage_taken":0,"max_hp_gain":0,"max_hp_loss":0,"event_name":"Liars Game","floor":8,"gold_loss":0,"cards_obtained":["Doubt"]},{"damage_healed":16,"gold_gain":0,"player_choice":"Healed","damage_taken":0,"max_hp_gain":0,"max_hp_loss":0,"event_name":"The Cleric","floor":11,"gold_loss":35},{"damage_healed":22,"gold_gain":0,"player_choice":"Banana","damage_taken":0,"max_hp_gain":0,"max_hp_loss":0,"event_name":"Big Fish","floor":12,"gold_loss":0},{"damage_healed":0,"gold_gain":0,"player_choice":"Fight","damage_taken":0,"max_hp_gain":0,"max_hp_loss":0,"event_name":"Colosseum","floor":19,"gold_loss":0},{"damage_healed":0,"gold_gain":0,"player_choice":"Fled From Nobs","damage_taken":0,"max_hp_gain":0,"max_hp_loss":0,"event_name":"Colosseum","floor":19,"gold_loss":0},{"damage_healed":0,"gold_gain":0,"player_choice":"Upgraded","damage_taken":0,"max_hp_gain":0,"max_hp_loss":0,"event_name":"Upgrade Shrine","floor":20,"gold_loss":0,"cards_upgraded":["Dash"]}],"is_beta":false,"boss_relics":[{"not_picked":["Runic Dome","Cursed Key"],"picked":"Philosopher\u0027s Stone"}],"items_purged_floors":[],"is_endless":false,"potions_floor_spawned":[5,10,13,14,19,28],"killed_by":"Gremlin Leader","ascension_level":19}