{"gold_per_floor":[116,116,266,199,211,211,225,253,277,290,290,290,290,303,303,303],"floor_reached":16,"playtime":566,"items_purged":[],"score":200,"play_id":"d3b0082e-8b8b-4d38-ba3f-4255ce5aee4a","local_time":"20181121153908","is_ascension_mode":true,"campfire_choices":[{"data":"Flying Knee","floor":6,"key":"SMITH"},{"floor":13,"key":"REST"},{"data":"Deadly Poison","floor":15,"key":"SMITH"}],"neow_cost":"NONE","seed_source_timestamp":666899890865000,"circlet_count":0,"master_deck":["AscendersBane","Defend_G","Defend_G","Defend_G","Defend_G","Defend_G","Strike_G","Strike_G","Strike_G","Strike_G","Survivor","Neutralize","Backflip","Doubt","Flying Knee+1","Dagger Spray","Deadly Poison+1","Blur","Parasite","Crippling Poison"],"relics":["Ring of the Snake","Centennial Puzzle","Snake Skull","Happy Flower"],"potions_floor_usage":[8,8,16,16],"damage_taken":[{"damage":6,"enemies":"Cultist","floor":1,"turns":4},{"damage":9,"enemies":"Small Slimes","floor":5,"turns":5},{"damage":3,"enemies":"Jaw Worm","floor":7,"turns":4},{"damage":20,"enemies":"Gremlin Nob","floor":8,"turns":4},{"damage":4,"enemies":"3 Louse","floor":10,"turns":2},{"damage":0,"enemies":"Blue Slaver","floor":14,"turns":5},{"damage":47,"enemies":"Slime Boss","floor":16,"turns":9}],"seed_played":"-1267094884950681235","potions_obtained":[{"floor":0,"key":"Block Potion"},{"floor":0,"key":"Block Potion"},{"floor":5,"key":"SteroidPotion"},{"floor":8,"key":"Energy Potion"},{"floor":14,"key":"Ancient Potion"}],"is_trial":false,"path_per_floor":["M","?","?","?","M","R","M","E","T","M","?","?","R","M","R","B"],"character_chosen":"THE_SILENT","items_purchased":[],"campfire_rested":1,"item_purchase_floors":[],"current_hp_per_floor":[53,46,46,46,37,37,34,14,14,10,10,26,45,45,45,0],"gold":303,"neow_bonus":"THREE_SMALL_POTIONS","is_prod":false,"is_daily":false,"chose_seed":false,"campfire_upgraded":2,"win_rate":0,"timestamp":1542832748,"path_taken":["M","?","?","?","M","R","?","E","T","M","?","?","R","M","R","BOSS"],"build_version":"2018-11-15","purchased_purges":0,"victory":false,"max_hp_per_floor":[66,66,66,66,66,66,66,66,66,66,66,66,66,66,66,66],"card_choices":[{"not_picked":["Deflect","Dodge and Roll"],"picked":"Backflip","floor":1},{"not_picked":["Slice","Sucker Punch"],"picked":"Flying Knee","floor":5},{"not_picked":["Prepared","Catalyst"],"picked":"Dagger Spray","floor":7},{"not_picked":["All Out Attack","Dodge and Roll"],"picked":"Deadly Poison","floor":8},{"not_picked":["Deadly Poison","Accuracy"],"picked":"Blur","floor":10},{"not_picked":["PiercingWail","Prepared"],"picked":"Crippling Poison","floor":14}],"player_experience":2468034,"relics_obtained":[{"floor":8,"key":"Snake Skull"},{"floor":9,"key":"Happy Flower"}],"event_choices":[{"cards_removed":["Strike_G"],"damage_healed":0,"gold_gain":0,"player_choice":"Card Removal","damage_taken":7,"max_hp_gain":0,"max_hp_loss":0,"event_name":"Golden Wing","floor":2,"gold_loss":0},{"damage_healed":0,"gold_gain":150,"player_choice":"AGREE","damage_taken":0,"max_hp_gain":0,"max_hp_loss":0,"event_name":"Liars Game","floor":3,"gold_loss":0,"cards_obtained":["Doubt"]},{"damage_healed":0,"gold_gain":0,"player_choice":"Paid Gold","damage_taken":0,"relics_obtained":["Centennial Puzzle"],"max_hp_gain":0,"max_hp_loss":0,"event_name":"WeMeetAgain","floor":4,"gold_loss":67},{"damage_healed":0,"gold_gain":0,"player_choice":"Fled","damage_taken":0,"max_hp_gain":0,"max_hp_loss":0,"event_name":"Scrap Ooze","floor":11,"gold_loss":0},{"damage_healed":16,"gold_gain":0,"player_choice":"Healed and dodged fight","damage_taken":0,"max_hp_gain":0,"max_hp_loss":0,"event_name":"Mushrooms","floor":12,"gold_loss":0,"cards_obtained":["Parasite"]}],"is_beta":false,"boss_relics":[],"items_purged_floors":[],"is_endless":false,"potions_floor_spawned":[5,8,14],"killed_by":"Slime Boss","ascension_level":20}