{"gold_per_floor":[112,112,129,143,143,143,65,65,65,93,93],"floor_reached":11,"playtime":491,"items_purged":[],"score":98,"play_id":"4b2b2b89-cddf-4d3c-a026-cb82d55218ee","local_time":"20190130134144","is_ascension_mode":true,"campfire_choices":[{"data":"Capacitor","floor":6,"key":"SMITH"},{"data":"Static Discharge","floor":8,"key":"SMITH"}],"neow_cost":"NONE","seed_source_timestamp":58331297889663,"circlet_count":0,"master_deck":["AscendersBane","Strike_B","Strike_B","Strike_B","Strike_B","Defend_B","Defend_B","Defend_B","Defend_B","Zap","Dualcast","Beam Cell","Streamline","Capacitor+1","Static Discharge+1","Ball Lightning"],"relics":["Cracked Core","Lantern","GremlinMask","Golden Idol","Ornamental Fan","Odd Mushroom"],"potions_floor_usage":[],"damage_taken":[{"damage":3,"enemies":"Small Slimes","floor":1,"turns":4},{"damage":1,"enemies":"Cultist","floor":3,"turns":3},{"damage":4,"enemies":"Jaw Worm","floor":4,"turns":3},{"damage":32,"enemies":"The Mushroom Lair","floor":10,"turns":6},{"damage":30,"enemies":"3 Sentries","floor":11,"turns":3}],"seed_played":"5533380527698470360","potions_obtained":[{"floor":4,"key":"GamblersBrew"}],"is_trial":false,"path_per_floor":["M","?","M","M","?","R","$","R","T","?","E"],"character_chosen":"DEFECT","items_purchased":["Static Discharge"],"campfire_rested":0,"item_purchase_floors":[7],"current_hp_per_floor":[65,65,64,60,60,60,60,60,60,28,0],"gold":93,"neow_bonus":"RANDOM_COMMON_RELIC","is_prod":false,"is_daily":false,"chose_seed":false,"campfire_upgraded":2,"win_rate":0,"timestamp":1548873704,"path_taken":["M","?","M","?","?","R","$","R","T","?","E"],"build_version":"2019-01-23","purchased_purges":0,"victory":false,"max_hp_per_floor":[75,75,75,75,69,69,69,69,69,69,69],"card_choices":[{"not_picked":["BootSequence","Hologram"],"picked":"Beam Cell","floor":1},{"not_picked":["Recycle","FTL"],"picked":"Streamline","floor":3},{"not_picked":["Compile Driver","White Noise"],"picked":"Capacitor","floor":4},{"not_picked":["Beam Cell","Gash"],"picked":"Ball Lightning","floor":10}],"player_experience":3004595,"relics_obtained":[{"floor":9,"key":"Ornamental Fan"},{"floor":10,"key":"Odd Mushroom"}],"event_choices":[{"damage_healed":0,"gold_gain":0,"player_choice":"Trade","damage_taken":0,"relics_obtained":["GremlinMask"],"max_hp_gain":0,"max_hp_loss":0,"event_name":"FaceTrader","floor":2,"gold_loss":0},{"damage_healed":0,"gold_gain":0,"player_choice":"Lose Max HP","damage_taken":0,"relics_obtained":["Golden Idol"],"max_hp_gain":0,"max_hp_loss":6,"event_name":"Golden Idol","floor":5,"gold_loss":0},{"damage_healed":0,"gold_gain":0,"player_choice":"Fought Mushrooms","damage_taken":0,"max_hp_gain":0,"max_hp_loss":0,"event_name":"Mushrooms","floor":10,"gold_loss":0}],"is_beta":false,"boss_relics":[],"items_purged_floors":[],"is_endless":false,"potions_floor_spawned":[4],"killed_by":"3 Sentries","ascension_level":12}