{"path_per_floor":["M","M","?","?","$","E","R","E","T","?","R","?","?","$","R","B",null,"M","M","?","M","?","R","E","R","T","M","R","?","?","?","R"],"character_chosen":"THE_SILENT","items_purchased":["Backflip"],"gold_per_floor":[111,128,128,128,4,34,34,64,88,38,38,38,38,38,38,169,169,154,168,83,107,107,107,142,142,169,194,194,194,194,194,194],"floor_reached":33,"campfire_rested":1,"playtime":2032,"current_hp_per_floor":[63,63,63,60,60,60,60,58,58,58,58,58,58,58,58,50,59,53,52,52,52,52,52,36,36,36,36,36,20,20,20,38],"items_purged":["Strike_G"],"gold":194,"score":467,"play_id":"e6623702-343b-4532-a8a2-0838576ab3d3","is_prod":false,"is_daily":false,"is_ascension_mode":true,"campfire_upgraded":6,"path_taken":["M","M","?","?","$","E","R","E","T","?","R","?","?","?","R","BOSS","M","M","?","M","?","R","E","R","T","M","R","?","?","?","R","BOSS"],"build_version":"2018-02-12-PROD1","purchased_purges":1,"victory":false,"master_deck":["Defend_G+1","Defend_G+1","Defend_G+1","Defend_G+1","Defend_G+1","Strike_G+1","Strike_G+1","Strike_G+1","Survivor","Neutralize+1","Flying Knee+1","Catalyst+1","Backflip+1","Noxious Fumes+1","Dash","Dagger Spray+1","After Image","Noxious Fumes+1","Backflip+1","Blur","After Image","Writhe","Dash+1","Necronomicurse","Writhe"],"max_hp_per_floor":[70,70,70,70,70,70,70,70,70,67,67,62,62,62,62,62,62,62,62,62,62,62,62,62,62,62,62,62,62,62,62,62],"relics":["Ring of the Snake","NeowsBlessing","Prayer Wheel","Shuriken","Dodecahedron","Juzu Bracelet","Golden Idol","Cursed Key","Lantern","Paper Crane","Whetstone","Necronomicon","Vajra"],"card_choices":[{"not_picked":["Slice","Underhanded Strike"],"picked":"Flying Knee"},{"not_picked":["Acrobatics","Eviscerate"],"picked":"Noxious Fumes"},{"not_picked":["Outmaneuver","Sucker Punch"],"picked":"Dash"},{"not_picked":["Blade Dance","Cloak And Dagger"],"picked":"Dagger Spray"},{"not_picked":["Unload","Storm of Steel"],"picked":"After Image"},{"not_picked":["Endless Agony","Cloak And Dagger"],"picked":"Noxious Fumes"},{"not_picked":["Deadly Poison","Escape Plan"],"picked":"Backflip"},{"not_picked":["Finisher","Dagger Throw"],"picked":"After Image"},{"not_picked":["Deadly Poison","Caltrops"],"picked":"Dash"}],"player_experience":733626,"potions_floor_usage":[8,8,16,16,24,24,24],"damage_taken":[{"damage":0,"enemies":"2 Louse","floor":1,"turns":1},{"damage":0,"enemies":"Small Slimes","floor":2,"turns":1},{"damage":0,"enemies":"Gremlin Nob","floor":6,"turns":1},{"damage":14,"enemies":"3 Sentries","floor":8,"turns":8},{"damage":8,"enemies":"The Guardian","floor":16,"turns":6},{"damage":6,"enemies":"2 Thieves","floor":18,"turns":4},{"damage":1,"enemies":"Chosen","floor":19,"turns":6},{"damage":0,"enemies":"Centurion and Healer","floor":21,"turns":6},{"damage":16,"enemies":"Slavers","floor":24,"turns":5},{"damage":0,"enemies":"3 Cultists","floor":27,"turns":5},{"damage":41,"enemies":"Automaton","floor":33,"turns":6}],"event_choices":[{"event_name":"Living Wall","player_choice":"Change","floor":3,"damage_taken":0},{"event_name":"Scrap Ooze","player_choice":"success","floor":4,"damage_taken":3},{"event_name":"The Cleric","player_choice":"Card Removal","floor":10,"damage_taken":0},{"event_name":"Golden Idol","player_choice":"Lose Max HP","floor":12,"damage_taken":0},{"event_name":"The Lab","player_choice":"Got Potions","floor":13,"damage_taken":0},{"event_name":"Addict","player_choice":"Obtained Relic","floor":20,"damage_taken":0},{"event_name":"The Library","player_choice":"Read","floor":22,"damage_taken":0},{"event_name":"Cursed Tome","player_choice":"Obtained Book","floor":29,"damage_taken":0},{"event_name":"Back to Basics","player_choice":"Simplicity","floor":30,"damage_taken":0},{"event_name":"The Mausoleum","player_choice":"Yes","floor":31,"damage_taken":0}],"boss_relics":[{"not_picked":["Eternal Feather","The Specimen"],"picked":"Cursed Key"}],"potions_floor_spawned":[1,2,16,19,21,24],"seed_played":"7567064459346045098","killed_by":"Automaton","ascension_level":12,"is_trial":false}