{"gold_per_floor":[116,18,32,42,61,61,61,61,84,117,136,136],"floor_reached":12,"playtime":419,"items_purged":[],"score":160,"play_id":"b0fcf646-034f-4344-bc98-8c5bcd1fb637","local_time":"20190502094725","is_ascension_mode":true,"campfire_choices":[{"floor":6,"key":"REST"},{"data":"Bash","floor":8,"key":"SMITH"}],"neow_cost":"CURSE","seed_source_timestamp":1953265948554918,"circlet_count":0,"master_deck":["AscendersBane","Strike_R","Strike_R","Strike_R","Strike_R","Strike_R","Defend_R","Defend_R","Defend_R","Defend_R","Bash+1","Parasite","Pommel Strike","Inflame","Power Through","Heavy Blade","Shrug It Off","Pain","Seeing Red","Evolve"],"relics":["Burning Blood","WingedGreaves","WarpedTongs","Blood Vial","Potion Belt"],"potions_floor_usage":[10,10],"damage_taken":[{"damage":21,"enemies":"Jaw Worm","floor":1,"turns":5},{"damage":6,"enemies":"Cultist","floor":3,"turns":3},{"damage":12,"enemies":"Small Slimes","floor":4,"turns":4},{"damage":35,"enemies":"Gremlin Gang","floor":5,"turns":7},{"damage":41,"enemies":"Lagavulin","floor":10,"turns":8},{"damage":5,"enemies":"Red Slaver","floor":11,"turns":3},{"damage":12,"enemies":"Large Slime","floor":12,"turns":2}],"seed_played":"4424161121207720900","potions_obtained":[{"floor":3,"key":"Swift Potion"},{"floor":11,"key":"PowerPotion"}],"is_trial":false,"path_per_floor":["M","$","M","M","M","R","?","R","T","E","M","M"],"character_chosen":"IRONCLAD","items_purchased":["Inflame","Dexterity Potion"],"campfire_rested":1,"item_purchase_floors":[2,2],"current_hp_per_floor":[53,53,53,47,18,40,40,40,40,7,10,0],"gold":136,"neow_bonus":"ONE_RARE_RELIC","is_prod":false,"is_daily":false,"chose_seed":false,"campfire_upgraded":1,"win_rate":0,"timestamp":1556804845,"path_taken":["M","$","M","M","M","R","?","R","T","E","M","?"],"build_version":"2019-01-23","purchased_purges":0,"victory":false,"max_hp_per_floor":[75,75,75,75,75,75,75,75,75,75,75,75],"card_choices":[{"not_picked":["Clash","Entrench"],"picked":"Pommel Strike","floor":1},{"not_picked":["Headbutt","Entrench"],"picked":"Power Through","floor":3},{"not_picked":["Blood for Blood","Whirlwind"],"picked":"Heavy Blade","floor":4},{"not_picked":["Flex","Havoc"],"picked":"Shrug It Off","floor":5},{"not_picked":["Cleave","Pommel Strike"],"picked":"Seeing Red","floor":10},{"not_picked":["Sword Boomerang","Disarm"],"picked":"Evolve","floor":11}],"player_experience":3551342,"relics_obtained":[{"floor":9,"key":"Blood Vial"},{"floor":10,"key":"Potion Belt"}],"event_choices":[{"damage_healed":0,"gold_gain":0,"player_choice":"Rummage","damage_taken":0,"relics_obtained":["WarpedTongs"],"max_hp_gain":0,"max_hp_loss":0,"event_name":"Accursed Blacksmith","floor":7,"gold_loss":0,"cards_obtained":["Pain"]}],"is_beta":false,"boss_relics":[],"items_purged_floors":[],"is_endless":false,"potions_floor_spawned":[3,11],"killed_by":"Large Slime","ascension_level":20}