{"gold_per_floor":[110,121,135,135,310,310,320,377,377,23,38,38,64,77,77,178,178,189,114,126,126,146,172,172,182,182,82,96,116,116,131,131,235,235,246,300,318,11,27,27,0,0,0,20,20,34,60,76,76,76],"floor_reached":50,"playtime":3164,"items_purged":["Strike_G","Defend_G"],"score":523,"play_id":"df68b2f3-0557-42fe-87fe-c03608f6988a","local_time":"20181119152459","is_ascension_mode":false,"campfire_choices":[{"data":"Riddle With Holes","floor":6,"key":"SMITH"},{"data":"Crippling Poison","floor":12,"key":"SMITH"},{"floor":15,"key":"REST"},{"floor":30,"key":"REST"},{"data":"Catalyst","floor":32,"key":"SMITH"},{"data":"Glass Knife","floor":40,"key":"SMITH"},{"data":"Leg Sweep","floor":42,"key":"SMITH"},{"floor":45,"key":"REST"},{"floor":49,"key":"RECALL"}],"neow_cost":"TEN_PERCENT_HP_LOSS","seed_source_timestamp":490651939574887,"circlet_count":0,"master_deck":["Defend_G","Defend_G","Defend_G","Defend_G","Strike_G","Survivor","Neutralize","Sucker Punch","Crippling Poison+1","Flying Knee","Riddle With Holes+1","Doubt","Poisoned Stab","Well Laid Plans","Leg Sweep+1","Poisoned Stab","Bullet Time","Predator","Tactician+1","Skewer+1","Catalyst+1","Catalyst+1","Glass Knife+1","Setup","PiercingWail+1","PiercingWail","Poisoned Stab+1","Adrenaline","Tools of the Trade"],"relics":["Ring of the Snake","Du-Vu Doll","Nunchaku","Turnip","Gremlin Horn","Regal Pillow","Philosopher\u0027s Stone","MutagenicStrength","Pocketwatch","Kunai","Runic Pyramid","Tingsha","Potion Belt","Red Mask","Vajra"],"potions_floor_usage":[11,13,23,33,33,36,37,46,48,50,50],"damage_taken":[{"damage":0,"enemies":"2 Louse","floor":1,"turns":3},{"damage":0,"enemies":"Jaw Worm","floor":2,"turns":3},{"damage":2,"enemies":"Small Slimes","floor":3,"turns":3},{"damage":1,"enemies":"Blue Slaver","floor":7,"turns":3},{"damage":15,"enemies":"Gremlin Nob","floor":8,"turns":5},{"damage":8,"enemies":"Exordium Wildlife","floor":11,"turns":3},{"damage":4,"enemies":"3 Sentries","floor":13,"turns":6},{"damage":7,"enemies":"3 Louse","floor":14,"turns":2},{"damage":48,"enemies":"Slime Boss","floor":16,"turns":12},{"damage":0,"enemies":"Chosen","floor":18,"turns":4},{"damage":6,"enemies":"2 Thieves","floor":20,"turns":4},{"damage":21,"enemies":"Shelled Parasite and Fungi","floor":22,"turns":4},{"damage":21,"enemies":"Book of Stabbing","floor":23,"turns":6},{"damage":0,"enemies":"Centurion and Healer","floor":25,"turns":6},{"damage":0,"enemies":"Snake Plant","floor":28,"turns":4},{"damage":4,"enemies":"3 Cultists","floor":29,"turns":4},{"damage":12,"enemies":"Chosen and Byrds","floor":31,"turns":4},{"damage":31,"enemies":"Collector","floor":33,"turns":4},{"damage":0,"enemies":"3 Shapes","floor":35,"turns":4},{"damage":15,"enemies":"2 Orb Walkers","floor":36,"turns":3},{"damage":4,"enemies":"3 Darklings","floor":37,"turns":4},{"damage":0,"enemies":"Maw","floor":39,"turns":6},{"damage":10,"enemies":"Writhing Mass","floor":44,"turns":5},{"damage":7,"enemies":"Sphere and 2 Shapes","floor":46,"turns":3},{"damage":2,"enemies":"Giant Head","floor":47,"turns":7},{"damage":10,"enemies":"Jaw Worm Horde","floor":48,"turns":3},{"damage":49,"enemies":"Time Eater","floor":50,"turns":7}],"seed_played":"2270132161315646587","potions_obtained":[{"floor":2,"key":"PowerPotion"},{"floor":7,"key":"GhostInAJar"},{"floor":16,"key":"Explosive Potion"},{"floor":22,"key":"SkillPotion"},{"floor":23,"key":"Strength Potion"},{"floor":25,"key":"Poison Potion"},{"floor":36,"key":"LiquidBronze"},{"floor":39,"key":"FearPotion"},{"floor":48,"key":"AttackPotion"}],"is_trial":false,"path_per_floor":["M","M","M","?","?","R","M","?","T","$","M","R","E","M","R","B",null,"M","?","M","?","M","E","?","M","T","$","M","M","R","M","R","B",null,"M","?","M","$","M","R","?","R","T","M","R","M","E","M","R","B"],"character_chosen":"THE_SILENT","items_purchased":["Gremlin Horn","Well Laid Plans","Potion Belt","PiercingWail","AttackPotion","SkillPotion"],"campfire_rested":3,"item_purchase_floors":[10,10,38,38,38,38],"current_hp_per_floor":[63,63,61,61,61,61,60,45,45,45,37,37,33,26,59,11,63,63,63,57,57,36,15,15,15,15,15,15,11,44,32,32,1,63,63,48,44,44,44,44,44,44,44,34,63,56,54,44,44,0],"gold":76,"neow_bonus":"ONE_RARE_RELIC","is_prod":false,"is_daily":false,"chose_seed":false,"campfire_upgraded":5,"win_rate":0,"timestamp":1542659099,"path_taken":["M","M","M","?","?","R","M","?","T","$","M","R","E","M","R","BOSS","M","?","M","?","M","E","?","M","T","$","?","M","R","M","R","BOSS","M","?","M","$","M","R","?","R","T","M","R","M","E","M","R","BOSS"],"build_version":"2018-11-15","purchased_purges":2,"victory":false,"max_hp_per_floor":[63,63,63,63,63,63,63,63,63,63,63,63,63,63,63,63,63,63,63,63,63,63,63,63,63,63,63,63,63,63,63,63,63,63,63,63,63,63,63,63,63,63,63,63,63,63,63,63,63,63],"card_choices":[{"not_picked":["Quick Slash","Slice"],"picked":"Sucker Punch","floor":1},{"not_picked":["PiercingWail","Tactician"],"picked":"Crippling Poison","floor":2},{"not_picked":["Distraction","Backflip"],"picked":"Flying Knee","floor":3},{"not_picked":["Acrobatics","Dagger Spray"],"picked":"Poisoned Stab","floor":7},{"not_picked":["Dagger Throw","Flechettes"],"picked":"Leg Sweep","floor":11},{"not_picked":["Deadly Poison","Heel Hook","Acrobatics"],"picked":"SKIP","floor":13},{"not_picked":["Dagger Throw","Deadly Poison"],"picked":"Poisoned Stab","floor":14},{"not_picked":["Envenom","Unload"],"picked":"Bullet Time","floor":16},{"not_picked":["Reflex","Cloak And Dagger"],"picked":"Predator","floor":18},{"not_picked":["Dodge and Roll","Expertise","Blade Dance"],"picked":"SKIP","floor":20},{"not_picked":["Eviscerate","Acrobatics"],"picked":"Tactician+1","floor":22},{"not_picked":["Deflect","Setup"],"picked":"Skewer+1","floor":23},{"not_picked":["Outmaneuver","Blade Dance","Deadly Poison"],"picked":"SKIP","floor":25},{"not_picked":["Night Terror","Accuracy+1"],"picked":"Catalyst+1","floor":28},{"not_picked":["Slice+1","Flechettes","Reflex"],"picked":"SKIP","floor":29},{"not_picked":["Flying Knee","Sucker Punch"],"picked":"Catalyst","floor":31},{"not_picked":["Envenom","Phantasmal Killer"],"picked":"Glass Knife","floor":33},{"not_picked":["Sucker Punch+1","All Out Attack"],"picked":"Setup","floor":35},{"not_picked":["Dagger Throw","Setup"],"picked":"PiercingWail+1","floor":37},{"not_picked":["Blade Dance","Flechettes","Underhanded Strike+1"],"picked":"SKIP","floor":39},{"not_picked":["Deflect+1","Sucker Punch+1"],"picked":"Poisoned Stab+1","floor":44},{"not_picked":["Setup+1","PiercingWail"],"picked":"Adrenaline","floor":46},{"not_picked":["Deflect+1","Quick Slash"],"picked":"Tools of the Trade","floor":47},{"not_picked":["Flechettes","Skewer","Dagger Throw+1"],"picked":"SKIP","floor":48}],"player_experience":2384952,"relics_obtained":[{"floor":8,"key":"Nunchaku"},{"floor":9,"key":"Turnip"},{"floor":13,"key":"Regal Pillow"},{"floor":23,"key":"Pocketwatch"},{"floor":26,"key":"Kunai"},{"floor":36,"key":"Tingsha"},{"floor":47,"key":"Vajra"}],"event_choices":[{"damage_healed":0,"gold_gain":0,"cards_transformed":["Strike_G"],"player_choice":"Change","damage_taken":0,"max_hp_gain":0,"max_hp_loss":0,"event_name":"Living Wall","floor":4,"gold_loss":0,"cards_obtained":["Riddle With Holes"]},{"damage_healed":0,"gold_gain":175,"player_choice":"AGREE","damage_taken":0,"max_hp_gain":0,"max_hp_loss":0,"event_name":"Liars Game","floor":5,"gold_loss":0,"cards_obtained":["Doubt"]},{"damage_healed":0,"gold_gain":30,"player_choice":"Searched \u00272\u0027 times","damage_taken":0,"max_hp_gain":0,"max_hp_loss":0,"event_name":"Dead Adventurer","floor":8,"gold_loss":0},{"cards_removed":["Strike_G"],"damage_healed":0,"gold_gain":0,"player_choice":"Gave Gold","damage_taken":0,"max_hp_gain":0,"max_hp_loss":0,"event_name":"Beggar","floor":19,"gold_loss":75},{"damage_healed":0,"gold_gain":0,"player_choice":"Inject Mutagens","damage_taken":0,"relics_obtained":["MutagenicStrength"],"max_hp_gain":0,"max_hp_loss":0,"event_name":"Drug Dealer","floor":21,"gold_loss":0},{"cards_removed":["Strike_G"],"damage_healed":0,"gold_gain":0,"player_choice":"Elegance","damage_taken":0,"max_hp_gain":0,"max_hp_loss":0,"event_name":"Back to Basics","floor":24,"gold_loss":0},{"damage_healed":0,"gold_gain":0,"player_choice":"Fight","damage_taken":0,"max_hp_gain":0,"max_hp_loss":0,"event_name":"Mysterious Sphere","floor":36,"gold_loss":0},{"damage_healed":0,"gold_gain":0,"player_choice":"Paid","damage_taken":0,"relics_obtained":["Red Mask"],"max_hp_gain":0,"max_hp_loss":0,"event_name":"Tomb of Lord Red Mask","floor":41,"gold_loss":27}],"is_beta":false,"boss_relics":[{"not_picked":["Lizard Tail","Pandora\u0027s Box"],"picked":"Philosopher\u0027s Stone"},{"not_picked":["Tiny House","Empty Cage"],"picked":"Runic Pyramid"}],"items_purged_floors":[10,27],"is_endless":false,"potions_floor_spawned":[2,7,16,22,23,25,28,36,39,48],"killed_by":"Time Eater","ascension_level":0}