{"gold_per_floor":[14,14,33,33,53,53,93,52,129,129,152,152,152,152],"floor_reached":14,"playtime":665,"items_purged":[],"score":176,"play_id":"22a9bc36-4d84-42da-9ffc-c33e5472c719","local_time":"20190502223337","is_ascension_mode":true,"campfire_choices":[{"data":"Loop","floor":6,"key":"SMITH"},{"floor":10,"key":"REST"},{"floor":13,"key":"REST"}],"neow_cost":"NO_GOLD","seed_source_timestamp":1998990616965751,"circlet_count":0,"master_deck":["AscendersBane","Strike_B","Strike_B","Strike_B","Defend_B","Defend_B","Defend_B","Defend_B","Zap","Dualcast","Core Surge","Conserve Battery","Loop+1","Self Repair","Leap","Darkness","White Noise"],"relics":["Cracked Core","Golden Idol","Strawberry","Mummified Hand","Ancient Tea Set"],"potions_floor_usage":[7],"damage_taken":[{"damage":0,"enemies":"2 Louse","floor":1,"turns":2},{"damage":9,"enemies":"Jaw Worm","floor":3,"turns":4},{"damage":7,"enemies":"Small Slimes","floor":5,"turns":3},{"damage":39,"enemies":"3 Sentries","floor":7,"turns":10},{"damage":13,"enemies":"Blue Slaver","floor":11,"turns":4},{"damage":60,"enemies":"Gremlin Nob","floor":14,"turns":5}],"seed_played":"-2170517943493816913","potions_obtained":[{"floor":3,"key":"Dexterity Potion"},{"floor":7,"key":"Energy Potion"}],"is_trial":false,"path_per_floor":["M","?","M","?","M","R","E","$","T","R","M","?","R","E"],"character_chosen":"DEFECT","items_purchased":["Darkness"],"campfire_rested":2,"item_purchase_floors":[8],"current_hp_per_floor":[64,64,55,55,55,55,30,30,30,51,45,27,48,0],"gold":152,"neow_bonus":"THREE_RARE_CARDS","is_prod":false,"is_daily":false,"chose_seed":false,"campfire_upgraded":1,"win_rate":0,"timestamp":1556850817,"path_taken":["M","?","M","?","M","R","E","$","T","R","M","?","R","E"],"build_version":"2019-01-23","purchased_purges":0,"victory":false,"max_hp_per_floor":[71,71,71,64,64,64,71,71,71,71,71,71,71,71],"card_choices":[{"not_picked":["Fission","Thunder Strike"],"picked":"Core Surge","floor":0},{"not_picked":["Beam Cell","Hologram"],"picked":"Conserve Battery","floor":1},{"not_picked":["Gash","Conserve Battery"],"picked":"Self Repair","floor":3},{"not_picked":["Compile Driver","Self Repair"],"picked":"Leap","floor":5},{"not_picked":["Blizzard","Recycle","Self Repair"],"picked":"SKIP","floor":7},{"not_picked":["Hologram","Skim"],"picked":"White Noise","floor":11}],"player_experience":3573967,"relics_obtained":[{"floor":7,"key":"Strawberry"},{"floor":9,"key":"Mummified Hand"}],"event_choices":[{"damage_healed":0,"gold_gain":0,"cards_transformed":["Strike_B"],"player_choice":"Change","damage_taken":0,"max_hp_gain":0,"max_hp_loss":0,"event_name":"Living Wall","floor":2,"gold_loss":0,"cards_obtained":["Loop"]},{"damage_healed":0,"gold_gain":0,"player_choice":"Lose Max HP","damage_taken":0,"relics_obtained":["Golden Idol"],"max_hp_gain":0,"max_hp_loss":7,"event_name":"Golden Idol","floor":4,"gold_loss":0},{"damage_healed":0,"gold_gain":0,"player_choice":"Success","damage_taken":18,"relics_obtained":["Ancient Tea Set"],"max_hp_gain":0,"max_hp_loss":0,"event_name":"Scrap Ooze","floor":12,"gold_loss":0}],"is_beta":false,"boss_relics":[],"items_purged_floors":[],"is_endless":false,"potions_floor_spawned":[3,7],"killed_by":"Gremlin Nob","ascension_level":20}