{"gold_per_floor":[111,163,163,179,199,199,227,227,227,227,152,152,165,185,185,290,290,301,106,119,133,133,133,133],"floor_reached":24,"playtime":1056,"items_purged":["Strike_B","Strike_B"],"score":196,"play_id":"7139024a-f1e8-4258-913d-3381233fba51","local_time":"20190420133648","is_ascension_mode":false,"campfire_choices":[{"data":"Zap","floor":6,"key":"SMITH"},{"data":"Tempest","floor":8,"key":"SMITH"},{"floor":10,"key":"REST"},{"floor":15,"key":"REST"},{"floor":23,"key":"REST"}],"neow_cost":"PERCENT_DAMAGE","seed_source_timestamp":929588495359278,"circlet_count":0,"master_deck":["Strike_B","Strike_B","Defend_B","Defend_B+1","Defend_B","Defend_B+1","Zap+1","Dualcast","Core Surge","Double Energy","Steam","Tempest+1","Seek","Creative AI","Purity","Chaos+1"],"relics":["Cracked Core","Symbiotic Virus","Juzu Bracelet","Busted Crown"],"potions_floor_usage":[7,16,18,20,24,24],"damage_taken":[{"damage":3,"enemies":"Small Slimes","floor":1,"turns":3},{"damage":0,"enemies":"Cultist","floor":4,"turns":4},{"damage":0,"enemies":"2 Louse","floor":5,"turns":3},{"damage":16,"enemies":"Gremlin Nob","floor":7,"turns":4},{"damage":14,"enemies":"Exordium Thugs","floor":13,"turns":3},{"damage":0,"enemies":"Blue Slaver","floor":14,"turns":2},{"damage":25,"enemies":"The Guardian","floor":16,"turns":14},{"damage":0,"enemies":"3 Byrds","floor":18,"turns":2},{"damage":2,"enemies":"Spheric Guardian","floor":20,"turns":3},{"damage":22,"enemies":"Snecko","floor":21,"turns":5},{"damage":67,"enemies":"Gremlin Leader","floor":24,"turns":7}],"seed_played":"-8718846460647621656","potions_obtained":[{"floor":1,"key":"Swift Potion"},{"floor":3,"key":"SneckoOil"},{"floor":3,"key":"SpeedPotion"},{"floor":13,"key":"Block Potion"},{"floor":16,"key":"Explosive Potion"},{"floor":21,"key":"Poison Potion"}],"is_trial":false,"path_per_floor":["M","?","?","M","M","R","E","R","T","R","$","?","M","M","R","B",null,"M","$","M","M","?","R","E"],"character_chosen":"DEFECT","items_purchased":["Purity"],"campfire_rested":3,"item_purchase_floors":[19],"current_hp_per_floor":[51,51,51,51,51,51,35,35,35,57,57,42,28,28,50,25,75,75,75,73,51,37,61,0],"gold":133,"neow_bonus":"THREE_RARE_CARDS","is_prod":false,"is_daily":false,"chose_seed":false,"campfire_upgraded":2,"win_rate":0,"timestamp":1555781808,"path_taken":["M","?","?","?","M","R","E","R","T","R","?","?","M","M","R","BOSS","M","$","M","M","?","R","E"],"build_version":"2019-01-23","purchased_purges":2,"victory":false,"max_hp_per_floor":[75,75,75,75,75,75,75,75,75,75,75,75,75,75,75,75,75,75,75,75,75,80,80,80],"card_choices":[{"not_picked":["All For One","Rainbow"],"picked":"Core Surge","floor":0},{"not_picked":["Compile Driver","Steam"],"picked":"Double Energy","floor":1},{"not_picked":["Steam Power","Redo"],"picked":"Steam","floor":4},{"not_picked":["Turbo","Aggregate","Beam Cell"],"picked":"SKIP","floor":5},{"not_picked":["Cold Snap","Barrage"],"picked":"Tempest","floor":7},{"not_picked":["White Noise","Glacier"],"picked":"Seek","floor":13},{"not_picked":["Sweeping Beam","Turbo","Beam Cell"],"picked":"SKIP","floor":14},{"not_picked":["Electrodynamics","Rainbow"],"picked":"Creative AI","floor":16},{"not_picked":["Sweeping Beam"],"picked":"SKIP","floor":18},{"not_picked":["Redo"],"picked":"SKIP","floor":20},{"not_picked":[],"picked":"Chaos+1","floor":21}],"player_experience":3431104,"relics_obtained":[{"floor":7,"key":"Symbiotic Virus"},{"floor":9,"key":"Juzu Bracelet"}],"event_choices":[{"damage_healed":0,"gold_gain":52,"player_choice":"Gained Gold","damage_taken":0,"max_hp_gain":0,"max_hp_loss":0,"event_name":"Golden Wing","floor":2,"gold_loss":0},{"damage_healed":0,"gold_gain":0,"player_choice":"Got Potions","damage_taken":0,"max_hp_gain":0,"max_hp_loss":0,"event_name":"Lab","floor":3,"gold_loss":0},{"damage_healed":0,"gold_gain":0,"player_choice":"Entered Light","damage_taken":15,"max_hp_gain":0,"max_hp_loss":0,"event_name":"Shining Light","floor":12,"gold_loss":0,"cards_upgraded":["Defend_B","Defend_B"]},{"damage_healed":0,"gold_gain":0,"player_choice":"Shed Blood","damage_taken":19,"max_hp_gain":5,"max_hp_loss":0,"event_name":"Forgotten Altar","floor":22,"gold_loss":0}],"is_beta":false,"boss_relics":[{"not_picked":["Coffee Dripper","White Beast Statue"],"picked":"Busted Crown"}],"items_purged_floors":[11,19],"is_endless":false,"potions_floor_spawned":[1,13,16,21],"killed_by":"Gremlin Leader","ascension_level":0}