{"gold_per_floor":[112,131,131,144,56,56,91,161,212,232,245,46,62,89,89,161,161,173,88,88,88,8,8,37,83,129,147,167,167,177,452,452,452],"floor_reached":33,"playtime":1347,"items_purged":[],"score":536,"play_id":"4b103c47-2c92-4eb2-aebb-aaf6b5416d52","local_time":"20190628230449","is_ascension_mode":true,"campfire_choices":[{"data":"Infinite Blades","floor":6,"key":"SMITH"},{"floor":15,"key":"REST"},{"data":"Noxious Fumes","floor":23,"key":"SMITH"},{"floor":29,"key":"REST"},{"floor":32,"key":"REST"}],"neow_cost":"NONE","seed_source_timestamp":1309420019968578,"circlet_count":0,"master_deck":["AscendersBane","Strike_G+1","Strike_G","Strike_G+1","Strike_G","Strike_G","Defend_G","Defend_G","Defend_G","Defend_G","Defend_G","Survivor","Neutralize+1","Backflip","Backflip","Infinite Blades+1","Backstab","Noxious Fumes+1","Dagger Spray","Well Laid Plans","Metamorphosis","Backstab","Deadly Poison","Tools of the Trade","Acrobatics+1","Writhe","Noxious Fumes","Crippling Poison","Terror","Choke","Regret"],"relics":["Ring of the Serpent","NeowsBlessing","Snake Skull","Art of War","Mercury Hourglass","Paper Crane","Mummified Hand","Blood Vial","Orichalcum","Whetstone"],"potions_floor_usage":[7,13,16,27,28,33],"damage_taken":[{"damage":0,"enemies":"Cultist","floor":1,"turns":1},{"damage":0,"enemies":"Small Slimes","floor":2,"turns":1},{"damage":0,"enemies":"2 Louse","floor":4,"turns":1},{"damage":24,"enemies":"Gremlin Nob","floor":7,"turns":5},{"damage":2,"enemies":"Blue Slaver","floor":10,"turns":4},{"damage":1,"enemies":"2 Fungi Beasts","floor":11,"turns":3},{"damage":6,"enemies":"Looter","floor":13,"turns":4},{"damage":24,"enemies":"Lagavulin","floor":14,"turns":6},{"damage":32,"enemies":"Slime Boss","floor":16,"turns":7},{"damage":23,"enemies":"Spheric Guardian","floor":18,"turns":4},{"damage":25,"enemies":"Book of Stabbing","floor":24,"turns":6},{"damage":0,"enemies":"Chosen","floor":27,"turns":4},{"damage":0,"enemies":"Centurion and Healer","floor":28,"turns":6},{"damage":32,"enemies":"Snake Plant","floor":30,"turns":4},{"damage":34,"enemies":"Collector","floor":33,"turns":3}],"seed_played":"-5381142895493126015","potions_obtained":[{"floor":2,"key":"GhostInAJar"},{"floor":7,"key":"Regen Potion"},{"floor":10,"key":"Regen Potion"},{"floor":13,"key":"Ancient Potion"},{"floor":24,"key":"SpeedPotion"},{"floor":27,"key":"Regen Potion"}],"is_trial":false,"path_per_floor":["M","M","?","M","$","R","E","?","T","M","M","$","M","E","R","B",null,"M","?","?","?","$","R","E","T","T","M","M","R","M","?","R","B"],"character_chosen":"THE_SILENT","items_purchased":["Backstab","Metamorphosis","Noxious Fumes"],"campfire_rested":3,"item_purchase_floors":[5,12,22],"current_hp_per_floor":[59,59,59,59,59,59,35,35,35,33,32,32,38,14,33,13,53,30,30,30,30,30,30,5,5,5,7,24,43,13,13,32,0],"gold":452,"neow_bonus":"THREE_ENEMY_KILL","is_prod":false,"is_daily":false,"chose_seed":false,"campfire_upgraded":2,"win_rate":0,"timestamp":1561784689,"path_taken":["M","?","?","M","$","R","E","?","T","M","M","$","M","E","R","BOSS","M","?","?","?","$","R","E","?","T","M","M","R","M","?","R","BOSS"],"build_version":"2019-06-28","purchased_purges":0,"victory":false,"max_hp_per_floor":[66,66,66,66,66,66,66,66,66,66,66,66,66,66,66,66,66,66,66,66,66,66,66,66,66,66,66,66,66,66,66,66,66],"card_choices":[{"not_picked":["Slice","Blade Dance"],"picked":"Backflip","floor":1},{"not_picked":["Bouncing Flask","Bane"],"picked":"Backflip","floor":2},{"not_picked":["Outmaneuver","Slice"],"picked":"Infinite Blades","floor":4},{"not_picked":["PiercingWail","Die Die Die"],"picked":"Noxious Fumes","floor":7},{"not_picked":["Outmaneuver","Flechettes"],"picked":"Dagger Spray","floor":10},{"not_picked":["Dodge and Roll","Calculated Gamble"],"picked":"Well Laid Plans","floor":11},{"not_picked":["Dodge and Roll","Concentrate"],"picked":"Backstab","floor":13},{"not_picked":["Expertise","Bane"],"picked":"Deadly Poison","floor":14},{"not_picked":["Bullet Time","Glass Knife"],"picked":"Tools of the Trade","floor":16},{"not_picked":["Flying Knee","Concentrate"],"picked":"Acrobatics+1","floor":18},{"not_picked":["Dagger Spray","Crippling Poison","Infinite Blades"],"picked":"SKIP","floor":24},{"not_picked":["Acrobatics","Cloak And Dagger"],"picked":"Crippling Poison","floor":27},{"not_picked":["Slice","Riddle With Holes"],"picked":"Terror","floor":28},{"not_picked":["Prepared","Cloak And Dagger"],"picked":"Choke","floor":30}],"player_experience":1116610,"relics_obtained":[{"floor":7,"key":"Snake Skull"},{"floor":9,"key":"Art of War"},{"floor":14,"key":"Mercury Hourglass"},{"floor":24,"key":"Blood Vial"},{"floor":25,"key":"Orichalcum"},{"floor":26,"key":"Whetstone"}],"event_choices":[{"damage_healed":0,"gold_gain":0,"player_choice":"Grow","damage_taken":0,"max_hp_gain":0,"max_hp_loss":0,"event_name":"Living Wall","floor":3,"gold_loss":0,"cards_upgraded":["Neutralize"]},{"damage_healed":0,"gold_gain":70,"player_choice":"Gained Gold","damage_taken":0,"max_hp_gain":0,"max_hp_loss":0,"event_name":"Golden Wing","floor":8,"gold_loss":0},{"damage_healed":0,"gold_gain":0,"player_choice":"Obtained Relic","damage_taken":0,"relics_obtained":["Paper Crane"],"max_hp_gain":0,"max_hp_loss":0,"event_name":"Addict","floor":19,"gold_loss":85},{"damage_healed":0,"gold_gain":0,"player_choice":"Opened","damage_taken":0,"relics_obtained":["Mummified Hand"],"max_hp_gain":0,"max_hp_loss":0,"event_name":"The Mausoleum","floor":20,"gold_loss":0,"cards_obtained":["Writhe"]},{"damage_healed":0,"gold_gain":0,"player_choice":"Ignored","damage_taken":0,"max_hp_gain":0,"max_hp_loss":0,"event_name":"Ghosts","floor":21,"gold_loss":0},{"damage_healed":0,"gold_gain":275,"player_choice":"Desecrate","damage_taken":0,"max_hp_gain":0,"max_hp_loss":0,"event_name":"Golden Shrine","floor":31,"gold_loss":0,"cards_obtained":["Regret"]}],"is_beta":true,"boss_relics":[{"not_picked":["WristBlade","Calling Bell"],"picked":"Ring of the Serpent"}],"items_purged_floors":[],"is_endless":false,"potions_floor_spawned":[2,7,10,11,13,24,27],"killed_by":"Collector","ascension_level":19}