{"gold_per_floor":[214,230,248,10,25,60,60,60,60,60,95,108,133,143,143,248,248,267,284,284,284,57,83,83,114,189,205,280,315,315,325,325,426,426,446,546,546,601,119,119,131,131,157,157,47,60,9,20,20,20],"floor_reached":51,"playtime":14065,"items_purged":["Parasite","Defend_G"],"score":898,"play_id":"2cbcd4b1-d550-4a5b-a4bd-3a8f9d422f06","local_time":"20190703153617","is_ascension_mode":true,"campfire_choices":[{"data":"Neutralize","floor":8.0,"key":"SMITH"},{"data":"Infinite Blades","floor":10.0,"key":"SMITH"},{"data":"Well Laid Plans","floor":15.0,"key":"SMITH"},{"data":"Wraith Form v2","floor":24.0,"key":"SMITH"},{"data":"Malaise","floor":30.0,"key":"SMITH"},{"data":"Cloak And Dagger","floor":32.0,"key":"SMITH"},{"data":"Finisher","floor":40,"key":"SMITH"},{"data":"Accuracy","floor":42,"key":"SMITH"},{"data":"Night Terror","floor":44,"key":"SMITH"},{"data":"After Image","floor":49,"key":"SMITH"}],"neow_cost":"NONE","seed_source_timestamp":0,"circlet_count":0,"master_deck":["Defend_G","Defend_G","Defend_G","Defend_G","Survivor","Neutralize+1","Finisher+1","Infinite Blades+1","Flechettes","Accuracy+1","Dagger Spray","Quick Slash","Dash","Backflip","Well Laid Plans+1","Dagger Throw","Wraith Form v2+1","Tools of the Trade","Tactician","Die Die Die","Dodge and Roll","Bite","Bite","Bite","Bite","Bite","Noxious Fumes+1","Cloak And Dagger+1","Backflip","Malaise+1","Night Terror+1","PiercingWail+1","Tactician+1","Terror","Crippling Poison","Accuracy","After Image+1","Backflip+1"],"special_seed":0,"relics":["Ring of the Snake","Vajra","Ornamental Fan","Matryoshka","Juzu Bracelet","Dodecahedron","Cursed Key","Omamori","Question Card","Snake Skull","Bag of Marbles","Mummified Hand","Ninja Scroll","Lizard Tail","Thread and Needle","FossilizedHelix","StoneCalendar","Bag of Preparation"],"potions_floor_usage":[41,50],"damage_taken":[{"damage":0.0,"enemies":"2 Louse","floor":1.0,"turns":5.0},{"damage":6.0,"enemies":"Jaw Worm","floor":2.0,"turns":7.0},{"damage":1.0,"enemies":"Small Slimes","floor":3.0,"turns":3.0},{"damage":6.0,"enemies":"3 Louse","floor":5.0,"turns":4.0},{"damage":13.0,"enemies":"Lagavulin","floor":6.0,"turns":5.0},{"damage":10.0,"enemies":"3 Sentries","floor":11.0,"turns":4.0},{"damage":2.0,"enemies":"Looter","floor":12.0,"turns":3.0},{"damage":0.0,"enemies":"Lagavulin","floor":13.0,"turns":6.0},{"damage":0.0,"enemies":"Blue Slaver","floor":14.0,"turns":3.0},{"damage":8.0,"enemies":"Slime Boss","floor":16.0,"turns":7.0},{"damage":0.0,"enemies":"Spheric Guardian","floor":18.0,"turns":3.0},{"damage":0.0,"enemies":"3 Byrds","floor":19.0,"turns":3.0},{"damage":6.0,"enemies":"Book of Stabbing","floor":23.0,"turns":7.0},{"damage":2.0,"enemies":"Slavers","floor":25.0,"turns":5.0},{"damage":0.0,"enemies":"Centurion and Healer","floor":27.0,"turns":5.0},{"damage":16.0,"enemies":"Book of Stabbing","floor":29.0,"turns":5.0},{"damage":4.0,"enemies":"Snake Plant","floor":31.0,"turns":4.0},{"damage":16.0,"enemies":"Automaton","floor":33.0,"turns":7.0},{"damage":4,"enemies":"3 Darklings","floor":35,"turns":4},{"damage":0,"enemies":"Mind Bloom Boss Battle","floor":36,"turns":4},{"damage":23,"enemies":"2 Orb Walkers","floor":38,"turns":4},{"damage":0,"enemies":"Orb Walker","floor":41,"turns":2},{"damage":0,"enemies":"Transient","floor":46,"turns":5},{"damage":0,"enemies":"Spire Growth","floor":48,"turns":3},{"damage":0,"enemies":"Time Eater","floor":50,"turns":11}],"seed_played":"-8190501906624186312","potions_obtained":[{"floor":1.0,"key":"Strength Potion"},{"floor":6.0,"key":"Ancient Potion"},{"floor":11.0,"key":"PowerPotion"},{"floor":12.0,"key":"Fruit Juice"},{"floor":16.0,"key":"EntropicBrew"},{"floor":25.0,"key":"Ancient Potion"},{"floor":29.0,"key":"PowerPotion"},{"floor":36,"key":"SteroidPotion"}],"is_trial":false,"path_per_floor":["M","M","M","$","M","E","?","R","T","R","E","M","E","M","R","B",null,"M","M","?","?","$","E","R","E","T","M","?","E","R","M","R","B",null,"M","?","?","?","$","R","M","R","T","R","$","M","$","M","R","B",null],"character_chosen":"THE_SILENT","items_purchased":["Vajra","Accuracy","Dagger Spray","Omamori","Terror","StoneCalendar","Crippling Poison","Accuracy","Energy Potion"],"campfire_rested":0,"item_purchase_floors":[4,4,4,22,39,39,45,45,47],"current_hp_per_floor":[70,64,63,63,57,44,61,61,61,61,51,54,54,54,54,46,75,75,75,75,52,49,49,49,47,47,49,45,37,37,41,41,37,49,48,49,47,28,28,28,30,30,30,30,30,46,46,47,47,47],"gold":20,"neow_bonus":"HUNDRED_GOLD","is_prod":false,"is_daily":false,"chose_seed":false,"campfire_upgraded":10,"win_rate":1,"timestamp":1562193377,"path_taken":["M","M","M","$","M","E","?","R","T","R","E","M","E","M","R","BOSS","M","M","?","?","$","E","R","E","T","M","?","E","R","M","R","BOSS","M","?","?","?","$","R","M","R","T","R","?","M","$","M","R","BOSS"],"build_version":"2019-07-01","purchased_purges":2,"victory":true,"max_hp_per_floor":[70,70,70,70,70,70,70,70,70,70,70,75,75,75,75,75,75,75,75,75,52,49,49,49,49,49,49,49,49,49,49,49,49,49,49,49,47,47,47,47,47,47,47,47,47,47,47,47,47,47],"card_choices":[{"not_picked":["Catalyst","Dodge and Roll"],"picked":"Finisher","floor":1.0},{"not_picked":["Sucker Punch","Quick Slash"],"picked":"Infinite Blades","floor":2.0},{"not_picked":["Dodge and Roll","PiercingWail"],"picked":"Flechettes","floor":3.0},{"not_picked":["Eviscerate","Accuracy"],"picked":"Quick Slash","floor":5.0},{"not_picked":["Prepared","Night Terror"],"picked":"Dash","floor":6.0},{"not_picked":["Dagger Spray","Sucker Punch"],"picked":"Backflip","floor":11.0},{"not_picked":["Dagger Spray","Bane"],"picked":"Well Laid Plans","floor":12.0},{"not_picked":["Quick Slash","Infinite Blades"],"picked":"Dagger Throw","floor":13.0},{"not_picked":["Underhanded Strike","Infinite Blades"],"picked":"Wraith Form v2","floor":14.0},{"not_picked":["Burst","Unload"],"picked":"Tools of the Trade","floor":16.0},{"not_picked":["Bane","Prepared","Distraction"],"picked":"SKIP","floor":18.0},{"not_picked":["Deadly Poison","Escape Plan"],"picked":"Tactician","floor":19.0},{"not_picked":["Caltrops","Slice"],"picked":"Noxious Fumes+1","floor":23.0},{"not_picked":["Sucker Punch","Dagger Spray","Slice+1"],"picked":"Cloak And Dagger","floor":25.0},{"not_picked":["Bane+1","Deadly Poison+1","Prepared"],"picked":"Backflip","floor":27.0},{"not_picked":["Dagger Spray","Backflip+1","Venomology"],"picked":"Malaise","floor":29.0},{"not_picked":["Prepared","Deflect","Outmaneuver","Sucker Punch"],"picked":"SKIP","floor":31.0},{"not_picked":["Storm of Steel","Phantasmal Killer","Burst"],"picked":"Night Terror","floor":33.0},{"not_picked":["Dagger Throw+1","Poisoned Stab","Sucker Punch","Flechettes+1"],"picked":"SKIP","floor":35},{"not_picked":["Deadly Poison","Acrobatics+1","Quick Slash+1"],"picked":"PiercingWail+1","floor":36},{"not_picked":["Prepared+1","Dodge and Roll","Outmaneuver"],"picked":"Tactician+1","floor":38},{"not_picked":["Flying Knee+1","All Out Attack","Catalyst+1"],"picked":"After Image","floor":46},{"not_picked":["Heel Hook+1","Outmaneuver+1","Poisoned Stab"],"picked":"Backflip+1","floor":48}],"player_experience":129944,"relics_obtained":[{"floor":6.0,"key":"Ornamental Fan"},{"floor":9.0,"key":"Matryoshka"},{"floor":11.0,"key":"Juzu Bracelet"},{"floor":13.0,"key":"Dodecahedron"},{"floor":23.0,"key":"Question Card"},{"floor":25.0,"key":"Snake Skull"},{"floor":26.0,"key":"Bag of Marbles"},{"floor":26.0,"key":"Mummified Hand"},{"floor":29.0,"key":"Ninja Scroll"},{"floor":36,"key":"Thread and Needle"},{"floor":38,"key":"FossilizedHelix"},{"floor":43,"key":"Bag of Preparation"}],"event_choices":[{"damage_healed":17.0,"max_hp_gain":0.0,"max_hp_loss":0.0,"gold_gain":0.0,"event_name":"Mushrooms","player_choice":"Healed and dodged fight","floor":7.0,"gold_loss":0.0,"damage_taken":0.0,"cards_obtained":["Parasite"]},{"damage_healed":0.0,"max_hp_gain":0.0,"max_hp_loss":0.0,"gold_gain":0.0,"cards_transformed":["Strike_G","Strike_G"],"event_name":"Drug Dealer","player_choice":"Became Test Subject","floor":20.0,"gold_loss":0.0,"damage_taken":0.0,"cards_obtained":["Die Die Die","Dodge and Roll"]},{"damage_healed":0.0,"max_hp_gain":0.0,"max_hp_loss":23.0,"gold_gain":0.0,"event_name":"Vampires","player_choice":"Became a vampire","floor":21.0,"gold_loss":0.0,"damage_taken":0.0,"cards_obtained":["Bite","Bite","Bite","Bite","Bite"]},{"damage_healed":0.0,"max_hp_gain":0.0,"max_hp_loss":0.0,"gold_gain":75.0,"event_name":"FaceTrader","player_choice":"Touch","floor":28.0,"gold_loss":0.0,"damage_taken":4.0},{"damage_healed":0,"gold_gain":0,"player_choice":"Fight","damage_taken":0,"max_hp_gain":0,"max_hp_loss":0,"event_name":"MindBloom","floor":36,"gold_loss":0},{"damage_healed":0,"gold_gain":0,"player_choice":"Max HP","damage_taken":0,"max_hp_gain":0,"max_hp_loss":2,"event_name":"Winding Halls","floor":37,"gold_loss":0},{"damage_healed":0,"gold_gain":0,"player_choice":"Fight","damage_taken":0,"max_hp_gain":0,"max_hp_loss":0,"event_name":"Mysterious Sphere","floor":38,"gold_loss":0}],"is_beta":false,"boss_relics":[{"not_picked":["HoveringKite","Sozu"],"picked":"Cursed Key"},{"not_picked":["Eternal Feather","Philosopher\u0027s Stone"],"picked":"Lizard Tail"}],"items_purged_floors":[22,39],"is_endless":false,"potions_floor_spawned":[1,6,11,12,16,25,27,29,31,36,48],"ascension_level":2}