{"gold_per_floor":[219,93,93,118,134,169,134,163,163,163,163,163,184,37,37,37],"floor_reached":16,"playtime":16271,"items_purged":["Defend_G"],"score":98,"play_id":"98796a48-9549-4a3a-8b85-b19b723060cd","local_time":"20190720211258","is_ascension_mode":false,"campfire_choices":[{"floor":10,"key":"RECALL"},{"floor":12,"key":"REST"},{"floor":15,"key":"REST"}],"neow_cost":"NONE","seed_source_timestamp":11161362670100,"circlet_count":0,"master_deck":["Strike_G","Strike_G","Strike_G","Strike_G","Strike_G","Defend_G","Defend_G","Defend_G","Defend_G","Survivor","Neutralize","Backflip","Injury","Dodge and Roll","Deadly Poison","Well Laid Plans","Backflip","Tactician","Backflip"],"relics":["Ring of the Snake","Golden Idol","Prayer Wheel","Odd Mushroom","Kunai","Blood Vial"],"potions_floor_usage":[6,16],"damage_taken":[{"damage":0,"enemies":"Jaw Worm","floor":1,"turns":7},{"damage":0,"enemies":"Small Slimes","floor":4,"turns":6},{"damage":2,"enemies":"2 Louse","floor":5,"turns":4},{"damage":69,"enemies":"3 Sentries","floor":6,"turns":21},{"damage":22,"enemies":"The Mushroom Lair","floor":8,"turns":6},{"damage":3,"enemies":"Blue Slaver","floor":13,"turns":5},{"damage":53,"enemies":"Hexaghost","floor":16,"turns":14}],"seed_played":"2202455183598025357","potions_obtained":[{"floor":5,"key":"Regen Potion"},{"floor":13,"key":"FearPotion"}],"is_trial":false,"path_per_floor":["M","$","?","M","M","E","?","?","T","R","T","R","M","$","R","B"],"character_chosen":"THE_SILENT","items_purchased":["Energy Potion","Blood Vial"],"campfire_rested":2,"item_purchase_floors":[2,14],"current_hp_per_floor":[70,70,70,70,68,14,31,9,9,9,9,30,27,27,48,0],"gold":37,"neow_bonus":"HUNDRED_GOLD","is_prod":false,"is_daily":false,"chose_seed":false,"campfire_upgraded":0,"win_rate":0,"timestamp":1563675178,"path_taken":["M","$","?","M","M","E","?","?","T","R","?","R","M","$","R","BOSS"],"build_version":"2019-07-17","purchased_purges":1,"victory":false,"max_hp_per_floor":[70,70,70,70,70,70,70,70,70,70,70,70,70,70,70,70],"card_choices":[{"not_picked":["Dagger Spray","Outmaneuver"],"picked":"Backflip","floor":1},{"not_picked":["Infinite Blades","Leg Sweep"],"picked":"Dodge and Roll","floor":4},{"not_picked":["Deflect","Underhanded Strike"],"picked":"Deadly Poison","floor":5},{"not_picked":["Corpse Explosion","All Out Attack"],"picked":"Well Laid Plans","floor":6},{"not_picked":["Finisher","Riddle With Holes"],"picked":"Backflip","floor":8},{"not_picked":["Slice","Blade Dance"],"picked":"Tactician","floor":13},{"not_picked":["Eviscerate","Dodge and Roll"],"picked":"Backflip","floor":13}],"player_experience":213899,"relics_obtained":[{"floor":6,"key":"Prayer Wheel"},{"floor":8,"key":"Odd Mushroom"},{"floor":11,"key":"Kunai"}],"event_choices":[{"damage_healed":0,"gold_gain":0,"player_choice":"Take Wound","damage_taken":0,"relics_obtained":["Golden Idol"],"max_hp_gain":0,"max_hp_loss":0,"event_name":"Golden Idol","floor":3,"gold_loss":0,"cards_obtained":["Injury"]},{"damage_healed":17,"gold_gain":0,"player_choice":"Healed","damage_taken":0,"max_hp_gain":0,"max_hp_loss":0,"event_name":"The Cleric","floor":7,"gold_loss":35},{"damage_healed":0,"gold_gain":0,"player_choice":"Fought Mushrooms","damage_taken":0,"max_hp_gain":0,"max_hp_loss":0,"event_name":"Mushrooms","floor":8,"gold_loss":0}],"is_beta":false,"boss_relics":[],"items_purged_floors":[2],"is_endless":false,"potions_floor_spawned":[5,13],"killed_by":"Hexaghost","ascension_level":0}