{"gold_per_floor":[218,232,249,20,33,50,50,83,83,112,129,129,156,5,5,103,103,120,40,50,15,34,34,48,66,66,66,80,99,99,22,22,123,123,143,143,0,0,20,30,41,41,41,41,55,55,72,20,20,20],"floor_reached":51,"playtime":2720,"items_purged":["Strike_R","Strike_R"],"score":723,"play_id":"de6eab9a-a4ee-4488-a652-f3561b90186a","local_time":"20190714100629","is_ascension_mode":false,"campfire_choices":[{"data":"Inflame","floor":7,"key":"SMITH"},{"floor":12,"key":"REST"},{"floor":15,"key":"REST"},{"data":"Rampage","floor":23,"key":"SMITH"},{"data":"Bash","floor":27,"key":"SMITH"},{"floor":30,"key":"REST"},{"data":"Spot Weakness","floor":32,"key":"SMITH"},{"data":"Limit Break","floor":42,"key":"SMITH"},{"data":"Flame Barrier","floor":44,"key":"SMITH"},{"data":"Fiend Fire","floor":49,"key":"SMITH"}],"neow_cost":"NONE","seed_source_timestamp":291982996315767,"circlet_count":0,"master_deck":["Strike_R","Strike_R","Defend_R","Defend_R","Defend_R","Defend_R","Bash+1","Flex","Rampage+1","Battle Trance","Inflame+1","Shrug It Off","Clothesline","Dual Wield","Pommel Strike","Disarm","Whirlwind","Offering","Fiend Fire+1","Spot Weakness+1","Flame Barrier+1","Feel No Pain","Shrug It Off","Ghostly Armor","Impervious","Limit Break+1","Shrug It Off+1","Shrug It Off","Shrug It Off+1","Seeing Red+1"],"relics":["Burning Blood","Bottled Flame","Omamori","Dream Catcher","Letter Opener","Runic Pyramid","Pantograph","Cursed Key","Bag of Preparation","Red Mask"],"potions_floor_usage":[13,16,25,33,50,50,50],"damage_taken":[{"damage":5,"enemies":"Cultist","floor":1,"turns":4},{"damage":10,"enemies":"Small Slimes","floor":2,"turns":3},{"damage":9,"enemies":"2 Louse","floor":3,"turns":3},{"damage":2,"enemies":"Looter","floor":5,"turns":3},{"damage":5,"enemies":"2 Fungi Beasts","floor":6,"turns":3},{"damage":19,"enemies":"3 Sentries","floor":8,"turns":7},{"damage":29,"enemies":"Lagavulin","floor":10,"turns":7},{"damage":25,"enemies":"Lots of Slimes","floor":11,"turns":4},{"damage":23,"enemies":"3 Sentries","floor":13,"turns":7},{"damage":9,"enemies":"Slime Boss","floor":16,"turns":7},{"damage":6,"enemies":"Chosen","floor":18,"turns":3},{"damage":26,"enemies":"2 Thieves","floor":20,"turns":4},{"damage":8,"enemies":"Cultist and Chosen","floor":22,"turns":6},{"damage":24,"enemies":"Centurion and Healer","floor":24,"turns":5},{"damage":15,"enemies":"Snake Plant","floor":25,"turns":5},{"damage":15,"enemies":"3 Cultists","floor":28,"turns":4},{"damage":12,"enemies":"Centurion and Healer","floor":29,"turns":5},{"damage":40,"enemies":"Champ","floor":33,"turns":10},{"damage":0,"enemies":"Orb Walker","floor":35,"turns":3},{"damage":14,"enemies":"3 Darklings","floor":39,"turns":3},{"damage":6,"enemies":"4 Shapes","floor":40,"turns":6},{"damage":21,"enemies":"Jaw Worm Horde","floor":41,"turns":6},{"damage":9,"enemies":"Transient","floor":45,"turns":5},{"damage":1,"enemies":"Spire Growth","floor":47,"turns":4},{"damage":6,"enemies":"Time Eater","floor":50,"turns":9}],"seed_played":"-8250748756380282091","potions_obtained":[{"floor":1,"key":"PowerPotion"},{"floor":5,"key":"Dexterity Potion"},{"floor":8,"key":"EssenceOfSteel"},{"floor":10,"key":"Fire Potion"},{"floor":24,"key":"SkillPotion"},{"floor":25,"key":"GamblersBrew"},{"floor":28,"key":"Weak Potion"},{"floor":33,"key":"SpeedPotion"}],"is_trial":false,"path_per_floor":["M","M","M","$","M","M","R","E","T","E","M","R","E","$","R","B",null,"M","$","M","$","M","R","M","M","T","R","M","M","R","$","R","B",null,"M","T","$","?","M","M","M","R","T","R","M","?","M","$","R","B",null],"character_chosen":"IRONCLAD","items_purchased":["Inflame","Shrug It Off","Clothesline","PowerPotion","Spot Weakness","Feel No Pain","Impervious","Bag of Preparation","Strength Potion"],"campfire_rested":3,"item_purchase_floors":[4,4,4,14,19,21,31,37,48],"current_hp_per_floor":[80,76,73,73,77,78,78,65,65,42,23,47,30,30,54,51,80,80,80,60,60,58,58,40,31,31,31,22,16,40,40,40,31,80,80,80,80,80,72,72,57,57,57,57,54,54,59,59,59,80],"gold":20,"neow_bonus":"HUNDRED_GOLD","is_prod":false,"is_daily":false,"chose_seed":false,"campfire_upgraded":7,"win_rate":0,"timestamp":1563113189,"path_taken":["M","M","M","$","M","M","R","E","T","E","M","R","E","$","R","BOSS","M","?","M","$","?","R","M","M","T","R","M","M","R","$","R","BOSS","M","?","$","?","M","M","M","R","T","R","M","?","M","$","R","BOSS"],"build_version":"2019-07-05","purchased_purges":2,"victory":true,"max_hp_per_floor":[80,80,80,80,80,80,80,80,80,80,80,80,80,80,80,80,80,80,80,80,80,80,80,80,80,80,80,80,80,80,80,80,80,80,80,80,80,80,80,80,80,80,80,80,80,80,80,80,80,80],"card_choices":[{"not_picked":["Dual Wield","Havoc"],"picked":"Flex","floor":1},{"not_picked":["Sword Boomerang","Blood for Blood"],"picked":"Rampage","floor":2},{"not_picked":["Perfected Strike","Sentinel"],"picked":"Battle Trance","floor":3},{"not_picked":["Sever Soul","Entrench"],"picked":"Dual Wield","floor":5},{"not_picked":["Iron Wave","Sword Boomerang"],"picked":"Pommel Strike","floor":6},{"not_picked":["Intimidate","Pummel"],"picked":"Disarm","floor":8},{"not_picked":["Corruption","Searing Blow","Warcry"],"picked":"SKIP","floor":10},{"not_picked":["Thunderclap","Body Slam","Combust"],"picked":"SKIP","floor":11},{"not_picked":["Ghostly Armor","Perfected Strike"],"picked":"Whirlwind","floor":12},{"not_picked":["Berserk","Seeing Red"],"picked":"Offering","floor":13},{"not_picked":["Immolate","Juggernaut"],"picked":"Fiend Fire","floor":16},{"not_picked":["Clothesline","Dual Wield","Twin Strike"],"picked":"SKIP","floor":18},{"not_picked":["Iron Wave","Shockwave"],"picked":"Flame Barrier","floor":20},{"not_picked":["Thunderclap+1","Feel No Pain","Body Slam+1"],"picked":"SKIP","floor":22},{"not_picked":["Wild Strike+1","Flex","Sword Boomerang"],"picked":"SKIP","floor":24},{"not_picked":["Havoc","Warcry","Thunderclap+1"],"picked":"SKIP","floor":25},{"not_picked":["Clash","Disarm"],"picked":"Shrug It Off","floor":28},{"not_picked":["Entrench","Carnage+1","Clothesline"],"picked":"SKIP","floor":29},{"not_picked":["Rage","Shockwave"],"picked":"Ghostly Armor","floor":30},{"not_picked":["Dark Embrace","Immolate"],"picked":"Limit Break","floor":33},{"not_picked":["Heavy Blade","Seeing Red+1"],"picked":"Shrug It Off+1","floor":35},{"not_picked":["Flex","Twin Strike+1"],"picked":"Shrug It Off","floor":39},{"not_picked":["Dual Wield","Anger+1","Warcry+1"],"picked":"SKIP","floor":40},{"not_picked":["Wild Strike","Combust+1"],"picked":"Shrug It Off+1","floor":41},{"not_picked":["Metallicize+1","Rampage+1"],"picked":"Seeing Red+1","floor":45},{"not_picked":["Searing Blow","Havoc+1","Uppercut"],"picked":"SKIP","floor":47}],"player_experience":3958824,"relics_obtained":[{"floor":8,"key":"Bottled Flame"},{"floor":9,"key":"Omamori"},{"floor":10,"key":"Dream Catcher"},{"floor":13,"key":"Letter Opener"},{"floor":26,"key":"Pantograph"}],"event_choices":[{"damage_healed":0,"gold_gain":0,"player_choice":"Paid","damage_taken":0,"relics_obtained":["Red Mask"],"max_hp_gain":0,"max_hp_loss":0,"event_name":"Tomb of Lord Red Mask","floor":38,"gold_loss":0},{"cards_removed":["Strike_R"],"damage_healed":0,"gold_gain":0,"player_choice":"Removed Attack","damage_taken":0,"max_hp_gain":0,"max_hp_loss":0,"event_name":"Falling","floor":46,"gold_loss":0}],"is_beta":false,"boss_relics":[{"not_picked":["Tiny House","Runic Dome"],"picked":"Runic Pyramid"},{"not_picked":["Snecko Eye","Runic Cube"],"picked":"Cursed Key"}],"items_purged_floors":[4,14],"is_endless":false,"potions_floor_spawned":[1,5,8,10,24,25,28,29,33,35,40],"ascension_level":0}