{"gold_per_floor":[119,119,119,131,146,177,194,194,220,235,190,202,233,246,246,246],"floor_reached":16,"playtime":738,"items_purged":[],"score":125,"play_id":"3f8a042c-8054-4908-8e6f-edca4709ba8b","local_time":"20190721190309","is_ascension_mode":true,"campfire_choices":[{"floor":15,"key":"REST"}],"neow_cost":"NONE","seed_source_timestamp":325923048568069,"circlet_count":0,"master_deck":["Strike_R","Strike_R","Strike_R","Strike_R","Defend_R","Defend_R","Defend_R","Defend_R","Bash","Feel No Pain","Perfected Strike","Burning Pact","Inflame","Shrug It Off","Limit Break","Iron Wave"],"relics":["Burning Blood","Bag of Marbles","Potion Belt","Bag of Preparation","Omamori"],"potions_floor_usage":[7,16],"damage_taken":[{"damage":7,"enemies":"Jaw Worm","floor":1,"turns":3},{"damage":0,"enemies":"Cultist","floor":4,"turns":4},{"damage":0,"enemies":"Small Slimes","floor":5,"turns":3},{"damage":36,"enemies":"Lagavulin","floor":6,"turns":5},{"damage":9,"enemies":"2 Fungi Beasts","floor":7,"turns":3},{"damage":9,"enemies":"Red Slaver","floor":10,"turns":4},{"damage":16,"enemies":"Exordium Wildlife","floor":12,"turns":6},{"damage":27,"enemies":"Gremlin Nob","floor":13,"turns":5},{"damage":5,"enemies":"Large Slime","floor":14,"turns":7},{"damage":36,"enemies":"Slime Boss","floor":16,"turns":7}],"seed_played":"7158518790724892032","potions_obtained":[{"floor":4,"key":"Fruit Juice"},{"floor":13,"key":"LiquidBronze"},{"floor":14,"key":"Block Potion"}],"is_trial":false,"path_per_floor":["M","?","$","M","M","E","M","$","T","M","$","M","E","M","R","B"],"character_chosen":"IRONCLAD","items_purchased":["Shrug It Off"],"campfire_rested":1,"item_purchase_floors":[11],"current_hp_per_floor":[79,79,79,80,80,50,52,52,52,49,49,39,18,19,44,8],"gold":246,"neow_bonus":"RANDOM_COMMON_RELIC","is_prod":false,"is_daily":false,"chose_seed":false,"campfire_upgraded":0,"win_rate":0,"timestamp":1563753789,"path_taken":["M","?","$","M","M","E","M","$","T","?","$","M","E","M","R","BOSS"],"build_version":"2019-07-17","purchased_purges":0,"victory":false,"max_hp_per_floor":[80,80,80,80,80,80,85,85,85,85,85,85,85,85,85,85],"card_choices":[{"not_picked":["Wild Strike","Blood for Blood"],"picked":"Feel No Pain","floor":1},{"not_picked":["Clash","Warcry"],"picked":"Perfected Strike","floor":4},{"not_picked":["Barricade","Flex","Evolve"],"picked":"SKIP","floor":5},{"not_picked":["Thunderclap","Warcry"],"picked":"Burning Pact","floor":6},{"not_picked":["Anger","True Grit"],"picked":"Inflame","floor":7},{"not_picked":["Heavy Blade","Sentinel","Clash"],"picked":"SKIP","floor":10},{"not_picked":["Shrug It Off","Disarm"],"picked":"Limit Break","floor":12},{"not_picked":["Carnage","Headbutt","Hemokinesis"],"picked":"SKIP","floor":13},{"not_picked":["Thunderclap","Sword Boomerang"],"picked":"Iron Wave","floor":14}],"player_experience":193341,"relics_obtained":[{"floor":6,"key":"Potion Belt"},{"floor":9,"key":"Bag of Preparation"},{"floor":13,"key":"Omamori"}],"event_choices":[{"cards_removed":["Strike_R"],"damage_healed":0,"gold_gain":0,"player_choice":"Offered Basic","damage_taken":0,"max_hp_gain":0,"max_hp_loss":0,"event_name":"Bonfire Elementals","floor":2,"gold_loss":0}],"is_beta":false,"boss_relics":[],"items_purged_floors":[],"is_endless":false,"potions_floor_spawned":[4,13,14],"killed_by":"Slime Boss","ascension_level":2}