{"gold_per_floor":[113,132,145,145,160,188,188,201,252,38,55,55,74,88,88,191,191,201,201,201,215,228,253,253,280,342,372,395,407,419,431,443,455],"floor_reached":33,"playtime":4512,"items_purged":["Defend_B"],"score":293,"play_id":"9fddbfb2-3138-4025-90c4-bbfc871ed0f3","local_time":"20190718213717","is_ascension_mode":false,"campfire_choices":[{"floor":7,"key":"REST"},{"data":"Redo","floor":12,"key":"SMITH"},{"floor":15,"key":"REST"},{"floor":24,"key":"REST"},{"floor":30,"key":"REST"},{"floor":32,"key":"REST"}],"neow_cost":"NONE","seed_source_timestamp":425020849143576,"circlet_count":0,"master_deck":["Strike_B","Defend_B","Defend_B","Zap","Dualcast","Sweeping Beam","Fusion","Glacier","Melter","Conserve Battery","Redo+1","Glacier","All For One","Doom and Gloom","Go for the Eyes","Rip and Tear","Rainbow","Go for the Eyes+1","Blizzard+1","Double Energy+1","Ball Lightning+1","Leap","Streamline+1","Rebound","Reinforced Body+1","Chaos+1","Beam Cell+1","RitualDagger"],"relics":["Cracked Core","Lantern","Bronze Scales","Astrolabe","Enchiridion","Dodecahedron","MawBank","Centennial Puzzle"],"potions_floor_usage":[6,16,23,25,29],"damage_taken":[{"damage":1,"enemies":"Cultist","floor":1,"turns":4},{"damage":11,"enemies":"Jaw Worm","floor":2,"turns":4},{"damage":6,"enemies":"Small Slimes","floor":3,"turns":4},{"damage":6,"enemies":"Exordium Wildlife","floor":5,"turns":5},{"damage":25,"enemies":"3 Sentries","floor":6,"turns":8},{"damage":8,"enemies":"Gremlin Gang","floor":8,"turns":3},{"damage":0,"enemies":"3 Louse","floor":11,"turns":3},{"damage":10,"enemies":"Looter","floor":13,"turns":2},{"damage":0,"enemies":"Blue Slaver","floor":14,"turns":4},{"damage":12,"enemies":"Slime Boss","floor":16,"turns":11},{"damage":0,"enemies":"Spheric Guardian","floor":18,"turns":2},{"damage":8,"enemies":"Shell Parasite","floor":21,"turns":2},{"damage":8,"enemies":"Sentry and Sphere","floor":22,"turns":3},{"damage":10,"enemies":"Book of Stabbing","floor":23,"turns":4},{"damage":9,"enemies":"Gremlin Leader","floor":25,"turns":6},{"damage":3,"enemies":"Centurion and Healer","floor":27,"turns":7},{"damage":6,"enemies":"Snake Plant","floor":28,"turns":4},{"damage":0,"enemies":"Chosen and Byrds","floor":29,"turns":4},{"damage":75,"enemies":"Champ","floor":33,"turns":13}],"seed_played":"4149149812630741356","potions_obtained":[{"floor":1,"key":"Regen Potion"},{"floor":8,"key":"LiquidBronze"},{"floor":11,"key":"Swift Potion"},{"floor":13,"key":"AttackPotion"},{"floor":16,"key":"SkillPotion"},{"floor":22,"key":"Poison Potion"},{"floor":27,"key":"Explosive Potion"}],"is_trial":false,"path_per_floor":["M","M","M","?","M","E","R","M","T","$","M","R","M","M","R","B",null,"M","?","?","M","M","E","R","E","T","M","M","M","R","?","R","B"],"character_chosen":"DEFECT","items_purchased":["All For One"],"campfire_rested":5,"item_purchase_floors":[10],"current_hp_per_floor":[74,63,57,57,51,41,63,55,55,55,55,55,45,45,67,55,75,75,61,45,37,29,19,43,34,34,31,25,25,49,43,67,0],"gold":455,"neow_bonus":"THREE_CARDS","is_prod":false,"is_daily":false,"chose_seed":false,"campfire_upgraded":1,"win_rate":0.0,"timestamp":1563503837,"path_taken":["M","M","M","?","M","E","R","M","T","$","M","R","M","?","R","BOSS","M","?","?","?","?","E","R","E","T","?","M","M","R","?","R","BOSS"],"build_version":"2019-07-05","purchased_purges":1,"victory":false,"max_hp_per_floor":[75,75,75,75,75,75,75,75,75,75,75,75,75,75,75,75,75,75,80,80,80,80,80,80,80,80,80,80,80,80,80,80,80],"card_choices":[{"not_picked":["Self Repair","Rebound"],"picked":"Sweeping Beam","floor":0},{"not_picked":["Skim","Rebound"],"picked":"Fusion","floor":1},{"not_picked":["Sweeping Beam","Streamline"],"picked":"Glacier","floor":2},{"not_picked":["Sweeping Beam","Ball Lightning"],"picked":"Melter","floor":3},{"not_picked":["Steam","Hologram"],"picked":"Conserve Battery","floor":5},{"not_picked":["Steam","Rip and Tear"],"picked":"Redo","floor":6},{"not_picked":["Consume","Redo"],"picked":"Glacier","floor":8},{"not_picked":["Darkness","FTL"],"picked":"Doom and Gloom","floor":11},{"not_picked":["Conserve Battery","Coolheaded"],"picked":"Go for the Eyes","floor":13},{"not_picked":["Static Discharge","FTL"],"picked":"Rip and Tear","floor":14},{"not_picked":["Seek","Buffer"],"picked":"Rainbow","floor":16},{"not_picked":["Conserve Battery","FTL"],"picked":"Ball Lightning+1","floor":18},{"not_picked":["Darkness","Beam Cell"],"picked":"Leap","floor":21},{"not_picked":["Stack","Ball Lightning"],"picked":"Streamline+1","floor":22},{"not_picked":["Steam","Conserve Battery"],"picked":"Rebound","floor":23},{"not_picked":["Melter","Chaos"],"picked":"Reinforced Body+1","floor":25},{"not_picked":["Blizzard","Gash","FTL"],"picked":"SKIP","floor":27},{"not_picked":["Steam+1","Rebound"],"picked":"Chaos+1","floor":28},{"not_picked":["Redo","Self Repair"],"picked":"Beam Cell+1","floor":29}],"player_experience":155080,"relics_obtained":[{"floor":6,"key":"Lantern"},{"floor":9,"key":"Bronze Scales"},{"floor":20,"key":"Enchiridion"},{"floor":23,"key":"Dodecahedron"},{"floor":25,"key":"MawBank"},{"floor":26,"key":"Centennial Puzzle"}],"event_choices":[{"cards_removed":["Defend_B"],"damage_healed":0,"gold_gain":0,"player_choice":"Offered Basic","damage_taken":0,"max_hp_gain":0,"max_hp_loss":0,"event_name":"Bonfire Elementals","floor":4,"gold_loss":0},{"damage_healed":0,"gold_gain":0,"player_choice":"Shed Blood","damage_taken":19,"max_hp_gain":5,"max_hp_loss":0,"event_name":"Forgotten Altar","floor":19,"gold_loss":0},{"damage_healed":0,"gold_gain":0,"player_choice":"Obtained Book","damage_taken":16,"max_hp_gain":0,"max_hp_loss":0,"event_name":"Cursed Tome","floor":20,"gold_loss":0},{"damage_healed":0,"gold_gain":0,"player_choice":"Joined the Cult","damage_taken":6,"max_hp_gain":0,"max_hp_loss":0,"event_name":"Nest","floor":31,"gold_loss":0,"cards_obtained":["RitualDagger"]}],"is_beta":false,"boss_relics":[{"not_picked":["Cursed Key","Velvet Choker"],"picked":"Astrolabe"}],"items_purged_floors":[10],"is_endless":false,"potions_floor_spawned":[1,8,11,13,16,21,22,27],"killed_by":"Champ","ascension_level":0}