{"gold_per_floor":[365,365,377,395,35,35,54,84,84,114,129,129,129,157,157,254,254,270,280,280,44,44,123,135],"floor_reached":24,"playtime":1609,"items_purged":["Strike_B"],"score":268,"play_id":"d0081bea-25b2-4be2-b752-0a3ba6c5d4ad","local_time":"20181203155638","is_ascension_mode":true,"campfire_choices":[{"floor":6,"key":"REST"},{"floor":12,"key":"DIG"},{"floor":15,"key":"DIG"}],"neow_cost":"PERCENT_DAMAGE","seed_source_timestamp":1703709871180745,"circlet_count":0,"master_deck":["Strike_B+1","Strike_B+1","Defend_B+1","Defend_B+1","Defend_B+1","Defend_B+1","Zap","Dualcast","Compile Driver","Chill","Leap","Consume+1","Redo","Capacitor","Barrage","Multi-Cast","Conserve Battery+1","Leap","Tempest"],"relics":["Cracked Core","Runic Capacitor","Shovel","Matryoshka","Bottled Lightning","Nunchaku","Pen Nib","DataDisk","Philosopher\u0027s Stone","Art of War","MawBank","Bottled Tornado"],"potions_floor_usage":[11,11,22,24],"damage_taken":[{"damage":0,"enemies":"Cultist","floor":1,"turns":3},{"damage":2,"enemies":"2 Louse","floor":3,"turns":3},{"damage":5,"enemies":"Jaw Worm","floor":4,"turns":3},{"damage":1,"enemies":"Blue Slaver","floor":7,"turns":5},{"damage":4,"enemies":"3 Sentries","floor":8,"turns":10},{"damage":13,"enemies":"Lagavulin","floor":10,"turns":7},{"damage":5,"enemies":"Exordium Thugs","floor":11,"turns":6},{"damage":1,"enemies":"3 Sentries","floor":14,"turns":8},{"damage":7,"enemies":"Hexaghost","floor":16,"turns":10},{"damage":12,"enemies":"2 Thieves","floor":18,"turns":5},{"damage":10,"enemies":"Shell Parasite","floor":19,"turns":7},{"damage":21,"enemies":"Colosseum Slavers","floor":22,"turns":3},{"damage":25,"enemies":"Gremlin Leader","floor":24,"turns":1}],"seed_played":"-2024317261863682801","potions_obtained":[{"floor":4,"key":"Weak Potion"},{"floor":10,"key":"Ancient Potion"},{"floor":14,"key":"Fire Potion"}],"is_trial":false,"path_per_floor":["M","?","M","M","$","R","M","E","T","E","M","R","?","E","R","B",null,"M","M","?","$","?","T","E"],"character_chosen":"DEFECT","items_purchased":["Runic Capacitor","Consume","Art of War","Tempest","Fire Potion"],"campfire_rested":1,"item_purchase_floors":[5,5,21,21,21],"current_hp_per_floor":[54,54,52,47,47,69,68,64,64,51,46,46,46,45,45,38,66,54,44,44,44,23,23,0],"gold":135,"neow_bonus":"TWO_FIFTY_GOLD","is_prod":false,"is_daily":false,"chose_seed":false,"campfire_upgraded":0,"win_rate":0,"timestamp":1543870598,"path_taken":["M","?","M","M","$","R","M","E","T","E","?","R","?","E","R","BOSS","M","?","?","$","?","?","E"],"build_version":"2018-11-15","purchased_purges":1,"victory":false,"max_hp_per_floor":[75,75,75,75,75,75,75,75,75,75,75,75,75,75,75,75,75,75,75,75,75,75,75,75],"card_choices":[{"not_picked":["Fusion","BootSequence"],"picked":"Compile Driver","floor":1},{"not_picked":["Consume","BootSequence"],"picked":"Chill","floor":3},{"not_picked":["Steam","Stack"],"picked":"Leap","floor":4},{"not_picked":["Beam Cell","FTL"],"picked":"Redo","floor":7},{"not_picked":["Chaos","Skim","Fission"],"picked":"SKIP","floor":8},{"not_picked":["Compile Driver","Streamline","Ball Lightning"],"picked":"SKIP","floor":10},{"not_picked":["Aggregate","Double Energy"],"picked":"Capacitor","floor":11},{"not_picked":["Fusion","Compile Driver"],"picked":"Barrage","floor":14},{"not_picked":["Amplify","Hyperbeam"],"picked":"Multi-Cast","floor":16},{"not_picked":["Leap+1","Fusion"],"picked":"Conserve Battery+1","floor":18},{"not_picked":["Beam Cell","Gash"],"picked":"Leap","floor":19}],"player_experience":2611621,"relics_obtained":[{"floor":8,"key":"Shovel"},{"floor":9,"key":"Matryoshka"},{"floor":10,"key":"Bottled Lightning"},{"floor":12,"key":"Nunchaku"},{"floor":14,"key":"Pen Nib"},{"floor":15,"key":"DataDisk"},{"floor":23,"key":"MawBank"},{"floor":23,"key":"Bottled Tornado"}],"event_choices":[{"cards_removed":["Strike_B"],"damage_healed":0,"gold_gain":0,"player_choice":"Purged","damage_taken":0,"max_hp_gain":0,"max_hp_loss":0,"event_name":"Purifier","floor":2,"gold_loss":0},{"damage_healed":0,"gold_gain":0,"player_choice":"Forge","damage_taken":0,"max_hp_gain":0,"max_hp_loss":0,"event_name":"Accursed Blacksmith","floor":13,"gold_loss":0,"cards_upgraded":["Consume"]},{"damage_healed":0,"gold_gain":0,"player_choice":"Simplicity","damage_taken":0,"max_hp_gain":0,"max_hp_loss":0,"event_name":"Back to Basics","floor":20,"gold_loss":0,"cards_upgraded":["Strike_B","Strike_B","Defend_B","Defend_B","Defend_B","Defend_B"]},{"damage_healed":0,"gold_gain":0,"player_choice":"Fight","damage_taken":0,"max_hp_gain":0,"max_hp_loss":0,"event_name":"Colosseum","floor":22,"gold_loss":0},{"damage_healed":0,"gold_gain":0,"player_choice":"Fled From Nobs","damage_taken":0,"max_hp_gain":0,"max_hp_loss":0,"event_name":"Colosseum","floor":22,"gold_loss":0}],"is_beta":false,"boss_relics":[{"not_picked":["Empty Cage","Lizard Tail"],"picked":"Philosopher\u0027s Stone"}],"items_purged_floors":[5],"is_endless":false,"potions_floor_spawned":[4,10,14],"killed_by":"Gremlin Leader","ascension_level":5}