{"gold_per_floor":[113,93,56,66,83,83,94,126,176,205,205,221,221,236,236,308,308,321,321,334,334],"floor_reached":21,"playtime":1673,"items_purged":[],"score":382,"play_id":"6acfdc9d-69bd-44d7-b003-f4d0e176d8e8","local_time":"20190423120926","is_ascension_mode":true,"campfire_choices":[{"floor":6,"key":"REST"},{"floor":13,"key":"REST"},{"floor":15,"key":"REST"}],"neow_cost":"NONE","seed_source_timestamp":1182931354476864,"circlet_count":0,"master_deck":["AscendersBane","Survivor","Neutralize","Tools of the Trade","Deadly Poison","Eviscerate","All Out Attack","Underhanded Strike","Calculated Gamble","Noxious Fumes","Footwork+1","Leg Sweep","Bullet Time","Deflect","Grand Finale","Night Terror","Choke","Endless Agony","Envenom","Noxious Fumes","Poisoned Stab","All Out Attack","Riddle With Holes","Catalyst","Decay","Well Laid Plans"],"relics":["Ring of the Snake","Ninja Scroll","Bag of Marbles","Smiling Mask","Pandora\u0027s Box"],"potions_floor_usage":[7,8,10,10,12,12,18],"damage_taken":[{"damage":4,"enemies":"Small Slimes","floor":1,"turns":4},{"damage":14,"enemies":"Cultist","floor":4,"turns":6},{"damage":3,"enemies":"2 Louse","floor":5,"turns":2},{"damage":0,"enemies":"2 Fungi Beasts","floor":7,"turns":3},{"damage":37,"enemies":"Lagavulin","floor":8,"turns":7},{"damage":12,"enemies":"3 Sentries","floor":10,"turns":7},{"damage":0,"enemies":"Gremlin Gang","floor":12,"turns":1},{"damage":5,"enemies":"Blue Slaver","floor":14,"turns":4},{"damage":6,"enemies":"The Guardian","floor":16,"turns":14},{"damage":5,"enemies":"2 Thieves","floor":18,"turns":4},{"damage":43,"enemies":"Spheric Guardian","floor":20,"turns":6},{"damage":17,"enemies":"Shelled Parasite and Fungi","floor":21,"turns":1}],"seed_played":"5103502373107066928","potions_obtained":[{"floor":2,"key":"GamblersBrew"},{"floor":7,"key":"EntropicBrew"},{"floor":10,"key":"EntropicBrew"},{"floor":16,"key":"SkillPotion"}],"is_trial":false,"path_per_floor":["M","?","$","M","M","R","M","E","T","E","?","M","R","M","R","B",null,"M","?","M","M"],"character_chosen":"THE_SILENT","items_purchased":["Eviscerate"],"campfire_rested":3,"item_purchase_floors":[3],"current_hp_per_floor":[55,55,55,41,38,57,57,20,20,8,8,8,27,22,41,35,58,53,53,10,0],"gold":334,"neow_bonus":"ONE_RANDOM_RARE_CARD","is_prod":false,"is_daily":false,"chose_seed":false,"campfire_upgraded":0,"win_rate":0,"timestamp":1556035766,"path_taken":["M","?","$","M","M","R","?","E","T","E","?","M","R","M","R","BOSS","M","?","M","?"],"build_version":"2019-01-23","purchased_purges":0,"victory":false,"max_hp_per_floor":[66,66,66,66,66,66,66,66,66,66,66,66,66,66,66,66,66,66,66,66,66],"card_choices":[{"not_picked":["Bane","Flying Knee"],"picked":"Deadly Poison","floor":1},{"not_picked":["Quick Slash","Blade Dance"],"picked":"All Out Attack","floor":4},{"not_picked":["Skewer","Acrobatics"],"picked":"Underhanded Strike","floor":5},{"not_picked":["Deadly Poison","Blade Dance"],"picked":"Calculated Gamble","floor":7},{"not_picked":["Slice","Backflip"],"picked":"Noxious Fumes","floor":8},{"not_picked":["Dodge and Roll","Heel Hook"],"picked":"Footwork","floor":10},{"not_picked":["Blade Dance","Skewer","Dodge and Roll"],"picked":"SKIP","floor":12},{"not_picked":["Slice","Die Die Die"],"picked":"Leg Sweep","floor":14},{"not_picked":["Tools of the Trade","Envenom"],"picked":"Bullet Time","floor":16},{"not_picked":["Blade Dance","PiercingWail"],"picked":"Catalyst","floor":18},{"not_picked":["Prepared","Dagger Spray"],"picked":"Well Laid Plans","floor":20}],"player_experience":3472570,"relics_obtained":[{"floor":8,"key":"Ninja Scroll"},{"floor":9,"key":"Bag of Marbles"},{"floor":10,"key":"Smiling Mask"}],"event_choices":[{"damage_healed":0,"gold_gain":0,"player_choice":"Bought 1 Potion","damage_taken":0,"max_hp_gain":0,"max_hp_loss":0,"event_name":"The Woman in Blue","floor":2,"gold_loss":0},{"damage_healed":0,"gold_gain":0,"player_choice":"Grow","damage_taken":0,"max_hp_gain":0,"max_hp_loss":0,"event_name":"Living Wall","floor":11,"gold_loss":0,"cards_upgraded":["Footwork"]},{"damage_healed":0,"gold_gain":0,"player_choice":"Cursed","damage_taken":0,"max_hp_gain":0,"max_hp_loss":0,"event_name":"Wheel of Change","floor":19,"gold_loss":0,"cards_obtained":["Decay"]}],"is_beta":false,"boss_relics":[{"not_picked":["Black Star","Cursed Key"],"picked":"Pandora\u0027s Box"}],"items_purged_floors":[],"is_endless":false,"potions_floor_spawned":[7,10,16],"killed_by":"Shelled Parasite and Fungi","ascension_level":20}