{"gold_per_floor":[114,129,129,129,148,216,254,254,304,13,51,89,127,202,202,327,327,346,271,290,43,62,100,138,476,476,495,495,3,3,41,41,166,166,185,204,223,223,242,280,318,337,337,375,394,432,432,451,451,451],"floor_reached":51,"playtime":3748,"items_purged":[],"score":1183,"play_id":"b0bf0efb-4651-4ff4-9f97-e9352410a417","local_time":"20190612115849","daily_mods":["Insanity","Flight","Terminal"],"is_ascension_mode":false,"campfire_choices":[{"data":"Battle Trance","floor":8,"key":"SMITH"},{"data":"Seeing Red","floor":15,"key":"SMITH"},{"data":"Barricade","floor":28,"key":"SMITH"},{"data":"Battle Trance","floor":30,"key":"SMITH"},{"data":"Spot Weakness","floor":32,"key":"SMITH"},{"floor":49,"key":"REST"}],"neow_cost":"","seed_source_timestamp":0,"circlet_count":0,"master_deck":["Shrug It Off","Spot Weakness+1","Sentinel","Shrug It Off","Warcry","Headbutt","Uppercut","Anger","Flex","Thunderclap","Heavy Blade","Heavy Blade","Clothesline","Sentinel","Heavy Blade","Sever Soul","Perfected Strike","Burning Pact","Reckless Charge","Pummel","Warcry","Whirlwind","Disarm","Body Slam","Metallicize+1","Perfected Strike","Perfected Strike","Warcry","Clash","Perfected Strike","Anger","Perfected Strike","Wild Strike","Body Slam","Perfected Strike","Fire Breathing","Anger","Perfected Strike","Sword Boomerang","Pummel","Warcry","Burning Pact","Combust","Pommel Strike","Clothesline","Sword Boomerang","Body Slam","Anger","Body Slam","Burning Pact","Disarm","Seeing Red+1","Battle Trance+1","Reaper","Feel No Pain","Reaper+1","Feed+1","Decay","Injury","Battle Trance+1","Twin Strike+1","Headbutt+1","Barricade+1","Spot Weakness","True Grit+1","Headbutt+1","Shrug It Off","Pummel+1","Impervious","Armaments+1","Metallicize+1","Feel No Pain+1","Parasite","Corruption+1","Shrug It Off+1","Iron Wave+1","Inflame"],"special_seed":18059,"relics":["Burning Blood","Golden Idol","Tiny Chest","Bag of Marbles","PreservedInsect","Bottled Lightning","Du-Vu Doll","Bottled Tornado","Molten Egg 2","Calling Bell","Red Skull","Dodecahedron","Mango","Lee\u0027s Waffle","Centennial Puzzle","Bottled Flame","Old Coin","Orichalcum","Lantern","Mercury Hourglass","Oddly Smooth Stone","White Beast Statue","Pen Nib","Anchor","Sundial","Letter Opener","Boot"],"potions_floor_usage":[7,12,24,33,33,37,40,41,42,44,45,46,46,50,50,50],"damage_taken":[{"damage":3,"enemies":"Jaw Worm","floor":1,"turns":4},{"damage":0,"enemies":"2 Louse","floor":2,"turns":1},{"damage":0,"enemies":"Cultist","floor":5,"turns":2},{"damage":6,"enemies":"Lagavulin","floor":6,"turns":4},{"damage":9,"enemies":"3 Sentries","floor":7,"turns":5},{"damage":0,"enemies":"Gremlin Nob","floor":11,"turns":2},{"damage":4,"enemies":"3 Sentries","floor":12,"turns":4},{"damage":0,"enemies":"Lagavulin","floor":13,"turns":2},{"damage":9,"enemies":"Hexaghost","floor":16,"turns":9},{"damage":3,"enemies":"2 Thieves","floor":18,"turns":4},{"damage":0,"enemies":"Shell Parasite","floor":20,"turns":3},{"damage":10,"enemies":"Centurion and Healer","floor":22,"turns":9},{"damage":8,"enemies":"Slavers","floor":23,"turns":9},{"damage":0,"enemies":"Book of Stabbing","floor":24,"turns":4},{"damage":2,"enemies":"Slavers","floor":25,"turns":2},{"damage":0,"enemies":"Shelled Parasite and Fungi","floor":27,"turns":4},{"damage":1,"enemies":"Book of Stabbing","floor":31,"turns":4},{"damage":26,"enemies":"Automaton","floor":33,"turns":9},{"damage":0,"enemies":"Orb Walker","floor":35,"turns":1},{"damage":9,"enemies":"3 Darklings","floor":36,"turns":5},{"damage":0,"enemies":"Jaw Worm Horde","floor":37,"turns":3},{"damage":0,"enemies":"Sphere and 2 Shapes","floor":39,"turns":4},{"damage":30,"enemies":"Nemesis","floor":40,"turns":9},{"damage":53,"enemies":"Giant Head","floor":41,"turns":10},{"damage":0,"enemies":"Writhing Mass","floor":42,"turns":13},{"damage":26,"enemies":"Nemesis","floor":44,"turns":3},{"damage":0,"enemies":"Jaw Worm Horde","floor":45,"turns":3},{"damage":20,"enemies":"Reptomancer","floor":46,"turns":3},{"damage":0,"enemies":"Transient","floor":48,"turns":5},{"damage":13,"enemies":"Awakened One","floor":50,"turns":13}],"seed_played":"3787380663282676201","potions_obtained":[{"floor":2,"key":"Explosive Potion"},{"floor":6,"key":"PowerPotion"},{"floor":11,"key":"SkillPotion"},{"floor":13,"key":"Swift Potion"},{"floor":20,"key":"FairyPotion"},{"floor":24,"key":"EssenceOfSteel"},{"floor":25,"key":"BloodPotion"},{"floor":31,"key":"Fire Potion"},{"floor":35,"key":"Regen Potion"},{"floor":36,"key":"PowerPotion"},{"floor":37,"key":"SteroidPotion"},{"floor":39,"key":"Strength Potion"},{"floor":40,"key":"Weak Potion"},{"floor":41,"key":"AttackPotion"},{"floor":42,"key":"BloodPotion"},{"floor":44,"key":"Ancient Potion"},{"floor":45,"key":"EssenceOfSteel"},{"floor":46,"key":"Ancient Potion"},{"floor":48,"key":"Dexterity Potion"}],"is_trial":false,"path_per_floor":["M","M","?","?","M","E","E","R","T","$","E","E","E","?","R","B",null,"M","?","M","$","M","E","E","E","T","M","R","$","R","E","R","B",null,"M","M","M","$","M","E","E","M","T","E","M","E","?","M","R","B",null],"character_chosen":"IRONCLAD","items_purchased":["Bottled Lightning","Feel No Pain","Lee\u0027s Waffle","Headbutt+1","Lantern","Mercury Hourglass","Headbutt+1","Shrug It Off"],"campfire_rested":1,"item_purchase_floors":[10,10,21,21,29,29,29,29],"current_hp_per_floor":[78,77,58,58,64,64,61,61,61,61,67,67,66,55,55,52,76,75,74,73,79,82,85,84,87,86,89,88,87,86,85,84,64,82,85,84,87,86,89,84,37,56,56,48,58,61,61,67,91,94],"gold":451,"neow_bonus":"","is_prod":false,"is_daily":true,"chose_seed":false,"campfire_upgraded":5,"win_rate":0,"timestamp":1560355129,"path_taken":["M","M","?","?","?","E","E","R","T","$","E","E","E","?","R","BOSS","M","?","M","$","M","E","E","E","T","M","R","$","R","E","R","BOSS","M","M","M","$","M","E","E","M","T","E","M","E","?","M","R","BOSS"],"build_version":"2019-01-23","purchased_purges":0,"victory":true,"max_hp_per_floor":[78,77,76,75,74,73,72,71,70,69,68,67,66,65,64,63,76,75,74,73,79,82,85,84,87,86,89,88,87,86,85,84,83,82,85,84,87,86,89,92,91,90,89,92,95,94,93,92,91,94],"card_choices":[{"not_picked":["Clothesline","Flex"],"picked":"Burning Pact","floor":1},{"not_picked":["Armaments","Body Slam"],"picked":"Disarm","floor":2},{"not_picked":["Sentinel","Second Wind"],"picked":"Seeing Red","floor":5},{"not_picked":["Seeing Red","Armaments"],"picked":"Battle Trance","floor":6},{"not_picked":["Flex","Bloodletting"],"picked":"Reaper","floor":7},{"not_picked":["Perfected Strike","Flex","Wild Strike"],"picked":"SKIP","floor":11},{"not_picked":["Iron Wave","Combust","Body Slam"],"picked":"SKIP","floor":12},{"not_picked":["Anger","Second Wind"],"picked":"Reaper","floor":13},{"not_picked":["Reaper+1","Berserk"],"picked":"Feed+1","floor":16},{"not_picked":["Twin Strike+1","Pommel Strike+1"],"picked":"Battle Trance","floor":18},{"not_picked":["Flex","Iron Wave+1"],"picked":"Twin Strike+1","floor":20},{"not_picked":["Pommel Strike+1","Heavy Blade+1","Fire Breathing"],"picked":"SKIP","floor":22},{"not_picked":["Searing Blow+1","Warcry","Intimidate"],"picked":"SKIP","floor":23},{"not_picked":["Burning Pact","Havoc"],"picked":"Barricade","floor":24},{"not_picked":["Perfected Strike+1","Uppercut+1"],"picked":"Spot Weakness","floor":25},{"not_picked":["Dropkick+1","Second Wind"],"picked":"True Grit+1","floor":27},{"not_picked":["Perfected Strike+1","Sever Soul+1"],"picked":"Pummel+1","floor":31},{"not_picked":["Berserk","Offering"],"picked":"Impervious","floor":33},{"not_picked":["Perfected Strike+1","Havoc","Wild Strike+1"],"picked":"SKIP","floor":35},{"not_picked":["Twin Strike+1","Feel No Pain"],"picked":"Armaments+1","floor":36},{"not_picked":["Twin Strike+1","True Grit","Anger+1"],"picked":"SKIP","floor":37},{"not_picked":["Carnage+1","Clothesline+1"],"picked":"Metallicize+1","floor":39},{"not_picked":["Body Slam+1","Shrug It Off","Bludgeon+1"],"picked":"SKIP","floor":40},{"not_picked":["Wild Strike+1","Clash+1"],"picked":"Feel No Pain+1","floor":41},{"not_picked":["Combust+1","Warcry+1","Heavy Blade+1"],"picked":"SKIP","floor":42},{"not_picked":["Twin Strike+1","Cleave+1"],"picked":"Corruption+1","floor":44},{"not_picked":["Metallicize","Wild Strike+1"],"picked":"Shrug It Off+1","floor":45},{"not_picked":["Body Slam+1","Cleave+1"],"picked":"Iron Wave+1","floor":46},{"not_picked":["Havoc+1","Pommel Strike+1","Infernal Blade"],"picked":"SKIP","floor":48}],"player_experience":3740195,"relics_obtained":[{"floor":6,"key":"Tiny Chest"},{"floor":7,"key":"Bag of Marbles"},{"floor":9,"key":"PreservedInsect"},{"floor":11,"key":"Du-Vu Doll"},{"floor":12,"key":"Bottled Tornado"},{"floor":13,"key":"Molten Egg 2"},{"floor":17,"key":"Red Skull"},{"floor":17,"key":"Dodecahedron"},{"floor":17,"key":"Mango"},{"floor":23,"key":"Centennial Puzzle"},{"floor":24,"key":"Bottled Flame"},{"floor":25,"key":"Old Coin"},{"floor":26,"key":"Orichalcum"},{"floor":31,"key":"Oddly Smooth Stone"},{"floor":40,"key":"Pen Nib"},{"floor":41,"key":"Anchor"},{"floor":43,"key":"Sundial"},{"floor":44,"key":"Letter Opener"},{"floor":46,"key":"Boot"}],"event_choices":[{"damage_healed":0,"gold_gain":0,"player_choice":"Take Damage","damage_taken":19,"relics_obtained":["Golden Idol"],"max_hp_gain":0,"max_hp_loss":0,"event_name":"Golden Idol","floor":3,"gold_loss":0},{"damage_healed":0,"gold_gain":0,"player_choice":"Upgraded","damage_taken":0,"max_hp_gain":0,"max_hp_loss":0,"event_name":"Upgrade Shrine","floor":4,"gold_loss":0,"cards_upgraded":["Metallicize"]},{"damage_healed":0,"gold_gain":75,"player_choice":"Gather Gold","damage_taken":11,"max_hp_gain":0,"max_hp_loss":0,"event_name":"World of Goop","floor":14,"gold_loss":0},{"cards_removed":["Pain"],"damage_healed":0,"gold_gain":0,"player_choice":"Gave Gold","damage_taken":0,"max_hp_gain":0,"max_hp_loss":0,"event_name":"Beggar","floor":19,"gold_loss":75},{"damage_healed":0,"gold_gain":0,"cards_transformed":["Rupture"],"player_choice":"Transformed","damage_taken":0,"max_hp_gain":0,"max_hp_loss":0,"event_name":"Transmorgrifier","floor":47,"gold_loss":0,"cards_obtained":["Inflame"]}],"is_beta":false,"boss_relics":[{"not_picked":["Fusion Hammer","Empty Cage"],"picked":"Calling Bell"},{"not_picked":["Orrery","Black Blood"],"picked":"White Beast Statue"}],"items_purged_floors":[],"is_endless":false,"potions_floor_spawned":[2,6,11,13,20,24,25,31,35,36,37,39,40,41,42,44,45,46,48],"ascension_level":0}