{"gold_per_floor":[113,0,13,13,32,32,42,72,142,156,156,173,173,173,173,271,271,286,286,286,303,323,323],"floor_reached":23,"playtime":863,"items_purged":[],"score":251,"play_id":"a5325f3b-949e-45d2-8079-d679c1ca1f98","local_time":"20190427190916","is_ascension_mode":true,"campfire_choices":[{"data":"Zap","floor":6,"key":"SMITH"},{"data":"Chaos","floor":11,"key":"SMITH"},{"data":"Dualcast","floor":13,"key":"SMITH"},{"floor":15,"key":"REST"}],"neow_cost":"NONE","seed_source_timestamp":264892017716099,"circlet_count":0,"master_deck":["Strike_B","Strike_B","Strike_B","Defend_B","Defend_B","Defend_B","Zap+1","Dualcast+1","Cold Snap","Capacitor","Chaos+1","Cold Snap","Reinforced Body","Reprogram","Cold Snap","Creative AI","Tempest","Machine Learning","Leap+1"],"relics":["Cracked Core","Oddly Smooth Stone","Calipers","Art of War","Nuclear Battery"],"potions_floor_usage":[8,8,16,22],"damage_taken":[{"damage":1,"enemies":"2 Louse","floor":1,"turns":2},{"damage":4,"enemies":"Jaw Worm","floor":3,"turns":3},{"damage":4,"enemies":"Cultist","floor":5,"turns":4},{"damage":0,"enemies":"2 Fungi Beasts","floor":7,"turns":3},{"damage":2,"enemies":"Lagavulin","floor":8,"turns":8},{"damage":3,"enemies":"3 Louse","floor":10,"turns":5},{"damage":0,"enemies":"Red Slaver","floor":12,"turns":5},{"damage":21,"enemies":"The Guardian","floor":16,"turns":13},{"damage":8,"enemies":"3 Byrds","floor":18,"turns":7},{"damage":0,"enemies":"Chosen","floor":21,"turns":4},{"damage":6,"enemies":"Snecko","floor":22,"turns":4},{"damage":54,"enemies":"Slavers","floor":23,"turns":4}],"seed_played":"7467604786119958203","potions_obtained":[{"floor":3,"key":"EssenceOfSteel"},{"floor":5,"key":"EssenceOfSteel"},{"floor":12,"key":"GamblersBrew"},{"floor":21,"key":"Weak Potion"}],"is_trial":false,"path_per_floor":["M","$","M","$","M","R","M","E","T","M","R","M","R","?","R","B",null,"M","?","?","M","M","E"],"character_chosen":"DEFECT","items_purchased":["Capacitor","Chaos"],"campfire_rested":1,"item_purchase_floors":[2,2],"current_hp_per_floor":[67,67,63,63,59,59,59,57,57,54,54,54,54,42,64,43,67,59,59,59,59,53,0],"gold":323,"neow_bonus":"RANDOM_COMMON_RELIC","is_prod":false,"is_daily":false,"chose_seed":false,"campfire_upgraded":3,"win_rate":0,"timestamp":1556406556,"path_taken":["M","$","M","$","M","R","M","E","T","M","R","M","R","?","R","BOSS","M","?","?","M","M","E"],"build_version":"2019-01-23","purchased_purges":0,"victory":false,"max_hp_per_floor":[75,75,75,75,75,75,75,75,75,75,75,75,75,75,75,75,75,75,75,75,75,75,75],"card_choices":[{"not_picked":["Steam","Redo"],"picked":"Cold Snap","floor":1},{"not_picked":["Stack","Doom and Gloom","Hologram"],"picked":"SKIP","floor":3},{"not_picked":["Redo","Coolheaded"],"picked":"Cold Snap","floor":5},{"not_picked":["Turbo","Hello World"],"picked":"Reinforced Body","floor":7},{"not_picked":["Double Energy","Stack"],"picked":"Reprogram","floor":8},{"not_picked":["Consume","Static Discharge"],"picked":"Cold Snap","floor":10},{"not_picked":["Rainbow","Static Discharge","Hologram"],"picked":"SKIP","floor":12},{"not_picked":["Fission","Hyperbeam"],"picked":"Creative AI","floor":16},{"not_picked":["Beam Cell","Stack","Static Discharge+1"],"picked":"SKIP","floor":18},{"not_picked":["Skim","Static Discharge","Aggregate"],"picked":"SKIP","floor":21},{"not_picked":["Hologram","Go for the Eyes"],"picked":"Leap+1","floor":22}],"player_experience":207695,"relics_obtained":[{"floor":8,"key":"Calipers"}],"event_choices":[{"damage_healed":0,"gold_gain":0,"player_choice":"Success","damage_taken":12,"relics_obtained":["Art of War"],"max_hp_gain":0,"max_hp_loss":0,"event_name":"Scrap Ooze","floor":14,"gold_loss":0},{"damage_healed":0,"gold_gain":0,"cards_transformed":["Defend_B","Strike_B"],"player_choice":"Became Test Subject","damage_taken":0,"max_hp_gain":0,"max_hp_loss":0,"event_name":"Drug Dealer","floor":19,"gold_loss":0,"cards_obtained":["Tempest","Machine Learning"]},{"damage_healed":0,"gold_gain":0,"player_choice":"Leave","damage_taken":0,"max_hp_gain":0,"max_hp_loss":0,"event_name":"FaceTrader","floor":20,"gold_loss":0}],"is_beta":false,"boss_relics":[{"not_picked":["Cursed Key","Velvet Choker"],"picked":"Nuclear Battery"}],"items_purged_floors":[],"is_endless":false,"potions_floor_spawned":[3,5,12,21],"killed_by":"Slavers","ascension_level":6}