{"path_per_floor":["M","M","$","?","?","R","M","R","T","R","M","$","E","?","R","B",null,"M","?","?","?","?","R","E","R","T","M","$","M","M","?","R"],"character_chosen":"THE_SILENT","items_purchased":["Footwork","Dexterity Potion","Backflip","Blur","War Paint"],"gold_per_floor":[115,134,11,11,11,11,30,30,55,55,72,45,76,176,176,271,271,282,282,282,207,207,207,235,235,292,310,11,25,42,42,42],"floor_reached":33,"campfire_rested":3,"playtime":3373,"current_hp_per_floor":[54,52,52,45,38,56,56,56,56,56,56,56,56,56,56,52,63,58,58,58,58,42,42,12,30,30,23,23,23,23,23,41],"items_purged":["Strike_G"],"gold":42,"score":286,"play_id":"238efd08-7481-4011-9c72-147a539e23e8","is_prod":false,"is_daily":false,"is_ascension_mode":false,"campfire_upgraded":4,"path_taken":["M","M","$","?","?","R","M","R","T","R","M","$","E","?","R","BOSS","M","?","?","?","?","R","E","R","T","M","?","M","M","?","R","BOSS"],"build_version":"2018-02-12-PROD1","purchased_purges":1,"victory":false,"master_deck":["Defend_G","Defend_G","Defend_G","Defend_G+1","Defend_G","Strike_G","Survivor","Neutralize+1","Expertise","Footwork+1","PiercingWail","Glass Knife+1","Backflip","Escape Plan","Tactician","Dagger Throw","Dagger Spray","Prepared+1","Acrobatics","Well Laid Plans","Calculated Gamble+1","Necronomicurse","Wraith Form","Dodge and Roll+1","Blur","Acrobatics"],"max_hp_per_floor":[63,63,63,63,63,63,63,63,63,63,63,63,63,63,63,63,63,63,63,63,63,63,63,63,63,63,63,63,63,63,63,63],"relics":["Ring of the Snake","Tingsha","Orichalcum","Dream Catcher","Juzu Bracelet","Orrery","Necronomicon","Calipers","Tiny Chest","War Paint"],"card_choices":[{"not_picked":["Crippling Poison","Catalyst"],"picked":"Expertise"},{"not_picked":["Masterful Stab","Underhanded Strike"],"picked":"PiercingWail"},{"not_picked":["Heel Hook","Dagger Throw"],"picked":"Glass Knife"},{"not_picked":["Expertise","Heel Hook"],"picked":"Escape Plan"},{"not_picked":["Venomology","Envenom"],"picked":"Tactician"},{"not_picked":["Poisoned Stab","PiercingWail"],"picked":"Dagger Throw"},{"not_picked":["Underhanded Strike","Sucker Punch"],"picked":"Dagger Spray"},{"not_picked":["Cloak And Dagger","Leg Sweep"],"picked":"Prepared"},{"not_picked":["Flying Knee","Slice"],"picked":"Acrobatics"},{"not_picked":["Deadly Poison","Concentrate"],"picked":"Well Laid Plans"},{"not_picked":["Poisoned Stab","Dodge and Roll"],"picked":"Wraith Form"},{"not_picked":["Poisoned Stab","Deflect"],"picked":"Dodge and Roll"},{"not_picked":["Cloak And Dagger","Outmaneuver"],"picked":"Acrobatics"}],"player_experience":735658,"potions_floor_usage":[13,16,16,18,29,33,33],"damage_taken":[{"damage":9,"enemies":"Jaw Worm","floor":1,"turns":6},{"damage":2,"enemies":"Small Slimes","floor":2,"turns":3},{"damage":0,"enemies":"2 Louse","floor":7,"turns":5},{"damage":0,"enemies":"Red Slaver","floor":11,"turns":8},{"damage":0,"enemies":"3 Sentries","floor":13,"turns":12},{"damage":4,"enemies":"The Guardian","floor":16,"turns":14},{"damage":5,"enemies":"3 Byrds","floor":18,"turns":8},{"damage":30,"enemies":"Slavers","floor":24,"turns":8},{"damage":7,"enemies":"2 Thieves","floor":27,"turns":3},{"damage":0,"enemies":"Centurion and Healer","floor":29,"turns":7},{"damage":0,"enemies":"Cultist and Chosen","floor":30,"turns":6},{"damage":42,"enemies":"Collector","floor":33,"turns":6}],"event_choices":[{"event_name":"Scrap Ooze","player_choice":"success","floor":4,"damage_taken":7},{"event_name":"Golden Wing","player_choice":"Card Removal","floor":5,"damage_taken":0},{"event_name":"Golden Shrine","player_choice":"Pray","floor":14,"damage_taken":0},{"event_name":"The Library","player_choice":"Read","floor":19,"damage_taken":0},{"event_name":"Purifier","player_choice":"One Purge","floor":20,"damage_taken":0},{"event_name":"Beggar","player_choice":"Gave Gold","floor":21,"damage_taken":0},{"event_name":"Cursed Tome","player_choice":"Obtained Book","floor":22,"damage_taken":0},{"event_name":"Vampires","player_choice":"Ignored","floor":31,"damage_taken":0}],"boss_relics":[{"not_picked":["Velvet Choker","Runic Pyramid"],"picked":"Orrery"}],"potions_floor_spawned":[1,2,13,24,27,30],"seed_played":"8488885919070200950","killed_by":"Collector","ascension_level":0,"is_trial":false}