{"gold_per_floor":[114,114,129,144,19,19,49,49,49,79,79,94,124,124,124,224,224,209,43,73,73,88,118,133,133,158,158,173,173,173,23,23,123,123,138,153,153,153,80,80,95,95,120,120,135,165,165,195,195,195],"floor_reached":51,"playtime":3304,"items_purged":["Strike_R","Strike_R+1"],"score":714,"play_id":"98a8214a-dd6f-43ec-b7d7-52eda7560eee","local_time":"20181202122511","daily_mods":["Heirloom","Blue Cards","Elite Swarm"],"is_ascension_mode":false,"campfire_choices":[{"data":"Uppercut","floor":6,"key":"SMITH"},{"data":"Juggernaut","floor":8,"key":"SMITH"},{"data":"Glacier","floor":11,"key":"SMITH"},{"data":"Echo Form","floor":15,"key":"SMITH"},{"data":"Chrysalis","floor":25,"key":"SMITH"},{"data":"Stack","floor":30,"key":"SMITH"},{"data":"Go for the Eyes","floor":32,"key":"SMITH"},{"data":"Coolheaded","floor":40,"key":"SMITH"},{"floor":42,"key":"REST"},{"data":"Impervious","floor":44,"key":"SMITH"},{"floor":47,"key":"REST"},{"data":"Seek","floor":49,"key":"SMITH"}],"neow_cost":"","seed_source_timestamp":0,"circlet_count":0,"master_deck":["Defend_R+1","Defend_R","Defend_R","Defend_R","Bash","Glacier+1","Go for the Eyes+1","Uppercut+1","Juggernaut+1","Echo Form+1","Impervious+1","Chrysalis+1","Glacier+1","Armaments+1","Power Through","Stack+1","Coolheaded+1","Seek+1","Buffer"],"special_seed":17867,"relics":["Black Blood","Calipers","Anchor","Red Skull","PreservedInsect","Orichalcum","Empty Cage","Tiny Chest","Paper Frog","Vajra","MutagenicStrength","Omamori","Incense Burner","Pear"],"potions_floor_usage":[7,7,16,18,23,33,41,41,46,46,50],"damage_taken":[{"damage":11,"enemies":"Jaw Worm","floor":1,"turns":3},{"damage":0,"enemies":"Small Slimes","floor":3,"turns":4},{"damage":0,"enemies":"Cultist","floor":4,"turns":3},{"damage":4,"enemies":"Gremlin Nob","floor":7,"turns":3},{"damage":6,"enemies":"Lagavulin","floor":10,"turns":5},{"damage":0,"enemies":"Exordium Thugs","floor":12,"turns":5},{"damage":4,"enemies":"Gremlin Nob","floor":13,"turns":3},{"damage":10,"enemies":"Hexaghost","floor":16,"turns":9},{"damage":2,"enemies":"2 Thieves","floor":18,"turns":4},{"damage":4,"enemies":"Shell Parasite","floor":22,"turns":5},{"damage":10,"enemies":"Gremlin Leader","floor":23,"turns":7},{"damage":6,"enemies":"Snake Plant","floor":24,"turns":5},{"damage":2,"enemies":"Snecko","floor":28,"turns":5},{"damage":16,"enemies":"Automaton","floor":33,"turns":13},{"damage":7,"enemies":"3 Shapes","floor":35,"turns":7},{"damage":17,"enemies":"3 Darklings","floor":36,"turns":6},{"damage":48,"enemies":"Transient","floor":41,"turns":5},{"damage":9,"enemies":"Sphere and 2 Shapes","floor":45,"turns":8},{"damage":32,"enemies":"Reptomancer","floor":46,"turns":5},{"damage":5,"enemies":"Giant Head","floor":48,"turns":9},{"damage":35,"enemies":"Donu and Deca","floor":50,"turns":18}],"seed_played":"-7513026677109115873","potions_obtained":[{"floor":1,"key":"FearPotion"},{"floor":3,"key":"Strength Potion"},{"floor":7,"key":"Block Potion"},{"floor":18,"key":"Explosive Potion"},{"floor":28,"key":"BloodPotion"},{"floor":36,"key":"Strength Potion"},{"floor":41,"key":"PowerPotion"},{"floor":45,"key":"Regen Potion"}],"is_trial":false,"path_per_floor":["M","?","M","M","$","R","E","R","T","E","R","M","E","?","R","B",null,"M","$","?","?","M","E","M","R","T","$","M","?","R","$","R","B",null,"M","M","?","?","$","R","M","R","T","R","M","E","R","E","R","B",null],"character_chosen":"IRONCLAD","items_purchased":["Explosive Potion","Chrysalis","Energy Potion","Coolheaded","Block Potion"],"campfire_rested":2,"item_purchase_floors":[5,19,31,39,39],"current_hp_per_floor":[75,59,65,71,71,71,73,73,73,73,73,79,80,73,73,69,80,80,80,80,80,80,76,76,76,76,76,80,80,80,80,80,70,80,80,73,73,73,73,73,42,64,64,64,65,57,76,86,86,61],"gold":195,"neow_bonus":"","is_prod":false,"is_daily":true,"chose_seed":false,"campfire_upgraded":10,"win_rate":0,"timestamp":1543771511,"path_taken":["M","?","M","M","$","R","E","R","T","E","R","M","E","?","R","BOSS","M","$","?","?","M","E","?","R","T","?","M","?","R","$","R","BOSS","M","M","?","?","$","R","M","R","T","R","M","E","R","E","R","BOSS"],"build_version":"2018-11-15","purchased_purges":2,"victory":true,"max_hp_per_floor":[80,80,80,80,80,80,80,80,80,80,80,80,80,80,80,80,80,80,80,80,80,80,80,80,80,80,80,80,80,80,80,80,80,80,80,80,76,76,76,76,76,76,76,76,76,76,76,86,86,86],"card_choices":[{"not_picked":["Double Energy","Spot Weakness"],"picked":"Glacier","floor":1},{"not_picked":["Clash","Barrage"],"picked":"Go for the Eyes","floor":3},{"not_picked":["Wild Strike","Perfected Strike"],"picked":"Uppercut","floor":4},{"not_picked":["Amplify","Thunder Strike"],"picked":"Juggernaut","floor":7},{"not_picked":["Biased Cognition","Amplify","Brutality"],"picked":"SKIP","floor":10},{"not_picked":["Headbutt","Barrage","Pummel"],"picked":"SKIP","floor":12},{"not_picked":["Fiend Fire","Hyperbeam"],"picked":"Echo Form","floor":13},{"not_picked":["Brutality","Echo Form"],"picked":"Impervious","floor":16},{"not_picked":["Redo","Clash","Cleave"],"picked":"SKIP","floor":18},{"not_picked":["Pommel Strike","Iron Wave"],"picked":"Armaments+1","floor":22},{"not_picked":["Meteor Strike","Bludgeon","All For One"],"picked":"SKIP","floor":23},{"not_picked":["Anger","Tempest"],"picked":"Power Through","floor":24},{"not_picked":["Twin Strike","Rage"],"picked":"Stack","floor":28},{"not_picked":["Warcry","Twin Strike+1","Defragment"],"picked":"SKIP","floor":35},{"not_picked":["Sever Soul+1","Flex","Power Through"],"picked":"SKIP","floor":36},{"not_picked":["Sword Boomerang+1","Twin Strike+1","Perfected Strike+1"],"picked":"SKIP","floor":41},{"not_picked":["Ball Lightning+1","Iron Wave+1","Flame Barrier+1"],"picked":"SKIP","floor":45},{"not_picked":["Impervious","Juggernaut"],"picked":"Seek","floor":46},{"not_picked":["Multi-Cast","Creative AI"],"picked":"Buffer","floor":48}],"player_experience":2607547,"relics_obtained":[{"floor":7,"key":"Anchor"},{"floor":9,"key":"Red Skull"},{"floor":10,"key":"PreservedInsect"},{"floor":13,"key":"Orichalcum"},{"floor":23,"key":"Paper Frog"},{"floor":26,"key":"Vajra"},{"floor":43,"key":"Omamori"},{"floor":46,"key":"Incense Burner"},{"floor":48,"key":"Pear"}],"event_choices":[{"damage_healed":0,"gold_gain":0,"player_choice":"Entered Light","damage_taken":16,"max_hp_gain":0,"max_hp_loss":0,"event_name":"Shining Light","floor":2,"gold_loss":0,"cards_upgraded":["Defend_R","Strike_R"]},{"cards_removed":["Strike_R"],"damage_healed":0,"gold_gain":0,"player_choice":"Card Removal","damage_taken":7,"max_hp_gain":0,"max_hp_loss":0,"event_name":"Golden Wing","floor":14,"gold_loss":0},{"damage_healed":0,"gold_gain":0,"player_choice":"Opened","damage_taken":0,"relics_obtained":["Tiny Chest"],"max_hp_gain":0,"max_hp_loss":0,"event_name":"The Mausoleum","floor":20,"gold_loss":0},{"damage_healed":0,"gold_gain":0,"player_choice":"Copied","damage_taken":0,"max_hp_gain":0,"max_hp_loss":0,"event_name":"Duplicator","floor":21,"gold_loss":0,"cards_obtained":["Glacier"]},{"damage_healed":0,"gold_gain":0,"player_choice":"Inject Mutagens","damage_taken":0,"relics_obtained":["MutagenicStrength"],"max_hp_gain":0,"max_hp_loss":0,"event_name":"Drug Dealer","floor":29,"gold_loss":0},{"damage_healed":0,"gold_gain":0,"player_choice":"Max HP","damage_taken":0,"max_hp_gain":0,"max_hp_loss":4,"event_name":"Winding Halls","floor":37,"gold_loss":0},{"damage_healed":0,"gold_gain":0,"player_choice":"Ignored","damage_taken":0,"max_hp_gain":0,"max_hp_loss":0,"event_name":"Tomb of Lord Red Mask","floor":38,"gold_loss":0}],"is_beta":false,"boss_relics":[{"not_picked":["Calling Bell","Tiny House"],"picked":"Empty Cage"},{"not_picked":["White Beast Statue","Velvet Choker"],"picked":"Black Blood"}],"items_purged_floors":[5,31],"is_endless":false,"potions_floor_spawned":[1,3,7,18,28,36,41,45],"ascension_level":0}