{"gold_per_floor":[115,115,265,265,265,265,306,117,140,178,196,235,256,275,275,365,365,383,14,35,59,82,82,118,118],"floor_reached":25,"playtime":1674,"items_purged":["Doubt","Strike_R"],"score":582,"play_id":"912faaec-2d0c-4fe9-988d-23c4a816bf09","local_time":"20190501162343","is_ascension_mode":true,"campfire_choices":[{"data":"Bash","floor":6,"key":"SMITH"},{"data":"Shockwave","floor":15,"key":"SMITH"},{"data":"True Grit","floor":23,"key":"SMITH"}],"neow_cost":"NONE","seed_source_timestamp":1889388238940735,"circlet_count":0,"master_deck":["AscendersBane","Strike_R","Defend_R","Defend_R+1","Defend_R","Defend_R","Bash+1","Anger+1","Reckless Charge","Bash","Flame Barrier","Perfected Strike","Shockwave+1","Metallicize+1","Ghostly Armor+1","Shrug It Off","Dark Embrace+1","Heavy Blade+1","Barricade+1","Impervious+1","Body Slam+1","Battle Trance+1","Inflame+1","True Grit+1","Metallicize+1"],"relics":["Burning Blood","NeowsBlessing","Golden Idol","Frozen Egg 2","Blood Vial","Regal Pillow","FossilizedHelix","Astrolabe","Omamori","War Paint"],"potions_floor_usage":[16,24,25],"damage_taken":[{"damage":0,"enemies":"Small Slimes","floor":1,"turns":1},{"damage":0,"enemies":"Lagavulin","floor":7,"turns":1},{"damage":0,"enemies":"Gremlin Nob","floor":10,"turns":1},{"damage":7,"enemies":"2 Louse","floor":11,"turns":2},{"damage":30,"enemies":"3 Sentries","floor":12,"turns":6},{"damage":0,"enemies":"Cultist","floor":13,"turns":3},{"damage":0,"enemies":"Blue Slaver","floor":14,"turns":5},{"damage":5,"enemies":"The Guardian","floor":16,"turns":15},{"damage":0,"enemies":"3 Byrds","floor":18,"turns":6},{"damage":0,"enemies":"Chosen","floor":20,"turns":4},{"damage":0,"enemies":"Snecko","floor":21,"turns":7},{"damage":8,"enemies":"Snake Plant","floor":22,"turns":5},{"damage":54,"enemies":"Book of Stabbing","floor":24,"turns":8},{"damage":28,"enemies":"Sentry and Sphere","floor":25,"turns":5}],"seed_played":"5896404208652023231","potions_obtained":[{"floor":1,"key":"SteroidPotion"},{"floor":22,"key":"Fire Potion"}],"is_trial":false,"path_per_floor":["M","?","?","?","?","R","E","$","T","E","M","E","M","M","R","B",null,"M","$","M","M","M","R","E","M"],"character_chosen":"IRONCLAD","items_purchased":["PowerPotion","Perfected Strike","PowerPotion","Omamori","Battle Trance"],"campfire_rested":0,"item_purchase_floors":[8,8,19,19,19],"current_hp_per_floor":[74,68,68,48,48,48,54,54,54,62,63,41,49,57,57,60,66,68,68,68,68,66,66,20,0],"gold":118,"neow_bonus":"THREE_ENEMY_KILL","is_prod":false,"is_daily":false,"chose_seed":false,"campfire_upgraded":3,"win_rate":0,"timestamp":1556742223,"path_taken":["M","?","?","?","?","R","E","$","T","E","M","E","M","?","R","BOSS","M","$","M","M","M","R","E","M"],"build_version":"2019-01-23","purchased_purges":2,"victory":false,"max_hp_per_floor":[75,68,68,68,68,68,68,68,68,68,68,68,68,68,68,68,68,68,68,68,68,68,68,68,68],"card_choices":[{"not_picked":["Bloodletting","Pummel"],"picked":"Anger","floor":1},{"not_picked":["Clothesline","Sword Boomerang"],"picked":"Flame Barrier","floor":7},{"not_picked":["Twin Strike","Havoc","Body Slam"],"picked":"SKIP","floor":10},{"not_picked":["Exhume","Iron Wave"],"picked":"Shockwave","floor":11},{"not_picked":["Clothesline","Perfected Strike"],"picked":"Metallicize+1","floor":12},{"not_picked":["Uppercut","Entrench"],"picked":"Ghostly Armor","floor":13},{"not_picked":["Infernal Blade","Warcry"],"picked":"Shrug It Off","floor":14},{"not_picked":["Brutality+1","Limit Break"],"picked":"Dark Embrace+1","floor":16},{"not_picked":["Heavy Blade","Corruption+1"],"picked":"Body Slam+1","floor":18},{"not_picked":["Iron Wave+1","Heavy Blade"],"picked":"Inflame+1","floor":20},{"not_picked":["Heavy Blade","Pummel"],"picked":"True Grit","floor":21},{"not_picked":["Havoc","Anger"],"picked":"Metallicize+1","floor":22},{"not_picked":["Barricade+1","Reckless Charge","Twin Strike"],"picked":"SKIP","floor":24}],"player_experience":3541838,"relics_obtained":[{"floor":7,"key":"Frozen Egg 2"},{"floor":9,"key":"Blood Vial"},{"floor":10,"key":"Regal Pillow"},{"floor":12,"key":"FossilizedHelix"},{"floor":24,"key":"War Paint"}],"event_choices":[{"damage_healed":0,"gold_gain":0,"player_choice":"Lose Max HP","damage_taken":0,"relics_obtained":["Golden Idol"],"max_hp_gain":0,"max_hp_loss":7,"event_name":"Golden Idol","floor":2,"gold_loss":0},{"damage_healed":0,"gold_gain":150,"player_choice":"AGREE","damage_taken":0,"max_hp_gain":0,"max_hp_loss":0,"event_name":"Liars Game","floor":3,"gold_loss":0,"cards_obtained":["Doubt"]},{"damage_healed":0,"gold_gain":0,"player_choice":"Entered Light","damage_taken":20,"max_hp_gain":0,"max_hp_loss":0,"event_name":"Shining Light","floor":4,"gold_loss":0,"cards_upgraded":["Defend_R","Anger"]},{"damage_healed":0,"gold_gain":0,"player_choice":"2 cards matched","damage_taken":0,"max_hp_gain":0,"max_hp_loss":0,"event_name":"Match and Keep!","floor":5,"gold_loss":0,"cards_obtained":["Reckless Charge","Bash"]}],"is_beta":false,"boss_relics":[{"not_picked":["Runic Dome","Eternal Feather"],"picked":"Astrolabe"}],"items_purged_floors":[8,19],"is_endless":false,"potions_floor_spawned":[1,12,20,21,22],"killed_by":"Sentry and Sphere","ascension_level":20}