{"path_per_floor":["M","?","?","M","?","E","M","R","T","M","M","R","$","M","R","B",null,"M","?","$","?","?","R","E","R","T","M","R","M","$","?","R","B",null,"M","?","M","M","M","R","M","$","T","M","R","?","R","M","R","B"],"character_chosen":"THE_SILENT","items_purchased":["Bandage Up","Malaise","Centennial Puzzle","Bag of Marbles","Finesse"],"gold_per_floor":[113,113,113,129,79,110,134,134,134,159,180,180,6,30,30,161,161,181,96,16,16,16,16,51,51,51,64,64,89,89,89,89,215,215,229,562,578,588,607,607,620,29,55,71,71,120,120,139,139,139],"floor_reached":51,"campfire_rested":2,"playtime":7149,"current_hp_per_floor":[70,70,65,65,65,49,48,48,48,46,46,46,46,46,46,35,65,57,57,57,57,57,57,47,47,47,47,47,47,47,47,47,34,65,62,62,56,40,43,62,64,64,64,61,61,48,48,46,65,48],"items_purged":["Strike_G","Writhe"],"gold":139,"score":492,"play_id":"32102ad7-6fa6-4dcd-a457-f90012b7d75b","is_prod":false,"is_daily":false,"is_ascension_mode":false,"campfire_upgraded":4,"path_taken":["M","?","?","M","?","E","M","R","T","M","M","R","$","M","R","BOSS","M","?","$","?","?","R","E","R","T","M","R","M","?","?","R","BOSS","M","?","?","M","M","R","M","$","T","M","R","?","R","M","R","BOSS"],"build_version":"2018-02-15-PROD1","purchased_purges":2,"victory":true,"master_deck":["Defend_G","Defend_G","Defend_G","Defend_G","Defend_G","Strike_G","Strike_G","Survivor","Neutralize+1","Poisoned Stab+1","Dagger Spray+1","Tactician","Noxious Fumes+1","Prepared","Bandage Up","Die Die Die","Backflip","Malaise+1","Backflip","Noxious Fumes","Dash","Crippling Poison+1","PiercingWail","Blur","Heel Hook+1","Prepared+1","Finesse","Calculated Gamble+1","Outmaneuver+1","Noxious Fumes+1"],"max_hp_per_floor":[70,70,65,65,65,65,65,65,65,65,65,65,65,65,65,65,65,65,65,65,65,65,65,65,65,65,65,65,65,65,65,65,65,65,65,65,65,65,65,65,65,65,65,65,65,65,65,65,65,65],"relics":["Ring of the Snake","Snake Skull","Meat on the Bone","Cursed Key","Shovel","Paper Crane","Pantograph","Happy Flower","Du-Vu Doll","Peace Pipe","Bottled Flame","Orrery","Centennial Puzzle","Bag of Marbles","Omamori","Frozen Eye"],"card_choices":[{"not_picked":["Outmaneuver","Expertise"],"picked":"Poisoned Stab"},{"not_picked":["Distraction","Deflect"],"picked":"Dagger Spray"},{"not_picked":["Flying Knee","Deadly Poison"],"picked":"Tactician"},{"not_picked":["Quick Slash","Slice"],"picked":"Noxious Fumes"},{"not_picked":["PiercingWail","Bane"],"picked":"Prepared"},{"not_picked":["Phantasmal Killer","Glass Knife"],"picked":"Die Die Die"},{"not_picked":["Sucker Punch","Deadly Poison"],"picked":"Backflip"},{"not_picked":["Poisoned Stab","Slice"],"picked":"Backflip"},{"not_picked":["Outmaneuver","Setup"],"picked":"Noxious Fumes"},{"not_picked":["PiercingWail","Flying Knee"],"picked":"Dash"},{"not_picked":["Deflect","Concentrate"],"picked":"Crippling Poison"},{"not_picked":["Endless Agony","Dagger Spray"],"picked":"PiercingWail"},{"not_picked":["Dodge and Roll","Finisher"],"picked":"Blur"},{"not_picked":["Bane","Distraction"],"picked":"Heel Hook"},{"not_picked":["Poisoned Stab","Deadly Poison"],"picked":"Prepared"},{"not_picked":["Quick Slash","Underhanded Strike"],"picked":"Calculated Gamble"},{"not_picked":["Escape Plan","Quick Slash"],"picked":"Outmaneuver"},{"not_picked":["PiercingWail","Bane"],"picked":"Noxious Fumes"}],"player_experience":750750,"potions_floor_usage":[6,18,33,38,39,50,50],"damage_taken":[{"damage":0,"enemies":"Small Slimes","floor":1,"turns":4},{"damage":0,"enemies":"Cultist","floor":4,"turns":4},{"damage":16,"enemies":"Lagavulin","floor":6,"turns":7},{"damage":1,"enemies":"2 Louse","floor":7,"turns":2},{"damage":2,"enemies":"Looter","floor":10,"turns":3},{"damage":0,"enemies":"2 Fungi Beasts","floor":11,"turns":3},{"damage":4,"enemies":"Blue Slaver","floor":14,"turns":3},{"damage":15,"enemies":"Slime Boss","floor":16,"turns":9},{"damage":8,"enemies":"Shell Parasite","floor":18,"turns":5},{"damage":14,"enemies":"Book of Stabbing","floor":24,"turns":7},{"damage":4,"enemies":"Chosen","floor":27,"turns":6},{"damage":4,"enemies":"Centurion and Healer","floor":29,"turns":8},{"damage":47,"enemies":"Automaton","floor":33,"turns":10},{"damage":3,"enemies":"3 Darklings","floor":35,"turns":5},{"damage":10,"enemies":"Orb Walker","floor":37,"turns":5},{"damage":20,"enemies":"4 Shapes","floor":38,"turns":5},{"damage":13,"enemies":"3 Darklings","floor":39,"turns":6},{"damage":2,"enemies":"Maw","floor":41,"turns":8},{"damage":7,"enemies":"4 Shapes","floor":44,"turns":6},{"damage":17,"enemies":"Mysterious Sphere","floor":46,"turns":5},{"damage":6,"enemies":"Sphere and 2 Shapes","floor":48,"turns":5},{"damage":21,"enemies":"Awakened One","floor":50,"turns":15}],"event_choices":[{"event_name":"Purifier","player_choice":"One Purge","floor":2,"damage_taken":0},{"event_name":"Golden Idol","player_choice":"Lose Max HP","floor":3,"damage_taken":0},{"event_name":"The Cleric","player_choice":"Card Removal","floor":5,"damage_taken":0},{"event_name":"Addict","player_choice":"Obtained Relic","floor":19,"damage_taken":0},{"event_name":"The Mausoleum","player_choice":"Yes","floor":21,"damage_taken":0},{"event_name":"Beggar","player_choice":"Ignored","floor":22,"damage_taken":0},{"event_name":"Vampires","player_choice":"Ignored","floor":31,"damage_taken":0},{"event_name":"The Moai Head","player_choice":"Gave Idol","floor":36,"damage_taken":0},{"event_name":"Mysterious Sphere","player_choice":"Fight","floor":46,"damage_taken":0}],"boss_relics":[{"not_picked":["Ectoplasm","Runic Dome"],"picked":"Cursed Key"},{"not_picked":["Eternal Feather","Tiny House"],"picked":"Orrery"}],"potions_floor_spawned":[4,7,29,33,35,38,44],"seed_played":"8629909356889833972","ascension_level":0,"is_trial":false}