{"gold_per_floor":[109,126,140,159,159,191,20,40,86,86,106,106,139,152,152,257,257,274,274,274,189,35,35,35],"floor_reached":24,"playtime":2169,"items_purged":[],"score":206,"play_id":"d567c5d0-2bea-44ef-9f9d-5f5fd8c12c3e","local_time":"20190712110550","is_ascension_mode":false,"campfire_choices":[{"floor":10,"key":"REST"},{"floor":12,"key":"REST"},{"floor":15,"key":"REST"},{"floor":23,"key":"REST"}],"neow_cost":"NONE","seed_source_timestamp":15559024440871,"circlet_count":0,"master_deck":["Strike_G","Strike_G","Strike_G","Strike_G","Strike_G","Defend_G","Defend_G","Defend_G","Defend_G","Defend_G","Survivor","Neutralize","PiercingWail","Dash","Envenom","Terror","Dodge and Roll","Footwork","Deadly Poison","Blade Dance","Adrenaline","Flying Knee","Endless Agony","Deflect","Envenom","Outmaneuver","RitualDagger","Noxious Fumes","Escape Plan"],"relics":["Ring of the Snake","Bag of Preparation","Snake Skull","Matryoshka","Runic Pyramid","Nilry\u0027s Codex","Oddly Smooth Stone"],"potions_floor_usage":[],"damage_taken":[{"damage":2,"enemies":"Small Slimes","floor":1,"turns":3},{"damage":0,"enemies":"Jaw Worm","floor":2,"turns":4},{"damage":0,"enemies":"2 Louse","floor":3,"turns":4},{"damage":11,"enemies":"Red Slaver","floor":4,"turns":5},{"damage":32,"enemies":"Lagavulin","floor":6,"turns":9},{"damage":7,"enemies":"Exordium Wildlife","floor":8,"turns":5},{"damage":0,"enemies":"2 Fungi Beasts","floor":11,"turns":4},{"damage":20,"enemies":"Gremlin Nob","floor":13,"turns":4},{"damage":0,"enemies":"3 Louse","floor":14,"turns":4},{"damage":40,"enemies":"Hexaghost","floor":16,"turns":10},{"damage":37,"enemies":"Spheric Guardian","floor":18,"turns":10},{"damage":50,"enemies":"Slavers","floor":24,"turns":3}],"seed_played":"4574148758545607039","potions_obtained":[{"floor":3,"key":"SmokeBomb"},{"floor":6,"key":"Energy Potion"},{"floor":8,"key":"GhostInAJar"},{"floor":14,"key":"GamblersBrew"}],"is_trial":false,"path_per_floor":["M","M","M","M","?","E","$","M","T","R","M","R","E","M","R","B",null,"M","?","?","?","$","R","E"],"character_chosen":"THE_SILENT","items_purchased":["Footwork","Deadly Poison","Blade Dance","Noxious Fumes","Escape Plan"],"campfire_rested":4,"item_purchase_floors":[7,7,7,22,22],"current_hp_per_floor":[75,75,75,64,64,32,32,25,25,48,48,71,51,51,74,34,77,40,24,18,18,18,41,0],"gold":35,"neow_bonus":"TEN_PERCENT_HP_BONUS","is_prod":false,"is_daily":false,"chose_seed":false,"campfire_upgraded":0,"win_rate":0.0,"timestamp":1562922350,"path_taken":["M","M","M","M","?","E","$","M","T","R","M","R","E","M","R","BOSS","M","?","?","?","?","R","E"],"build_version":"2019-07-05","purchased_purges":0,"victory":false,"max_hp_per_floor":[77,77,77,77,77,77,77,77,77,77,77,77,77,77,77,77,77,77,77,77,77,77,77,77],"card_choices":[{"not_picked":["Underhanded Strike","Sucker Punch"],"picked":"PiercingWail","floor":1},{"not_picked":["Caltrops","Backflip"],"picked":"Dash","floor":2},{"not_picked":["Caltrops","Slice"],"picked":"Envenom","floor":3},{"not_picked":["Eviscerate","Blade Dance"],"picked":"Terror","floor":4},{"not_picked":["Deflect","Flying Knee"],"picked":"Dodge and Roll","floor":6},{"not_picked":["Outmaneuver","All Out Attack"],"picked":"Adrenaline","floor":8},{"not_picked":["Sucker Punch","Quick Slash"],"picked":"Flying Knee","floor":11},{"not_picked":["Dagger Throw","Outmaneuver"],"picked":"Endless Agony","floor":13},{"not_picked":["Escape Plan","Poisoned Stab"],"picked":"Deflect","floor":14},{"not_picked":["Adrenaline","After Image"],"picked":"Envenom","floor":16},{"not_picked":["Quick Slash+1","Choke+1"],"picked":"Outmaneuver","floor":18}],"player_experience":112102,"relics_obtained":[{"floor":6,"key":"Bag of Preparation"},{"floor":9,"key":"Snake Skull"},{"floor":13,"key":"Matryoshka"},{"floor":19,"key":"Nilry\u0027s Codex"}],"event_choices":[{"damage_healed":0,"gold_gain":0,"player_choice":"Ignored","damage_taken":0,"max_hp_gain":0,"max_hp_loss":0,"event_name":"Golden Idol","floor":5,"gold_loss":0},{"damage_healed":0,"gold_gain":0,"player_choice":"Obtained Book","damage_taken":16,"max_hp_gain":0,"max_hp_loss":0,"event_name":"Cursed Tome","floor":19,"gold_loss":0},{"damage_healed":0,"gold_gain":0,"player_choice":"Joined the Cult","damage_taken":6,"max_hp_gain":0,"max_hp_loss":0,"event_name":"Nest","floor":20,"gold_loss":0,"cards_obtained":["RitualDagger"]},{"damage_healed":0,"gold_gain":0,"player_choice":"Obtained Relic","damage_taken":0,"relics_obtained":["Oddly Smooth Stone"],"max_hp_gain":0,"max_hp_loss":0,"event_name":"Addict","floor":21,"gold_loss":85}],"is_beta":false,"boss_relics":[{"not_picked":["Ectoplasm","Astrolabe"],"picked":"Runic Pyramid"}],"items_purged_floors":[],"is_endless":false,"potions_floor_spawned":[3,6,8,14],"killed_by":"Slavers","ascension_level":0}