{"gold_per_floor":[116,127,277,277,277,277,23,43,43,77,77,90,100,40,40,112,112,122,136,136],"floor_reached":20,"playtime":1207,"items_purged":["Doubt"],"score":364,"play_id":"56b0fdda-907f-4701-a651-3007ebde870a","local_time":"20181114005625","is_ascension_mode":true,"campfire_choices":[{"data":"Poisoned Stab","floor":6,"key":"SMITH"},{"floor":11,"key":"REST"},{"floor":15,"key":"REST"}],"neow_cost":"NONE","seed_source_timestamp":8492735097630,"circlet_count":0,"master_deck":["AscendersBane","Defend_G","Defend_G","Defend_G","Defend_G","Defend_G","Strike_G","Strike_G","Strike_G","Strike_G","Strike_G","Survivor","Neutralize","Poisoned Stab+1","Flying Knee","Crippling Poison","PiercingWail","Adrenaline","Blur","Dodge and Roll+1"],"relics":["Ring of the Snake","The Courier","Boot","Oddly Smooth Stone","Pear","PreservedInsect","Snecko Eye"],"potions_floor_usage":[16,16],"damage_taken":[{"damage":12,"enemies":"Jaw Worm","floor":1,"turns":7},{"damage":0,"enemies":"2 Louse","floor":2,"turns":3},{"damage":5,"enemies":"Small Slimes","floor":8,"turns":5},{"damage":57,"enemies":"Lagavulin","floor":10,"turns":9},{"damage":3,"enemies":"Blue Slaver","floor":12,"turns":4},{"damage":7,"enemies":"Looter","floor":13,"turns":3},{"damage":43,"enemies":"The Guardian","floor":16,"turns":15},{"damage":6,"enemies":"3 Byrds","floor":18,"turns":5},{"damage":17,"enemies":"Spheric Guardian","floor":19,"turns":7},{"damage":57,"enemies":"3 Cultists","floor":20,"turns":6}],"seed_played":"-3944464553820692277","potions_obtained":[{"floor":12,"key":"FearPotion"},{"floor":13,"key":"Dexterity Potion"}],"is_trial":false,"path_per_floor":["M","M","?","?","?","R","$","M","T","E","R","M","M","$","R","B",null,"M","M","M"],"character_chosen":"THE_SILENT","items_purchased":["Boot","Oddly Smooth Stone"],"campfire_rested":2,"item_purchase_floors":[7,7],"current_hp_per_floor":[47,47,47,21,76,76,76,71,81,24,49,46,39,39,64,21,70,64,47,0],"gold":136,"neow_bonus":"ONE_RANDOM_RARE_CARD","is_prod":false,"is_daily":false,"chose_seed":false,"campfire_upgraded":1,"win_rate":0,"timestamp":1542174985,"path_taken":["M","M","?","?","?","R","$","M","T","E","R","M","M","$","R","BOSS","M","M","M"],"build_version":"2018-11-08","purchased_purges":1,"victory":false,"max_hp_per_floor":[66,66,66,66,76,76,76,76,86,86,86,86,86,86,86,86,86,86,86,86],"card_choices":[{"not_picked":["Acrobatics","Prepared","Dodge and Roll"],"picked":"SKIP","floor":1},{"not_picked":["Flying Knee","Choke"],"picked":"Poisoned Stab","floor":2},{"not_picked":["Outmaneuver","Slice"],"picked":"Flying Knee","floor":8},{"not_picked":["Dagger Spray","PiercingWail"],"picked":"Crippling Poison","floor":10},{"not_picked":["Crippling Poison","Distraction","Finisher"],"picked":"SKIP","floor":12},{"not_picked":["Dagger Throw","Blade Dance"],"picked":"PiercingWail","floor":13},{"not_picked":["Doppelganger","Die Die Die"],"picked":"Adrenaline","floor":16},{"not_picked":["Outmaneuver+1","Bane"],"picked":"Blur","floor":18},{"not_picked":["Catalyst","Reflex"],"picked":"Dodge and Roll+1","floor":19}],"player_experience":2281341,"relics_obtained":[{"floor":9,"key":"Pear"},{"floor":10,"key":"PreservedInsect"}],"event_choices":[{"damage_healed":0,"gold_gain":150,"player_choice":"AGREE","damage_taken":0,"max_hp_gain":0,"max_hp_loss":0,"event_name":"Liars Game","floor":3,"gold_loss":0,"cards_obtained":["Doubt"]},{"damage_healed":0,"gold_gain":0,"player_choice":"Success","damage_taken":26,"relics_obtained":["The Courier"],"max_hp_gain":0,"max_hp_loss":0,"event_name":"Scrap Ooze","floor":4,"gold_loss":0},{"cards_removed":["Wraith Form v2"],"damage_healed":45,"gold_gain":0,"player_choice":"Offered Rare","damage_taken":0,"max_hp_gain":10,"max_hp_loss":0,"event_name":"Bonfire Elementals","floor":5,"gold_loss":0}],"is_beta":false,"boss_relics":[{"not_picked":["Black Star","HoveringKite"],"picked":"Snecko Eye"}],"items_purged_floors":[14],"is_endless":false,"potions_floor_spawned":[12,13],"killed_by":"3 Cultists","ascension_level":19}