{"gold_per_floor":[119,119,137,137,87,114,114,132,159,159,159,172,172,97,97,198,198,208,208,208,225,125,125,125,143,193,193],"floor_reached":27,"playtime":1090,"items_purged":["Defend_R","Defend_R"],"score":261,"play_id":"859e0e85-db54-4888-8c2c-e089ef893250","local_time":"20190721014913","is_ascension_mode":true,"campfire_choices":[{"floor":7,"key":"REST"},{"data":"Uppercut","floor":10,"key":"SMITH"},{"data":"Shrug It Off","floor":13,"key":"SMITH"},{"data":"Bash","floor":15,"key":"SMITH"},{"data":"Demon Form","floor":23,"key":"SMITH"}],"neow_cost":"NONE","seed_source_timestamp":280346977439169,"circlet_count":0,"master_deck":["Strike_R+1","Strike_R+1","Strike_R+1","Defend_R","Defend_R","Bash+1","Flame Barrier+1","Pommel Strike+1","Shrug It Off+1","Uppercut+1","Parasite","Demon Form+1","Body Slam+1"],"relics":["Black Blood","Anchor","MutagenicStrength","Nloth\u0027s Gift","Orichalcum"],"potions_floor_usage":[16,18,25,27],"damage_taken":[{"damage":12,"enemies":"Jaw Worm","floor":1,"turns":3},{"damage":0,"enemies":"Cultist","floor":3,"turns":4},{"damage":32,"enemies":"Gremlin Nob","floor":6,"turns":4},{"damage":7,"enemies":"2 Louse","floor":8,"turns":2},{"damage":0,"enemies":"Looter","floor":12,"turns":3},{"damage":58,"enemies":"The Guardian","floor":16,"turns":11},{"damage":14,"enemies":"3 Byrds","floor":18,"turns":5},{"damage":19,"enemies":"Shell Parasite","floor":21,"turns":5},{"damage":30,"enemies":"3 Cultists","floor":25,"turns":6},{"damage":47,"enemies":"Slavers","floor":27,"turns":3}],"seed_played":"3686835934949667155","potions_obtained":[{"floor":1,"key":"SpeedPotion"},{"floor":12,"key":"AttackPotion"},{"floor":16,"key":"PowerPotion"},{"floor":21,"key":"EssenceOfSteel"},{"floor":25,"key":"Regen Potion"}],"is_trial":false,"path_per_floor":["M","?","M","?","?","E","R","M","T","R","?","M","R","$","R","B",null,"M","?","?","M","$","R","?","M","T","E"],"character_chosen":"IRONCLAD","items_purchased":[],"campfire_rested":1,"item_purchase_floors":[],"current_hp_per_floor":[74,74,80,64,64,38,62,61,61,61,80,80,80,80,80,28,67,63,63,63,54,54,54,54,34,34,0],"gold":193,"neow_bonus":"REMOVE_CARD","is_prod":false,"is_daily":false,"chose_seed":false,"campfire_upgraded":4,"win_rate":0,"timestamp":1563698953,"path_taken":["M","?","?","?","?","E","R","M","T","R","?","M","R","?","R","BOSS","M","?","?","?","$","R","?","M","T","E"],"build_version":"2019-07-05","purchased_purges":2,"victory":false,"max_hp_per_floor":[80,80,80,80,80,80,80,80,80,80,80,80,80,80,80,80,80,80,80,80,80,80,80,80,80,80,80],"card_choices":[{"not_picked":["Ghostly Armor","Armaments"],"picked":"Flame Barrier","floor":1},{"not_picked":["Entrench","Spot Weakness"],"picked":"Pommel Strike","floor":3},{"not_picked":["Berserk","Dropkick"],"picked":"Shrug It Off","floor":6},{"not_picked":["Flex","Pummel"],"picked":"Uppercut","floor":8},{"not_picked":["Clothesline","Perfected Strike","Anger"],"picked":"SKIP","floor":12},{"not_picked":["Impervious","Double Tap"],"picked":"Demon Form","floor":16},{"not_picked":["Clothesline","Pommel Strike","Evolve"],"picked":"SKIP","floor":18},{"not_picked":["Sever Soul+1","Armaments","Headbutt"],"picked":"SKIP","floor":21},{"not_picked":["Sentinel","Rupture"],"picked":"Body Slam+1","floor":25}],"player_experience":69963,"relics_obtained":[{"floor":6,"key":"Whetstone"},{"floor":9,"key":"Anchor"},{"floor":26,"key":"Orichalcum"}],"event_choices":[{"damage_healed":0,"gold_gain":0,"player_choice":"Upgraded","damage_taken":0,"max_hp_gain":0,"max_hp_loss":0,"event_name":"Upgrade Shrine","floor":2,"gold_loss":0,"cards_upgraded":["Flame Barrier"]},{"damage_healed":0,"gold_gain":0,"player_choice":"Entered Light","damage_taken":16,"max_hp_gain":0,"max_hp_loss":0,"event_name":"Shining Light","floor":4,"gold_loss":0,"cards_upgraded":["Strike_R","Strike_R"]},{"cards_removed":["Strike_R"],"damage_healed":0,"gold_gain":0,"player_choice":"Card Removal","damage_taken":0,"max_hp_gain":0,"max_hp_loss":0,"event_name":"The Cleric","floor":5,"gold_loss":50},{"damage_healed":20,"gold_gain":0,"player_choice":"Healed and dodged fight","damage_taken":0,"max_hp_gain":0,"max_hp_loss":0,"event_name":"Mushrooms","floor":11,"gold_loss":0,"cards_obtained":["Parasite"]},{"damage_healed":0,"gold_gain":0,"player_choice":"Inject Mutagens","damage_taken":0,"relics_obtained":["MutagenicStrength"],"max_hp_gain":0,"max_hp_loss":0,"event_name":"Drug Dealer","floor":19,"gold_loss":0},{"damage_healed":0,"gold_gain":0,"player_choice":"Traded Relic","damage_taken":0,"relics_obtained":["Nloth\u0027s Gift"],"max_hp_gain":0,"max_hp_loss":0,"event_name":"N\u0027loth","floor":20,"relics_lost":["Whetstone"],"gold_loss":0},{"damage_healed":0,"gold_gain":0,"player_choice":"Ignored","damage_taken":0,"max_hp_gain":0,"max_hp_loss":0,"event_name":"Ghosts","floor":24,"gold_loss":0}],"is_beta":false,"boss_relics":[{"not_picked":["Runic Dome","Cursed Key"],"picked":"Black Blood"}],"items_purged_floors":[14,22],"is_endless":false,"potions_floor_spawned":[1,12,16,21,25],"killed_by":"Slavers","ascension_level":5}