{"gold_per_floor":[113,188,27,27,27,27,62,62,88,13,13,32,32,51,51,130,130,101,16,66,85,85],"floor_reached":22,"playtime":782,"items_purged":["Strike_B"],"score":400,"play_id":"1805dbfa-1b20-4520-991f-5de00033afbf","local_time":"20190412165619","is_ascension_mode":true,"campfire_choices":[{"data":"Hello World","floor":6,"key":"SMITH"},{"data":"Consume","floor":13,"key":"SMITH"},{"data":"Zap","floor":15,"key":"SMITH"}],"neow_cost":"NONE","seed_source_timestamp":250633280487755,"circlet_count":0,"master_deck":["AscendersBane","Strike_B","Strike_B","Defend_B","Defend_B","Defend_B","Defend_B","Zap+1","Dualcast","Hello World+1","Self Repair","Consume+1","Sweeping Beam","Darkness","Machine Learning","Steam","Loop"],"relics":["Cracked Core","NeowsBlessing","Juzu Bracelet","Anchor","Darkstone Periapt","Snecko Eye","Gambling Chip"],"potions_floor_usage":[18,18],"damage_taken":[{"damage":0,"enemies":"Jaw Worm","floor":1,"turns":1},{"damage":0,"enemies":"Gremlin Nob","floor":7,"turns":1},{"damage":0,"enemies":"Small Slimes","floor":12,"turns":1},{"damage":0,"enemies":"2 Louse","floor":14,"turns":3},{"damage":58,"enemies":"The Guardian","floor":16,"turns":9},{"damage":24,"enemies":"2 Thieves","floor":18,"turns":4},{"damage":22,"enemies":"Spheric Guardian","floor":21,"turns":4},{"damage":30,"enemies":"Snecko","floor":22,"turns":6}],"seed_played":"-8666242268141655800","potions_obtained":[{"floor":14,"key":"SteroidPotion"},{"floor":16,"key":"Fire Potion"}],"is_trial":false,"path_per_floor":["M","?","$","?","$","R","E","?","T","?","?","M","R","M","R","B",null,"M","?","?","M","M"],"character_chosen":"DEFECT","items_purchased":["Self Repair"],"campfire_rested":0,"item_purchase_floors":[3],"current_hp_per_floor":[64,53,53,53,53,53,60,65,65,65,54,61,61,68,68,17,61,44,44,44,29,0],"gold":85,"neow_bonus":"THREE_ENEMY_KILL","is_prod":false,"is_daily":false,"chose_seed":false,"campfire_upgraded":3,"win_rate":0,"timestamp":1555102579,"path_taken":["M","?","$","?","$","R","E","?","T","?","?","M","R","M","R","BOSS","M","?","?","M","M"],"build_version":"2019-01-23","purchased_purges":1,"victory":false,"max_hp_per_floor":[71,71,71,71,71,71,71,76,76,76,76,76,76,76,76,76,76,76,76,76,76,76],"card_choices":[{"not_picked":["Sweeping Beam","Cold Snap"],"picked":"Hello World","floor":1},{"not_picked":["Reinforced Body","Steam"],"picked":"Consume","floor":7},{"not_picked":["Storm","Recycle"],"picked":"Sweeping Beam","floor":12},{"not_picked":["Hologram","Heatsinks"],"picked":"Darkness","floor":14},{"not_picked":["Hyperbeam","Reboot"],"picked":"Machine Learning","floor":16},{"not_picked":["Stack","FTL"],"picked":"Steam","floor":18},{"not_picked":["Gash","Sweeping Beam"],"picked":"Loop","floor":21}],"player_experience":3373585,"relics_obtained":[{"floor":7,"key":"Juzu Bracelet"},{"floor":9,"key":"Anchor"}],"event_choices":[{"damage_healed":0,"gold_gain":75,"player_choice":"Gather Gold","damage_taken":11,"max_hp_gain":0,"max_hp_loss":0,"event_name":"World of Goop","floor":2,"gold_loss":0},{"damage_healed":0,"gold_gain":0,"player_choice":"Ignored","damage_taken":0,"max_hp_gain":0,"max_hp_loss":0,"event_name":"Shining Light","floor":4,"gold_loss":0},{"damage_healed":0,"gold_gain":0,"player_choice":"Donut","damage_taken":0,"max_hp_gain":5,"max_hp_loss":0,"event_name":"Big Fish","floor":8,"gold_loss":0},{"cards_removed":["Strike_B"],"damage_healed":0,"gold_gain":0,"player_choice":"Card Removal","damage_taken":0,"max_hp_gain":0,"max_hp_loss":0,"event_name":"The Cleric","floor":10,"gold_loss":75},{"damage_healed":0,"gold_gain":0,"player_choice":"Success","damage_taken":11,"relics_obtained":["Darkstone Periapt"],"max_hp_gain":0,"max_hp_loss":0,"event_name":"Scrap Ooze","floor":11,"gold_loss":0},{"damage_healed":0,"gold_gain":0,"player_choice":"Obtained Relic","damage_taken":0,"relics_obtained":["Gambling Chip"],"max_hp_gain":0,"max_hp_loss":0,"event_name":"Addict","floor":19,"gold_loss":85},{"damage_healed":0,"gold_gain":50,"player_choice":"Stole From Cult","damage_taken":0,"max_hp_gain":0,"max_hp_loss":0,"event_name":"Nest","floor":20,"gold_loss":0}],"is_beta":false,"boss_relics":[{"not_picked":["Nuclear Battery","Ectoplasm"],"picked":"Snecko Eye"}],"items_purged_floors":[3],"is_endless":false,"potions_floor_spawned":[14,16],"killed_by":"Snecko","ascension_level":19}