{"gold_per_floor":[112,112,187,201,221,221,231,231,231,250,284,284,284,305,305,305],"floor_reached":16,"playtime":999,"items_purged":[],"score":248,"play_id":"33a3853c-8f59-4c50-880d-7b2f88fd7b0c","local_time":"20181112101442","is_ascension_mode":true,"campfire_choices":[{"floor":6,"key":"REST"},{"floor":8,"key":"REST"},{"data":"Dagger Spray","floor":12,"key":"SMITH"},{"data":"Prepared","floor":15,"key":"SMITH"}],"neow_cost":"NONE","seed_source_timestamp":662842415706961,"circlet_count":0,"master_deck":["AscendersBane","Defend_G","Defend_G","Defend_G","Defend_G","Defend_G","Strike_G","Strike_G","Strike_G","Strike_G+1","Strike_G","Survivor+1","Neutralize","Sucker Punch","Quick Slash","PiercingWail","Masterful Stab","Dagger Spray+1","Prepared+1"],"relics":["Ring of the Snake","FossilizedHelix","Tough Bandages","Golden Idol"],"potions_floor_usage":[11,16],"damage_taken":[{"damage":3,"enemies":"Jaw Worm","floor":1,"turns":7},{"damage":2,"enemies":"Small Slimes","floor":4,"turns":4},{"damage":0,"enemies":"Cultist","floor":5,"turns":4},{"damage":4,"enemies":"Exordium Wildlife","floor":7,"turns":9},{"damage":0,"enemies":"2 Fungi Beasts","floor":10,"turns":4},{"damage":0,"enemies":"Lagavulin","floor":11,"turns":5},{"damage":0,"enemies":"Blue Slaver","floor":14,"turns":5},{"damage":66,"enemies":"Slime Boss","floor":16,"turns":10}],"seed_played":"9100892110143025396","potions_obtained":[{"floor":5,"key":"AttackPotion"},{"floor":14,"key":"EssenceOfSteel"}],"is_trial":false,"path_per_floor":["M","?","?","M","M","R","M","R","T","M","E","R","?","M","R","B"],"character_chosen":"THE_SILENT","items_purchased":[],"campfire_rested":2,"item_purchase_floors":[],"current_hp_per_floor":[62,40,29,27,27,48,44,65,65,65,65,65,65,65,65,0],"gold":305,"neow_bonus":"TEN_PERCENT_HP_BONUS","is_prod":false,"is_daily":false,"chose_seed":false,"campfire_upgraded":2,"win_rate":0,"timestamp":1542035682,"path_taken":["M","?","?","M","M","R","M","R","T","M","E","R","?","M","R","BOSS"],"build_version":"2018-11-08","purchased_purges":0,"victory":false,"max_hp_per_floor":[72,72,72,72,72,72,72,72,72,72,72,72,65,65,65,65],"card_choices":[{"not_picked":["Underhanded Strike","PiercingWail"],"picked":"Sucker Punch","floor":1},{"not_picked":["Blade Dance","Dodge and Roll"],"picked":"Quick Slash","floor":4},{"not_picked":["Bane","Setup","Slice"],"picked":"SKIP","floor":5},{"not_picked":["Acrobatics","Skewer"],"picked":"PiercingWail","floor":7},{"not_picked":["Prepared","Cloak And Dagger"],"picked":"Masterful Stab","floor":10},{"not_picked":["Dodge and Roll","Acrobatics"],"picked":"Dagger Spray","floor":11},{"not_picked":["PiercingWail","Blade Dance"],"picked":"Prepared","floor":14}],"player_experience":2224277,"relics_obtained":[{"floor":9,"key":"FossilizedHelix"},{"floor":11,"key":"Tough Bandages"}],"event_choices":[{"damage_healed":0,"gold_gain":0,"player_choice":"Entered Light","damage_taken":22,"max_hp_gain":0,"max_hp_loss":0,"event_name":"Shining Light","floor":2,"gold_loss":0,"cards_upgraded":["Survivor","Strike_G"]},{"damage_healed":0,"gold_gain":75,"player_choice":"Gather Gold","damage_taken":11,"max_hp_gain":0,"max_hp_loss":0,"event_name":"World of Goop","floor":3,"gold_loss":0},{"damage_healed":0,"gold_gain":0,"player_choice":"Lose Max HP","damage_taken":0,"relics_obtained":["Golden Idol"],"max_hp_gain":0,"max_hp_loss":7,"event_name":"Golden Idol","floor":13,"gold_loss":0}],"is_beta":false,"boss_relics":[],"items_purged_floors":[],"is_endless":false,"potions_floor_spawned":[5,14],"killed_by":"Slime Boss","ascension_level":19}