{"gold_per_floor":[115,129,54,74,92,92,113,113,136,136,154,254,267,280,280,280],"floor_reached":16,"playtime":750,"items_purged":["Strike_R"],"score":94,"play_id":"5f3623ab-cc40-4275-af4d-775aa858aad9","local_time":"20190422124320","is_ascension_mode":false,"campfire_choices":[{"data":"Bash","floor":6,"key":"SMITH"},{"data":"Warcry","floor":8,"key":"SMITH"},{"floor":10,"key":"REST"},{"data":"Disarm","floor":15,"key":"SMITH"}],"neow_cost":"NONE","seed_source_timestamp":1099488064651849,"circlet_count":0,"master_deck":["Strike_R","Strike_R","Strike_R","Strike_R","Defend_R","Defend_R","Defend_R","Defend_R","Bash+1","Warcry+1","Evolve","Disarm+1"],"relics":["Burning Blood","Odd Mushroom","Anchor"],"potions_floor_usage":[5,5,7,16],"damage_taken":[{"damage":1,"enemies":"Cultist","floor":1,"turns":3},{"damage":7,"enemies":"2 Louse","floor":2,"turns":4},{"damage":7,"enemies":"Small Slimes","floor":4,"turns":5},{"damage":10,"enemies":"Exordium Thugs","floor":5,"turns":4},{"damage":26,"enemies":"The Mushroom Lair","floor":7,"turns":8},{"damage":0,"enemies":"Looter","floor":11,"turns":2},{"damage":7,"enemies":"3 Louse","floor":13,"turns":5},{"damage":7,"enemies":"Gremlin Gang","floor":14,"turns":5},{"damage":91,"enemies":"Slime Boss","floor":16,"turns":17}],"seed_played":"4545657183356123950","potions_obtained":[{"floor":0,"key":"GamblersBrew"},{"floor":0,"key":"Fire Potion"},{"floor":0,"key":"Dexterity Potion"},{"floor":1,"key":"SteroidPotion"},{"floor":5,"key":"EssenceOfSteel"},{"floor":13,"key":"FairyPotion"}],"is_trial":false,"path_per_floor":["M","M","$","M","M","R","?","R","T","R","M","?","M","M","R","B"],"character_chosen":"IRONCLAD","items_purchased":[],"campfire_rested":1,"item_purchase_floors":[],"current_hp_per_floor":[80,79,79,78,74,74,54,54,54,78,80,80,79,78,78,0],"gold":280,"neow_bonus":"THREE_SMALL_POTIONS","is_prod":false,"is_daily":false,"chose_seed":false,"campfire_upgraded":3,"win_rate":0,"timestamp":1555951400,"path_taken":["M","M","$","?","M","R","?","R","T","R","M","?","M","M","R","BOSS"],"build_version":"2019-01-23","purchased_purges":1,"victory":false,"max_hp_per_floor":[80,80,80,80,80,80,80,80,80,80,80,80,80,80,80,80],"card_choices":[{"not_picked":["Searing Blow","Clash"],"picked":"Warcry","floor":1},{"not_picked":["Anger","Perfected Strike","Heavy Blade"],"picked":"SKIP","floor":2},{"not_picked":["Anger","Armaments","Sword Boomerang"],"picked":"SKIP","floor":4},{"not_picked":["Sword Boomerang","Headbutt","Perfected Strike"],"picked":"SKIP","floor":5},{"not_picked":["Perfected Strike","Burning Pact","Flame Barrier"],"picked":"SKIP","floor":11},{"not_picked":["Thunderclap","Twin Strike"],"picked":"Evolve","floor":13},{"not_picked":["Sword Boomerang","Havoc"],"picked":"Disarm","floor":14}],"player_experience":3454440,"relics_obtained":[{"floor":7,"key":"Odd Mushroom"},{"floor":9,"key":"Anchor"}],"event_choices":[{"damage_healed":0,"gold_gain":0,"player_choice":"Fought Mushrooms","damage_taken":0,"max_hp_gain":0,"max_hp_loss":0,"event_name":"Mushrooms","floor":7,"gold_loss":0},{"damage_healed":0,"gold_gain":100,"player_choice":"Gold","damage_taken":0,"max_hp_gain":0,"max_hp_loss":0,"event_name":"Wheel of Change","floor":12,"gold_loss":0}],"is_beta":false,"boss_relics":[],"items_purged_floors":[3],"is_endless":false,"potions_floor_spawned":[1,5,13],"killed_by":"Slime Boss","ascension_level":0}