{"gold_per_floor":[209,209,259,259,272,272,311,311,384,449,449,419,419,101,101,231,231,255,23,44,62,62,62,102,121,144,144,59,79,79,104,104,104],"floor_reached":33,"playtime":2899,"items_purged":["Parasite"],"score":366,"play_id":"c1ab12cd-8568-4f29-9ab3-c74580729ff8","local_time":"20181207104131","is_ascension_mode":true,"campfire_choices":[{"data":"Bash","floor":6,"key":"SMITH"},{"floor":13,"key":"REST"},{"data":"Armaments","floor":15,"key":"SMITH"},{"floor":23,"key":"REST"},{"floor":32,"key":"REST"}],"neow_cost":"NONE","seed_source_timestamp":2029116186129113,"circlet_count":0,"master_deck":["Strike_R","Strike_R","Strike_R","Strike_R","Defend_R","Defend_R","Defend_R","Defend_R","Bash+1","Carnage","Dual Wield","Metallicize","Armaments+1","Cleave","Perfected Strike","Dark Shackles","Feed","Flame Barrier","Intimidate+1","Headbutt","Intimidate+1","Armaments+1","Metallicize+1","Clothesline+1","Body Slam"],"relics":["Burning Blood","Golden Idol","Gremlin Horn","Tiny Chest","Dream Catcher","Lantern","Fusion Hammer","Pen Nib","PreservedInsect","Bag of Preparation","Anchor","Paper Frog"],"potions_floor_usage":[10,10,10,16,16,18,21,21,22,25],"damage_taken":[{"damage":4,"enemies":"Small Slimes","floor":1,"turns":4},{"damage":6,"enemies":"2 Louse","floor":5,"turns":3},{"damage":46,"enemies":"Lagavulin","floor":7,"turns":8},{"damage":39,"enemies":"3 Sentries","floor":10,"turns":7},{"damage":29,"enemies":"Slime Boss","floor":16,"turns":5},{"damage":22,"enemies":"3 Byrds","floor":18,"turns":4},{"damage":0,"enemies":"Spheric Guardian","floor":20,"turns":10},{"damage":11,"enemies":"3 Cultists","floor":21,"turns":5},{"damage":15,"enemies":"Colosseum Slavers","floor":22,"turns":7},{"damage":24,"enemies":"Slavers","floor":24,"turns":6},{"damage":35,"enemies":"Cultist and Chosen","floor":25,"turns":7},{"damage":3,"enemies":"Centurion and Healer","floor":29,"turns":7},{"damage":0,"enemies":"Chosen and Byrds","floor":31,"turns":7},{"damage":89,"enemies":"Champ","floor":33,"turns":18}],"seed_played":"-4202860260841091577","potions_obtained":[{"floor":7,"key":"EntropicBrew"},{"floor":12,"key":"PowerPotion"},{"floor":12,"key":"AttackPotion"},{"floor":18,"key":"AttackPotion"},{"floor":20,"key":"Poison Potion"},{"floor":21,"key":"Regen Potion"},{"floor":24,"key":"LiquidBronze"}],"is_trial":false,"path_per_floor":["M","?","?","?","M","R","E","?","T","E","T","?","R","$","R","B",null,"M","$","M","M","?","R","E","M","T","T","?","M","?","M","R","B"],"character_chosen":"IRONCLAD","items_purchased":["Lantern","Dark Shackles","Pen Nib","Flame Barrier"],"campfire_rested":3,"item_purchase_floors":[14,14,19,19],"current_hp_per_floor":[74,74,74,74,74,74,34,52,52,19,19,19,41,41,41,18,58,45,45,55,53,63,85,70,41,41,41,41,44,44,53,80,0],"gold":104,"neow_bonus":"HUNDRED_GOLD","is_prod":false,"is_daily":false,"chose_seed":false,"campfire_upgraded":2,"win_rate":0,"timestamp":1544197291,"path_taken":["M","?","?","?","?","R","E","?","T","E","?","?","R","$","R","BOSS","M","$","?","M","?","R","E","M","T","?","?","M","?","?","R","BOSS"],"build_version":"2018-12-06","purchased_purges":1,"victory":false,"max_hp_per_floor":[80,74,74,74,74,74,74,74,74,74,74,74,74,71,71,71,71,74,74,78,81,85,85,88,88,88,88,88,88,88,91,91,91],"card_choices":[{"not_picked":["Havoc","Perfected Strike"],"picked":"Carnage","floor":1},{"not_picked":["Flex","Iron Wave"],"picked":"Metallicize","floor":5},{"not_picked":["Shrug It Off","Rupture"],"picked":"Armaments","floor":7},{"not_picked":["Pommel Strike","Wild Strike"],"picked":"Cleave","floor":10},{"not_picked":["Body Slam","Blood for Blood"],"picked":"Perfected Strike","floor":13},{"not_picked":["Limit Break","Impervious"],"picked":"Feed","floor":16},{"not_picked":["Rampage","Cleave","Pummel"],"picked":"SKIP","floor":18},{"not_picked":["Infernal Blade+1","Body Slam"],"picked":"Intimidate+1","floor":20},{"not_picked":["Sentinel","Carnage+1"],"picked":"Headbutt","floor":21},{"not_picked":["True Grit","Hemokinesis+1"],"picked":"Intimidate+1","floor":23},{"not_picked":["Twin Strike","Dual Wield+1"],"picked":"Armaments+1","floor":24},{"not_picked":["Second Wind","Perfected Strike","Anger"],"picked":"SKIP","floor":25},{"not_picked":["Rage+1","Flex+1"],"picked":"Metallicize+1","floor":29},{"not_picked":["Rage","Carnage"],"picked":"Clothesline+1","floor":31},{"not_picked":["Twin Strike","Sword Boomerang"],"picked":"Body Slam","floor":32}],"player_experience":2707290,"relics_obtained":[{"floor":7,"key":"Gremlin Horn"},{"floor":10,"key":"Tiny Chest"},{"floor":11,"key":"Dream Catcher"},{"floor":24,"key":"PreservedInsect"},{"floor":26,"key":"Bag of Preparation"},{"floor":27,"key":"Anchor"}],"event_choices":[{"damage_healed":0,"gold_gain":0,"player_choice":"Lose Max HP","damage_taken":0,"relics_obtained":["Golden Idol"],"max_hp_gain":0,"max_hp_loss":6,"event_name":"Golden Idol","floor":2,"gold_loss":0},{"damage_healed":0,"gold_gain":50,"player_choice":"Gained Gold","damage_taken":0,"max_hp_gain":0,"max_hp_loss":0,"event_name":"Golden Wing","floor":3,"gold_loss":0},{"damage_healed":0,"gold_gain":0,"cards_transformed":["Strike_R"],"player_choice":"Change","damage_taken":0,"max_hp_gain":0,"max_hp_loss":0,"event_name":"Living Wall","floor":4,"gold_loss":0,"cards_obtained":["Dual Wield"]},{"damage_healed":18,"gold_gain":0,"player_choice":"Healed and dodged fight","damage_taken":0,"max_hp_gain":0,"max_hp_loss":0,"event_name":"Mushrooms","floor":8,"gold_loss":0,"cards_obtained":["Parasite"]},{"damage_healed":0,"gold_gain":0,"player_choice":"Bought 2 Potions","damage_taken":0,"max_hp_gain":0,"max_hp_loss":0,"event_name":"The Woman in Blue","floor":12,"gold_loss":0},{"damage_healed":0,"gold_gain":0,"player_choice":"Fight","damage_taken":0,"max_hp_gain":0,"max_hp_loss":0,"event_name":"Colosseum","floor":22,"gold_loss":0},{"damage_healed":0,"gold_gain":0,"player_choice":"Fled From Nobs","damage_taken":0,"max_hp_gain":0,"max_hp_loss":0,"event_name":"Colosseum","floor":22,"gold_loss":0},{"damage_healed":0,"gold_gain":0,"player_choice":"Obtained Relic","damage_taken":0,"relics_obtained":["Paper Frog"],"max_hp_gain":0,"max_hp_loss":0,"event_name":"Addict","floor":28,"gold_loss":85},{"damage_healed":0,"gold_gain":0,"player_choice":"Ignored","damage_taken":0,"max_hp_gain":0,"max_hp_loss":0,"event_name":"Ghosts","floor":30,"gold_loss":0}],"is_beta":false,"boss_relics":[{"not_picked":["Ectoplasm","Empty Cage"],"picked":"Fusion Hammer"}],"items_purged_floors":[14],"is_endless":false,"potions_floor_spawned":[7,18,20,21,24],"killed_by":"Champ","ascension_level":7}