{"gold_per_floor":[115,290,33,33,10,10,39,39,88,136,156,189,37,68,68,183,183,198,198,232,246,246,246,264,276,276,314,314,37,73,101,101,203,203,222,276,276,85,85,85,85,96,145,145,145,168,207,247,247,247],"floor_reached":51,"playtime":3173,"items_purged":["Doubt","Regret"],"score":1058,"play_id":"3b93ab9e-1386-4adf-b001-9548744328a2","local_time":"20190720212309","is_ascension_mode":true,"campfire_choices":[{"data":"Neutralize","floor":6.0,"key":"SMITH"},{"data":"Noxious Fumes","floor":8.0,"key":"SMITH"},{"data":"Sucker Punch","floor":15.0,"key":"SMITH"},{"data":"Doppelganger","floor":23.0,"key":"SMITH"},{"data":"Terror","floor":28.0,"key":"SMITH"},{"data":"Panacea","floor":32.0,"key":"SMITH"},{"data":"Footwork","floor":40.0,"key":"SMITH"},{"data":"Flechettes","floor":45,"key":"SMITH"},{"floor":49,"key":"REST"}],"neow_cost":"NONE","seed_source_timestamp":598223873676077,"circlet_count":0,"master_deck":["Strike_G","Strike_G","Strike_G","Defend_G","Defend_G","Defend_G","Defend_G","Defend_G","Survivor","Neutralize+1","Dagger Spray","HandOfGreed","Sucker Punch+1","Noxious Fumes+1","Dodge and Roll","Terror+1","Crippling Poison","Backflip","Predator","Doppelganger+1","Dash","Die Die Die","Bullet Time","Leg Sweep+1","Flechettes+1","Backflip","Acrobatics","Backflip+1","Footwork+1","Panacea+1","Night Terror","Hologram+1","Enlightenment","Mayhem","Magnetism","Flame Barrier+1","Shame","Regret","Hologram","Conserve Battery"],"special_seed":0,"relics":["Ring of the Snake","NeowsBlessing","Anchor","Matryoshka","Boot","Omamori","Happy Flower","Cursed Key","Art of War","Shuriken","Gremlin Horn","PrismaticShard","Nunchaku","Snecko Eye","Lee\u0027s Waffle","Ancient Tea Set","Strawberry"],"potions_floor_usage":[42,50,50,50],"damage_taken":[{"damage":0.0,"enemies":"2 Louse","floor":1.0,"turns":1.0},{"damage":0.0,"enemies":"Lagavulin","floor":7.0,"turns":1.0},{"damage":0.0,"enemies":"Gremlin Nob","floor":10.0,"turns":1.0},{"damage":0.0,"enemies":"Jaw Worm","floor":11.0,"turns":2.0},{"damage":2.0,"enemies":"Cultist","floor":12.0,"turns":3.0},{"damage":0.0,"enemies":"2 Fungi Beasts","floor":14.0,"turns":3.0},{"damage":23.0,"enemies":"Hexaghost","floor":16.0,"turns":8.0},{"damage":1.0,"enemies":"3 Byrds","floor":18.0,"turns":4.0},{"damage":14.0,"enemies":"Spheric Guardian","floor":20.0,"turns":4.0},{"damage":1.0,"enemies":"Snake Plant","floor":21.0,"turns":4.0},{"damage":3.0,"enemies":"Snecko","floor":24.0,"turns":4.0},{"damage":0.0,"enemies":"Cultist and Chosen","floor":25.0,"turns":5.0},{"damage":6.0,"enemies":"Centurion and Healer","floor":27.0,"turns":5.0},{"damage":0.0,"enemies":"3 Cultists","floor":30.0,"turns":5.0},{"damage":0.0,"enemies":"Gremlin Leader","floor":31.0,"turns":3.0},{"damage":13.0,"enemies":"Collector","floor":33.0,"turns":8.0},{"damage":2.0,"enemies":"3 Darklings","floor":35.0,"turns":4.0},{"damage":0.0,"enemies":"3 Shapes","floor":36.0,"turns":4.0},{"damage":4,"enemies":"Transient","floor":42,"turns":5},{"damage":32,"enemies":"Writhing Mass","floor":47,"turns":6},{"damage":0,"enemies":"Jaw Worm Horde","floor":48,"turns":3},{"damage":46,"enemies":"Awakened One","floor":50,"turns":14}],"seed_played":"-3486177315898210143","potions_obtained":[{"floor":7.0,"key":"Poison Potion"},{"floor":11.0,"key":"Fire Potion"},{"floor":18.0,"key":"SteroidPotion"},{"floor":20.0,"key":"Block Potion"},{"floor":21.0,"key":"SpeedPotion"},{"floor":31.0,"key":"Swift Potion"},{"floor":33.0,"key":"Explosive Potion"},{"floor":35.0,"key":"Fire Potion"},{"floor":47,"key":"Poison Potion"},{"floor":48,"key":"Regen Potion"}],"is_trial":false,"path_per_floor":["M","?","$","?","$","R","E","R","T","E","M","M","$","M","R","B",null,"M","?","M","M","T","R","M","M","T","M","R","$","M","E","R","B",null,"M","M","?","$","?","R","?","M","T","?","R","T","M","M","R","B",null],"character_chosen":"THE_SILENT","items_purchased":["HandOfGreed","Sucker Punch","Backflip","PrismaticShard","Footwork","Lee\u0027s Waffle"],"campfire_rested":1,"item_purchase_floors":[3,5,13,29,29,38],"current_hp_per_floor":[63,63,63,63,63,63,63,63,63,63,63,61,61,61,61,38,62,61,61,47,46,46,46,43,43,43,37,37,37,37,37,37,24,59,57,57,57,77,67,67,67,63,63,63,63,70,38,38,62,31],"gold":247,"neow_bonus":"THREE_ENEMY_KILL","is_prod":false,"is_daily":false,"chose_seed":false,"campfire_upgraded":8,"win_rate":0,"timestamp":1563679389,"path_taken":["M","?","$","?","?","R","E","R","T","E","M","M","$","?","R","BOSS","M","?","M","M","?","R","M","M","T","M","R","$","M","E","R","BOSS","M","M","?","$","?","R","?","?","T","?","R","?","M","M","R","BOSS"],"build_version":"2019-07-18","purchased_purges":2,"victory":true,"max_hp_per_floor":[70,70,70,70,70,70,70,70,70,70,70,70,70,70,70,70,70,70,70,70,70,70,70,70,70,70,70,70,70,70,70,70,70,70,70,70,70,77,77,77,77,77,77,73,73,80,80,80,80,80],"card_choices":[{"not_picked":["Deadly Poison","Concentrate"],"picked":"Dagger Spray","floor":1.0},{"not_picked":["Catalyst","Prepared"],"picked":"Noxious Fumes","floor":7.0},{"not_picked":["Acrobatics","Deflect"],"picked":"Dodge and Roll","floor":10.0},{"not_picked":["Accuracy","Deflect"],"picked":"Terror","floor":11.0},{"not_picked":["Unload","Riddle With Holes"],"picked":"Crippling Poison","floor":12.0},{"not_picked":["Prepared","Predator","Deflect"],"picked":"SKIP","floor":14.0},{"not_picked":["Prepared","Deflect"],"picked":"Predator","floor":14.0},{"not_picked":["Tools of the Trade","Storm of Steel"],"picked":"Doppelganger","floor":16.0},{"not_picked":["Poisoned Stab","Prepared"],"picked":"Dash","floor":18.0},{"not_picked":["Acrobatics","All Out Attack"],"picked":"Leg Sweep+1","floor":20.0},{"not_picked":["Backstab","Underhanded Strike"],"picked":"Flechettes","floor":21.0},{"not_picked":["Prepared","Acrobatics"],"picked":"Backflip","floor":24.0},{"not_picked":["Eviscerate+1","Finisher"],"picked":"Acrobatics","floor":25.0},{"not_picked":["Outmaneuver","Quick Slash"],"picked":"Backflip+1","floor":27.0},{"not_picked":["Steam","Expertise+1","Impatience"],"picked":"SKIP","floor":30.0},{"not_picked":["Infernal Blade","Forethought"],"picked":"Panacea","floor":31.0},{"not_picked":["Secret Weapon","Offering"],"picked":"Night Terror","floor":33.0},{"not_picked":["Slice","Rebound+1"],"picked":"Hologram+1","floor":35.0},{"not_picked":["Underhanded Strike","Barrage","Backflip+1"],"picked":"SKIP","floor":36.0},{"not_picked":["Dramatic Entrance","Deep Breath"],"picked":"Enlightenment","floor":39.0},{"not_picked":["Finesse","Swift Strike"],"picked":"Mayhem","floor":39.0},{"not_picked":["Dramatic Entrance","Blind"],"picked":"Magnetism","floor":39.0},{"not_picked":["PiercingWail+1","Footwork"],"picked":"Flame Barrier+1","floor":42},{"not_picked":["Cold Snap+1","Streamline"],"picked":"Hologram","floor":47},{"not_picked":["Cloak And Dagger","Sucker Punch+1"],"picked":"Conserve Battery","floor":48}],"player_experience":1251238,"relics_obtained":[{"floor":7.0,"key":"Matryoshka"},{"floor":9.0,"key":"Boot"},{"floor":9.0,"key":"Omamori"},{"floor":10.0,"key":"Happy Flower"},{"floor":22.0,"key":"Art of War"},{"floor":22.0,"key":"Shuriken"},{"floor":26.0,"key":"Gremlin Horn"},{"floor":31.0,"key":"Nunchaku"},{"floor":43,"key":"Ancient Tea Set"},{"floor":46,"key":"Strawberry"}],"event_choices":[{"damage_healed":0.0,"max_hp_gain":0.0,"max_hp_loss":0.0,"gold_gain":175.0,"event_name":"Liars Game","player_choice":"AGREE","floor":2.0,"gold_loss":0.0,"damage_taken":0.0,"cards_obtained":["Doubt"]},{"damage_healed":0.0,"max_hp_gain":0.0,"max_hp_loss":0.0,"gold_gain":0.0,"event_name":"Big Fish","player_choice":"Box","floor":4.0,"gold_loss":0.0,"damage_taken":0.0,"relics_obtained":["Anchor"],"cards_obtained":["Regret"]},{"damage_healed":0.0,"max_hp_gain":0.0,"max_hp_loss":0.0,"gold_gain":0.0,"cards_transformed":["Strike_G","Strike_G"],"event_name":"Drug Dealer","player_choice":"Became Test Subject","floor":19.0,"gold_loss":0.0,"damage_taken":0.0,"cards_obtained":["Die Die Die","Bullet Time"]},{"damage_healed":0.0,"max_hp_gain":0.0,"max_hp_loss":0.0,"gold_gain":0.0,"event_name":"Tomb of Lord Red Mask","player_choice":"Ignored","floor":37.0,"gold_loss":0.0,"damage_taken":0.0},{"damage_healed":0.0,"max_hp_gain":0.0,"max_hp_loss":0.0,"gold_gain":0.0,"event_name":"SensoryStone","player_choice":"Memory 3","floor":39.0,"gold_loss":0.0,"damage_taken":10.0},{"damage_healed":0,"gold_gain":0,"player_choice":"Ignored","damage_taken":0,"max_hp_gain":0,"max_hp_loss":0,"event_name":"Transmorgrifier","floor":41,"gold_loss":0},{"damage_healed":0,"gold_gain":0,"player_choice":"Max HP","damage_taken":0,"max_hp_gain":0,"max_hp_loss":4,"event_name":"Winding Halls","floor":44,"gold_loss":0}],"is_beta":true,"boss_relics":[{"not_picked":["Ring of the Serpent","Pandora\u0027s Box"],"picked":"Cursed Key"},{"not_picked":["Eternal Feather","Busted Crown"],"picked":"Snecko Eye"}],"items_purged_floors":[3,13],"is_endless":false,"potions_floor_spawned":[7,11,18,20,21,31,33,35,47,48],"ascension_level":8}