{"gold_per_floor":[116,191,207,207,13,51,51,90,90,90,123,123,123,158,158,279,279,292,391,416,356,22,22,60,83,83,98,98,141,141,7,7,7],"floor_reached":33,"playtime":1454,"items_purged":["Strike_B"],"score":481,"play_id":"8e7ff755-2d52-4f46-aec6-5bf3fc14ba69","local_time":"20181207153703","is_ascension_mode":true,"campfire_choices":[{"data":"Electrodynamics","floor":7,"key":"SMITH"},{"data":"Zap","floor":10,"key":"SMITH"},{"data":"Defragment","floor":12,"key":"SMITH"},{"data":"Streamline","floor":15,"key":"SMITH"},{"data":"Turbo","floor":23,"key":"SMITH"},{"floor":28,"key":"REST"},{"floor":32,"key":"REST"}],"neow_cost":"NONE","seed_source_timestamp":2048293177112118,"circlet_count":0,"master_deck":["Strike_B","Defend_B","Defend_B","Defend_B","Defend_B","Zap+1","Dualcast","Cold Snap","Redo","Electrodynamics+1","Auto Shields","Streamline+1","Leap","Defragment+1","Hologram","Meteor Strike","Compile Driver+1","Core Surge","Coolheaded","Self Repair","Turbo+1","Stack","Loop+1","Double Energy","Defragment","Conserve Battery"],"relics":["Cracked Core","NeowsBlessing","Golden Idol","Ginger","Dodecahedron","Bottled Lightning","Oddly Smooth Stone","PreservedInsect","Philosopher\u0027s Stone","Lee\u0027s Waffle","StoneCalendar","The Courier","Lantern","Ornamental Fan"],"potions_floor_usage":[8,8,11,24,29,29],"damage_taken":[{"damage":0,"enemies":"2 Louse","floor":1,"turns":1},{"damage":0,"enemies":"Small Slimes","floor":3,"turns":1},{"damage":0,"enemies":"Lagavulin","floor":6,"turns":1},{"damage":13,"enemies":"3 Sentries","floor":8,"turns":6},{"damage":8,"enemies":"Gremlin Nob","floor":11,"turns":3},{"damage":9,"enemies":"3 Sentries","floor":14,"turns":4},{"damage":16,"enemies":"Slime Boss","floor":16,"turns":8},{"damage":22,"enemies":"Spheric Guardian","floor":18,"turns":4},{"damage":14,"enemies":"2 Thieves","floor":20,"turns":3},{"damage":28,"enemies":"Book of Stabbing","floor":24,"turns":4},{"damage":22,"enemies":"Cultist and Chosen","floor":25,"turns":6},{"damage":6,"enemies":"Snecko","floor":27,"turns":3},{"damage":34,"enemies":"Gremlin Leader","floor":29,"turns":3},{"damage":63,"enemies":"Automaton","floor":33,"turns":6}],"seed_played":"4064910303146400137","potions_obtained":[{"floor":3,"key":"Regen Potion"},{"floor":6,"key":"Fire Potion"},{"floor":8,"key":"AttackPotion"},{"floor":16,"key":"FearPotion"},{"floor":24,"key":"Poison Potion"},{"floor":25,"key":"Ancient Potion"},{"floor":27,"key":"Dexterity Potion"}],"is_trial":false,"path_per_floor":["M","?","M","?","$","E","R","E","T","R","E","R","?","E","R","B",null,"M","?","M","?","$","R","E","M","T","M","R","E","T","$","R","B"],"character_chosen":"DEFECT","items_purchased":["Electrodynamics","Auto Shields","Lee\u0027s Waffle","Self Repair","Turbo","Defragment","Conserve Battery"],"campfire_rested":2,"item_purchase_floors":[5,5,22,22,22,31,31],"current_hp_per_floor":[68,57,57,57,57,57,57,58,58,58,50,50,55,46,46,30,63,41,41,27,27,81,81,60,45,45,39,63,36,36,36,60,0],"gold":7,"neow_bonus":"THREE_ENEMY_KILL","is_prod":false,"is_daily":false,"chose_seed":false,"campfire_upgraded":5,"win_rate":0,"timestamp":1544215023,"path_taken":["M","?","M","?","$","E","R","E","T","R","E","R","?","E","R","BOSS","M","?","M","?","$","R","E","?","T","M","R","E","?","$","R","BOSS"],"build_version":"2018-12-06","purchased_purges":1,"victory":false,"max_hp_per_floor":[75,75,75,69,69,69,69,69,69,69,69,69,74,74,74,74,74,74,74,74,74,81,81,81,81,81,81,81,81,81,81,81,81],"card_choices":[{"not_picked":["Gash","Steam Power"],"picked":"Cold Snap","floor":1},{"not_picked":["Steam","Hologram"],"picked":"Redo","floor":3},{"not_picked":["Turbo","Compile Driver"],"picked":"Streamline","floor":6},{"not_picked":["Lockon","Sweeping Beam"],"picked":"Leap","floor":8},{"not_picked":["Darkness","Skim"],"picked":"Defragment","floor":11},{"not_picked":["Ball Lightning","Compile Driver"],"picked":"Hologram","floor":14},{"not_picked":["Fission","Hyperbeam"],"picked":"Meteor Strike","floor":16},{"not_picked":["Scrape","Go for the Eyes","Coolheaded"],"picked":"SKIP","floor":18},{"not_picked":["Streamline","Heatsinks"],"picked":"Compile Driver+1","floor":20},{"not_picked":["Gash","Blizzard","Barrage+1"],"picked":"SKIP","floor":24},{"not_picked":["Conserve Battery","Coolheaded"],"picked":"Stack","floor":25},{"not_picked":["White Noise","Capacitor"],"picked":"Loop+1","floor":27},{"not_picked":["Compile Driver","Rebound"],"picked":"Double Energy","floor":29}],"player_experience":2715079,"relics_obtained":[{"floor":6,"key":"Ginger"},{"floor":8,"key":"Dodecahedron"},{"floor":9,"key":"Bottled Lightning"},{"floor":11,"key":"Oddly Smooth Stone"},{"floor":14,"key":"PreservedInsect"},{"floor":24,"key":"StoneCalendar"},{"floor":26,"key":"The Courier"},{"floor":29,"key":"Lantern"},{"floor":30,"key":"Ornamental Fan"}],"event_choices":[{"damage_healed":0,"gold_gain":75,"player_choice":"Gather Gold","damage_taken":11,"max_hp_gain":0,"max_hp_loss":0,"event_name":"World of Goop","floor":2,"gold_loss":0},{"damage_healed":0,"gold_gain":0,"player_choice":"Lose Max HP","damage_taken":0,"relics_obtained":["Golden Idol"],"max_hp_gain":0,"max_hp_loss":6,"event_name":"Golden Idol","floor":4,"gold_loss":0},{"damage_healed":0,"gold_gain":0,"player_choice":"Donut","damage_taken":0,"max_hp_gain":5,"max_hp_loss":0,"event_name":"Big Fish","floor":13,"gold_loss":0},{"damage_healed":0,"gold_gain":99,"player_choice":"Stole From Cult","damage_taken":0,"max_hp_gain":0,"max_hp_loss":0,"event_name":"Nest","floor":19,"gold_loss":0},{"damage_healed":0,"gold_gain":0,"cards_transformed":["Strike_B","Strike_B"],"player_choice":"Transformed Cards","damage_taken":0,"max_hp_gain":0,"max_hp_loss":0,"event_name":"Designer","floor":21,"gold_loss":60,"cards_obtained":["Core Surge","Coolheaded"]}],"is_beta":false,"boss_relics":[{"not_picked":["Calling Bell","Empty Cage"],"picked":"Philosopher\u0027s Stone"}],"items_purged_floors":[31],"is_endless":false,"potions_floor_spawned":[3,6,8,16,24,25,27],"killed_by":"Automaton","ascension_level":9}