{"gold_per_floor":[119,119,130,130,130,130,165,184,184,220,220,220,245,245],"floor_reached":14,"playtime":367,"items_purged":[],"score":154,"play_id":"f734264b-6150-466e-a43a-c691d8f83339","local_time":"20190721005821","is_ascension_mode":true,"campfire_choices":[{"floor":12,"key":"REST"}],"neow_cost":"NONE","seed_source_timestamp":278020450023569,"circlet_count":0,"master_deck":["Strike_R","Strike_R+1","Strike_R","Strike_R","Strike_R","Defend_R+1","Defend_R","Defend_R","Defend_R","Bash","Perfected Strike","Searing Blow","Pommel Strike","Shrug It Off"],"relics":["Burning Blood","NeowsBlessing","Golden Idol","Paper Frog","Ornamental Fan","Bag of Preparation","Torii"],"potions_floor_usage":[10],"damage_taken":[{"damage":0,"enemies":"2 Louse","floor":1,"turns":1},{"damage":0,"enemies":"Small Slimes","floor":3,"turns":1},{"damage":0,"enemies":"Gremlin Nob","floor":7,"turns":1},{"damage":12,"enemies":"Jaw Worm","floor":8,"turns":2},{"damage":36,"enemies":"Lagavulin","floor":10,"turns":5},{"damage":15,"enemies":"Exordium Thugs","floor":13,"turns":5},{"damage":32,"enemies":"Gremlin Nob","floor":14,"turns":3}],"seed_played":"-1734610576583097062","potions_obtained":[{"floor":1,"key":"Energy Potion"},{"floor":8,"key":"LiquidBronze"}],"is_trial":false,"path_per_floor":["M","?","M","$","?","?","E","M","T","E","T","R","M","E"],"character_chosen":"IRONCLAD","items_purchased":[],"campfire_rested":1,"item_purchase_floors":[],"current_hp_per_floor":[80,80,80,80,64,44,50,44,44,14,14,38,29,0],"gold":245,"neow_bonus":"THREE_ENEMY_KILL","is_prod":false,"is_daily":false,"chose_seed":false,"campfire_upgraded":0,"win_rate":0,"timestamp":1563695901,"path_taken":["M","?","M","$","?","?","E","?","T","E","?","R","M","E"],"build_version":"2019-07-05","purchased_purges":0,"victory":false,"max_hp_per_floor":[80,80,80,80,80,80,80,80,80,80,80,80,80,80],"card_choices":[{"not_picked":["Bloodletting","Twin Strike","Wild Strike"],"picked":"SKIP","floor":1},{"not_picked":["Warcry","Armaments"],"picked":"Perfected Strike","floor":3},{"not_picked":["Intimidate","Pommel Strike"],"picked":"Searing Blow","floor":7},{"not_picked":["Warcry","Perfected Strike","Clash"],"picked":"SKIP","floor":8},{"not_picked":["Clothesline","Warcry"],"picked":"Pommel Strike","floor":10},{"not_picked":["Sword Boomerang","Perfected Strike"],"picked":"Shrug It Off","floor":13}],"player_experience":67768,"relics_obtained":[{"floor":7,"key":"Paper Frog"},{"floor":9,"key":"Ornamental Fan"},{"floor":10,"key":"Bag of Preparation"},{"floor":11,"key":"Torii"}],"event_choices":[{"damage_healed":0,"gold_gain":0,"player_choice":"Ignored","damage_taken":0,"max_hp_gain":0,"max_hp_loss":0,"event_name":"Liars Game","floor":2,"gold_loss":0},{"damage_healed":0,"gold_gain":0,"player_choice":"Entered Light","damage_taken":16,"max_hp_gain":0,"max_hp_loss":0,"event_name":"Shining Light","floor":5,"gold_loss":0,"cards_upgraded":["Defend_R","Strike_R"]},{"damage_healed":0,"gold_gain":0,"player_choice":"Take Damage","damage_taken":20,"relics_obtained":["Golden Idol"],"max_hp_gain":0,"max_hp_loss":0,"event_name":"Golden Idol","floor":6,"gold_loss":0}],"is_beta":false,"boss_relics":[],"items_purged_floors":[],"is_endless":false,"potions_floor_spawned":[1,8],"killed_by":"Gremlin Nob","ascension_level":5}