{"gold_per_floor":[116,136,136,151,25,25,40,40,64,76,76,76,22,47,47,143,143,156,156,168,187,40,40,53,5,5,32,44,63,82,93,93,188,188,202,212,231,331,349,349,47,47,47,65,85,100,110,110,110,110],"floor_reached":51,"playtime":3513,"items_purged":["Strike_G","Strike_G"],"score":752,"play_id":"f05178af-8f28-4cb6-9263-d2bf341ef8c5","local_time":"20190625093852","is_ascension_mode":false,"campfire_choices":[{"data":"Neutralize","floor":6,"key":"SMITH"},{"data":"Poisoned Stab","floor":12,"key":"SMITH"},{"data":"Dash","floor":15,"key":"SMITH"},{"data":"Noxious Fumes","floor":23,"key":"SMITH"},{"data":"Well Laid Plans","floor":32,"key":"SMITH"},{"data":"Burst","floor":40,"key":"SMITH"},{"data":"After Image","floor":42,"key":"SMITH"},{"data":"Survivor","floor":49,"key":"SMITH"}],"neow_cost":"NONE","seed_source_timestamp":1067683095084239,"circlet_count":0,"master_deck":["Defend_G+1","Defend_G+1","Defend_G","Defend_G","Defend_G","Strike_G","Strike_G","Strike_G","Survivor+1","Neutralize+1","Dagger Spray","Poisoned Stab+1","Dagger Throw","Slice","Backflip","Dash+1","After Image+1","Well Laid Plans+1","Backstab","Noxious Fumes+1","PiercingWail","PiercingWail","Cloak And Dagger+1","Neutralize+1","PiercingWail","Dodge and Roll+1","PiercingWail","Backflip","Tactician+1","Crippling Poison+1","Deflect+1","Slice+1","Burst+1","Backflip","Backflip+1","Catalyst+1","Footwork+1","Dodge and Roll+1"],"relics":["Ring of the Snake","NeowsBlessing","Vajra","War Paint","Incense Burner","Potion Belt","Orrery","Snake Skull","Kunai","Strawberry","Philosopher\u0027s Stone","Ice Cream","Oddly Smooth Stone","Pantograph"],"potions_floor_usage":[21,21,31,33,33,37,39,45,46,50,50],"damage_taken":[{"damage":0,"enemies":"2 Louse","floor":1,"turns":1},{"damage":0,"enemies":"Cultist","floor":2,"turns":1},{"damage":0,"enemies":"Jaw Worm","floor":4,"turns":1},{"damage":2,"enemies":"Large Slime","floor":7,"turns":6},{"damage":16,"enemies":"Exordium Thugs","floor":10,"turns":3},{"damage":10,"enemies":"Lagavulin","floor":14,"turns":6},{"damage":5,"enemies":"The Guardian","floor":16,"turns":14},{"damage":0,"enemies":"Shell Parasite","floor":18,"turns":6},{"damage":0,"enemies":"Chosen","floor":20,"turns":5},{"damage":2,"enemies":"3 Cultists","floor":21,"turns":5},{"damage":1,"enemies":"Shelled Parasite and Fungi","floor":24,"turns":5},{"damage":5,"enemies":"Slavers","floor":27,"turns":8},{"damage":0,"enemies":"Centurion and Healer","floor":28,"turns":8},{"damage":0,"enemies":"3 Cultists","floor":29,"turns":6},{"damage":7,"enemies":"Snake Plant","floor":30,"turns":5},{"damage":0,"enemies":"Snecko","floor":31,"turns":5},{"damage":10,"enemies":"Automaton","floor":33,"turns":11},{"damage":4,"enemies":"Orb Walker","floor":35,"turns":5},{"damage":0,"enemies":"3 Darklings","floor":36,"turns":4},{"damage":21,"enemies":"Jaw Worm Horde","floor":37,"turns":5},{"damage":0,"enemies":"Mind Bloom Boss Battle","floor":38,"turns":9},{"damage":6,"enemies":"Maw","floor":39,"turns":8},{"damage":0,"enemies":"4 Shapes","floor":44,"turns":4},{"damage":0,"enemies":"Spire Growth","floor":45,"turns":4},{"damage":19,"enemies":"Transient","floor":46,"turns":5},{"damage":0,"enemies":"Maw","floor":47,"turns":6},{"damage":7,"enemies":"Donu and Deca","floor":50,"turns":11}],"seed_played":"-1284043942553007044","potions_obtained":[{"floor":7,"key":"SpeedPotion"},{"floor":16,"key":"Strength Potion"},{"floor":18,"key":"Energy Potion"},{"floor":20,"key":"Ancient Potion"},{"floor":21,"key":"SpeedPotion"},{"floor":27,"key":"Block Potion"},{"floor":31,"key":"Regen Potion"},{"floor":36,"key":"SkillPotion"},{"floor":38,"key":"GhostInAJar"},{"floor":39,"key":"Regen Potion"},{"floor":44,"key":"Block Potion"},{"floor":47,"key":"Dexterity Potion"}],"is_trial":false,"path_per_floor":["M","M","?","M","$","R","M","?","T","M","?","R","?","E","R","B",null,"M","?","M","M","$","R","M","$","T","E","M","M","M","M","R","B",null,"M","M","M","?","M","R","$","R","T","M","M","M","M","?","R","B",null],"character_chosen":"THE_SILENT","items_purchased":["Dagger Throw","Snake Skull","PiercingWail","Oddly Smooth Stone","PowerPotion"],"campfire_rested":0,"item_purchase_floors":[5,22,25,41,41],"current_hp_per_floor":[70,70,70,70,70,70,68,73,73,57,54,54,54,44,44,39,75,75,75,75,73,73,73,72,72,72,74,74,74,67,67,67,57,82,78,78,57,57,66,66,66,66,66,66,78,59,59,59,59,71],"gold":110,"neow_bonus":"THREE_ENEMY_KILL","is_prod":false,"is_daily":false,"chose_seed":false,"campfire_upgraded":8,"win_rate":0,"timestamp":1561469932,"path_taken":["M","M","?","?","$","R","M","?","T","M","?","R","?","E","R","BOSS","M","?","M","M","?","R","M","$","T","E","M","M","?","M","R","BOSS","M","M","M","?","M","R","$","R","T","M","M","M","M","?","R","BOSS"],"build_version":"2019-01-23","purchased_purges":2,"victory":true,"max_hp_per_floor":[70,70,70,70,70,70,70,75,75,75,75,75,75,75,75,75,75,75,75,75,75,75,75,75,75,75,82,82,82,82,82,82,82,82,82,82,82,82,82,82,82,82,82,82,82,82,82,78,78,78],"card_choices":[{"not_picked":["Slice","Acrobatics"],"picked":"Catalyst","floor":1},{"not_picked":["Tactician","Setup"],"picked":"Dagger Spray","floor":2},{"not_picked":["Backflip","Distraction"],"picked":"Poisoned Stab","floor":4},{"not_picked":["Tactician","Prepared"],"picked":"Slice","floor":7},{"not_picked":["Deflect","Blur"],"picked":"Backflip","floor":10},{"not_picked":["Burst","Cloak And Dagger"],"picked":"Dash","floor":14},{"not_picked":["Die Die Die","Night Terror"],"picked":"After Image","floor":16},{"not_picked":["Dodge and Roll","Prepared"],"picked":"Well Laid Plans","floor":17},{"not_picked":["Heel Hook","Skewer"],"picked":"Backstab","floor":17},{"not_picked":["Well Laid Plans","Sucker Punch"],"picked":"Noxious Fumes","floor":17},{"not_picked":["Distraction","Backstab"],"picked":"PiercingWail","floor":17},{"not_picked":["Noxious Fumes","Terror"],"picked":"PiercingWail","floor":17},{"not_picked":["Predator","Infinite Blades"],"picked":"Cloak And Dagger+1","floor":18},{"not_picked":["Dagger Throw","Skewer+1","Reflex+1"],"picked":"SKIP","floor":20},{"not_picked":["Predator","Dagger Spray"],"picked":"PiercingWail","floor":21},{"not_picked":["Dagger Spray","Poisoned Stab+1"],"picked":"Dodge and Roll+1","floor":24},{"not_picked":["Tactician","Predator"],"picked":"Backflip","floor":27},{"not_picked":["Flying Knee","Outmaneuver"],"picked":"Tactician+1","floor":28},{"not_picked":["Backflip+1","Dodge and Roll+1"],"picked":"Crippling Poison+1","floor":29},{"not_picked":["Heel Hook+1","Dagger Spray"],"picked":"Deflect+1","floor":30},{"not_picked":["Cloak And Dagger","Unload"],"picked":"Slice+1","floor":31},{"not_picked":["Night Terror","After Image"],"picked":"Burst","floor":33},{"not_picked":["Dagger Spray+1","Masterful Stab+1"],"picked":"Backflip","floor":35},{"not_picked":["Acrobatics+1","Underhanded Strike+1"],"picked":"Backflip+1","floor":36},{"not_picked":["Underhanded Strike+1","Dagger Throw","Cloak And Dagger"],"picked":"SKIP","floor":37},{"not_picked":["Phantasmal Killer","Backflip","Flying Knee"],"picked":"SKIP","floor":39},{"not_picked":["Leg Sweep","Tactician+1"],"picked":"Catalyst+1","floor":44},{"not_picked":["Prepared","Accuracy"],"picked":"Footwork+1","floor":45},{"not_picked":["Skewer+1","Dash","Deadly Poison"],"picked":"SKIP","floor":46},{"not_picked":["Outmaneuver+1","Cloak And Dagger+1"],"picked":"Dodge and Roll+1","floor":47}],"player_experience":3824183,"relics_obtained":[{"floor":9,"key":"Vajra"},{"floor":14,"key":"Potion Belt"},{"floor":26,"key":"Kunai"},{"floor":27,"key":"Strawberry"},{"floor":38,"key":"Ice Cream"},{"floor":43,"key":"Pantograph"}],"event_choices":[{"cards_removed":["Catalyst"],"damage_healed":0,"gold_gain":0,"player_choice":"Offered Uncommon","damage_taken":0,"max_hp_gain":0,"max_hp_loss":0,"event_name":"Bonfire Elementals","floor":3,"gold_loss":0},{"damage_healed":0,"gold_gain":0,"player_choice":"Donut","damage_taken":0,"max_hp_gain":5,"max_hp_loss":0,"event_name":"Big Fish","floor":8,"gold_loss":0},{"damage_healed":0,"gold_gain":0,"player_choice":"Success","damage_taken":3,"relics_obtained":["War Paint"],"max_hp_gain":0,"max_hp_loss":0,"event_name":"Scrap Ooze","floor":11,"gold_loss":0},{"damage_healed":0,"gold_gain":0,"player_choice":"Paid Gold","damage_taken":0,"relics_obtained":["Incense Burner"],"max_hp_gain":0,"max_hp_loss":0,"event_name":"WeMeetAgain","floor":13,"gold_loss":54},{"damage_healed":0,"gold_gain":0,"player_choice":"Copied","damage_taken":0,"max_hp_gain":0,"max_hp_loss":0,"event_name":"Duplicator","floor":19,"gold_loss":0,"cards_obtained":["Neutralize"]},{"damage_healed":0,"gold_gain":0,"player_choice":"Fight","damage_taken":0,"max_hp_gain":0,"max_hp_loss":0,"event_name":"MindBloom","floor":38,"gold_loss":0},{"damage_healed":0,"gold_gain":0,"player_choice":"Max HP","damage_taken":0,"max_hp_gain":0,"max_hp_loss":4,"event_name":"Winding Halls","floor":48,"gold_loss":0}],"is_beta":false,"boss_relics":[{"not_picked":["Coffee Dripper","Fusion Hammer"],"picked":"Orrery"},{"not_picked":["Velvet Choker","WristBlade"],"picked":"Philosopher\u0027s Stone"}],"items_purged_floors":[5,41],"is_endless":false,"potions_floor_spawned":[7,16,18,20,21,27,31,36,38,39,44,47],"ascension_level":0}