{"gold_per_floor":[116,129,42,60,60,60,70,70,70,70,89,104,169,201,201,272,272,282,207,207,221,240,240,240,240,240,269,284,284,18,29,29,104,104,116,116,130,0,0,25,25,56,81,98,23,23,42,55,55,55],"floor_reached":51,"playtime":6109,"items_purged":["Regret"],"score":1334,"play_id":"beb494e9-d06e-4940-a836-734ca00695d7","local_time":"20181109181058","is_ascension_mode":true,"campfire_choices":[{"data":"Dodge and Roll","floor":6,"key":"SMITH"},{"floor":8,"key":"REST"},{"data":"Neutralize","floor":10,"key":"SMITH"},{"floor":15,"key":"REST"},{"floor":23,"key":"REST"},{"floor":29,"key":"REST"},{"data":"Footwork","floor":32,"key":"SMITH"},{"data":"Crippling Poison","floor":41,"key":"SMITH"},{"floor":46,"key":"REST"},{"floor":49,"key":"REST"}],"neow_cost":"NONE","seed_source_timestamp":427085392806418,"circlet_count":0,"master_deck":["AscendersBane","Defend_G","Defend_G","Defend_G","Defend_G","Defend_G","Strike_G","Strike_G","Strike_G","Survivor","Neutralize+1","Quick Slash","Sucker Punch","Noxious Fumes+1","Dodge and Roll+1","Tools of the Trade","Dagger Spray","PiercingWail","Escape Plan","Glass Knife","Prepared","RitualDagger","PiercingWail+1","Backstab","Backflip","Catalyst+1","Footwork+1","Die Die Die","Shame","Bouncing Flask","Crippling Poison+1","Malaise","Clumsy","Noxious Fumes","Bane"],"relics":["Ring of the Snake","Ornamental Fan","Meat on the Bone","Bronze Scales","Cursed Key","Centennial Puzzle","Blood Vial","Paper Crane","Sozu","Red Mask","Incense Burner","Oddly Smooth Stone","Ancient Tea Set"],"potions_floor_usage":[7,14,14,21,25,31,37],"damage_taken":[{"damage":2,"enemies":"Jaw Worm","floor":1,"turns":7},{"damage":12,"enemies":"Cultist","floor":2,"turns":7},{"damage":0,"enemies":"2 Louse","floor":4,"turns":3},{"damage":9,"enemies":"Exordium Thugs","floor":7,"turns":6},{"damage":3,"enemies":"3 Louse","floor":11,"turns":6},{"damage":0,"enemies":"Large Slime","floor":12,"turns":5},{"damage":20,"enemies":"Gremlin Nob","floor":13,"turns":5},{"damage":13,"enemies":"3 Sentries","floor":14,"turns":6},{"damage":40,"enemies":"Slime Boss","floor":16,"turns":11},{"damage":7,"enemies":"Chosen","floor":18,"turns":5},{"damage":16,"enemies":"Spheric Guardian","floor":21,"turns":4},{"damage":26,"enemies":"Shelled Parasite and Fungi","floor":22,"turns":6},{"damage":0,"enemies":"Colosseum Slavers","floor":25,"turns":5},{"damage":16,"enemies":"Slavers","floor":27,"turns":6},{"damage":16,"enemies":"Snecko","floor":28,"turns":6},{"damage":0,"enemies":"Snake Plant","floor":31,"turns":4},{"damage":7,"enemies":"Collector","floor":33,"turns":13},{"damage":5,"enemies":"3 Darklings","floor":35,"turns":6},{"damage":9,"enemies":"Orb Walker","floor":37,"turns":3},{"damage":0,"enemies":"Nemesis","floor":40,"turns":7},{"damage":10,"enemies":"Reptomancer","floor":42,"turns":6},{"damage":15,"enemies":"Maw","floor":44,"turns":9},{"damage":13,"enemies":"Transient","floor":47,"turns":5},{"damage":3,"enemies":"Jaw Worm Horde","floor":48,"turns":4},{"damage":22,"enemies":"Awakened One","floor":50,"turns":19}],"seed_played":"4560438898282981681","potions_obtained":[{"floor":2,"key":"SpeedPotion"},{"floor":7,"key":"Weak Potion"},{"floor":11,"key":"FearPotion"},{"floor":13,"key":"LiquidBronze"},{"floor":16,"key":"SpeedPotion"},{"floor":18,"key":"Poison Potion"},{"floor":28,"key":"Energy Potion"},{"floor":33,"key":"FearPotion"}],"is_trial":false,"path_per_floor":["M","M","$","M","?","R","M","R","T","R","M","M","?","E","R","B",null,"M","?","?","M","M","R","?","?","T","E","M","R","$","M","R","B",null,"M","?","M","?","?","E","R","E","T","M","$","R","M","M","R","B",null],"character_chosen":"THE_SILENT","items_purchased":["Noxious Fumes","Paper Crane"],"campfire_rested":6,"item_purchase_floors":[3,30],"current_hp_per_floor":[57,45,45,45,45,45,36,55,55,55,52,52,32,31,50,22,55,48,48,42,38,24,43,25,37,37,33,31,52,52,54,54,49,66,63,63,56,56,56,58,58,50,50,37,37,57,46,45,65,45],"gold":55,"neow_bonus":"REMOVE_CARD","is_prod":false,"is_daily":false,"chose_seed":false,"campfire_upgraded":4,"win_rate":0,"timestamp":1541805058,"path_taken":["M","M","$","M","?","R","M","R","T","R","M","?","?","E","R","BOSS","M","?","?","M","M","R","?","?","T","E","M","R","$","?","R","BOSS","M","?","M","?","?","E","R","E","T","M","$","R","?","M","R","BOSS"],"build_version":"2018-11-08","purchased_purges":1,"victory":true,"max_hp_per_floor":[66,66,66,66,66,66,66,66,66,66,66,66,66,66,66,66,66,66,66,66,66,66,66,71,71,71,71,71,71,71,71,71,71,71,71,67,67,67,67,67,67,67,67,67,67,67,67,67,67,67],"card_choices":[{"not_picked":["Sucker Punch","Cloak And Dagger"],"picked":"Quick Slash","floor":1},{"not_picked":["Cloak And Dagger","Finisher"],"picked":"Sucker Punch","floor":2},{"not_picked":["Deadly Poison","Distraction"],"picked":"Dodge and Roll","floor":4},{"not_picked":["Flechettes","Bane"],"picked":"Tools of the Trade","floor":7},{"not_picked":["Outmaneuver","Distraction"],"picked":"Dagger Spray","floor":11},{"not_picked":["Bane","Dagger Throw"],"picked":"PiercingWail","floor":12},{"not_picked":["Underhanded Strike","Flying Knee"],"picked":"Escape Plan","floor":14},{"not_picked":["A Thousand Cuts","Adrenaline"],"picked":"Glass Knife","floor":16},{"not_picked":["Cloak And Dagger","Sucker Punch"],"picked":"Prepared","floor":18},{"not_picked":["All Out Attack","Expertise"],"picked":"PiercingWail+1","floor":21},{"not_picked":["Dagger Spray","Accuracy"],"picked":"Backstab","floor":22},{"not_picked":["Reflex","Deadly Poison"],"picked":"Backflip","floor":27},{"not_picked":["Expertise+1","Acrobatics+1"],"picked":"Catalyst+1","floor":28},{"not_picked":["Acrobatics","Adrenaline"],"picked":"Footwork","floor":31},{"not_picked":["Unload","Glass Knife"],"picked":"Die Die Die","floor":33},{"not_picked":["Blade Dance","Bane","Flying Knee"],"picked":"SKIP","floor":35},{"not_picked":["Bane","Slice","Reflex"],"picked":"SKIP","floor":37},{"not_picked":["Leg Sweep","Acrobatics"],"picked":"Crippling Poison","floor":40},{"not_picked":["Deadly Poison","Outmaneuver"],"picked":"Malaise","floor":42},{"not_picked":["Tactician+1","Bane"],"picked":"Noxious Fumes","floor":44},{"not_picked":["Dodge and Roll","Prepared","Outmaneuver"],"picked":"SKIP","floor":47},{"not_picked":["Acrobatics+1","Sucker Punch+1"],"picked":"Bane","floor":48}],"player_experience":2158944,"relics_obtained":[{"floor":9,"key":"Ornamental Fan"},{"floor":13,"key":"Meat on the Bone"},{"floor":14,"key":"Bronze Scales"},{"floor":26,"key":"Centennial Puzzle"},{"floor":27,"key":"Blood Vial"},{"floor":40,"key":"Incense Burner"},{"floor":42,"key":"Oddly Smooth Stone"},{"floor":43,"key":"Ancient Tea Set"}],"event_choices":[{"damage_healed":0,"gold_gain":0,"player_choice":"Upgraded","damage_taken":0,"max_hp_gain":0,"max_hp_loss":0,"event_name":"Upgrade Shrine","floor":5,"gold_loss":0,"cards_upgraded":["Noxious Fumes"]},{"damage_healed":0,"gold_gain":0,"player_choice":"Searched \u00271\u0027 times","damage_taken":0,"max_hp_gain":0,"max_hp_loss":0,"event_name":"Dead Adventurer","floor":13,"gold_loss":0},{"cards_removed":["Strike_G"],"damage_healed":0,"gold_gain":0,"player_choice":"Gave Gold","damage_taken":0,"max_hp_gain":0,"max_hp_loss":0,"event_name":"Beggar","floor":19,"gold_loss":75},{"damage_healed":0,"gold_gain":0,"player_choice":"Joined the Cult","damage_taken":6,"max_hp_gain":0,"max_hp_loss":0,"event_name":"Nest","floor":20,"gold_loss":0,"cards_obtained":["RitualDagger"]},{"damage_healed":0,"gold_gain":0,"player_choice":"Shed Blood","damage_taken":23,"max_hp_gain":5,"max_hp_loss":0,"event_name":"Forgotten Altar","floor":24,"gold_loss":0},{"damage_healed":0,"gold_gain":0,"player_choice":"Fight","damage_taken":0,"max_hp_gain":0,"max_hp_loss":0,"event_name":"Colosseum","floor":25,"gold_loss":0},{"damage_healed":0,"gold_gain":0,"player_choice":"Fled From Nobs","damage_taken":0,"max_hp_gain":0,"max_hp_loss":0,"event_name":"Colosseum","floor":25,"gold_loss":0},{"damage_healed":0,"gold_gain":0,"player_choice":"Max HP","damage_taken":0,"max_hp_gain":0,"max_hp_loss":4,"event_name":"Winding Halls","floor":36,"gold_loss":0},{"damage_healed":0,"gold_gain":0,"player_choice":"Paid","damage_taken":0,"relics_obtained":["Red Mask"],"max_hp_gain":0,"max_hp_loss":0,"event_name":"Tomb of Lord Red Mask","floor":38,"gold_loss":130},{"damage_healed":0,"gold_gain":0,"player_choice":"2 cards matched","damage_taken":0,"max_hp_gain":0,"max_hp_loss":0,"event_name":"Match and Keep!","floor":39,"gold_loss":0,"cards_obtained":["Shame","Bouncing Flask"]}],"is_beta":false,"boss_relics":[{"not_picked":["Ring of the Serpent","Orrery"],"picked":"Cursed Key"},{"not_picked":["Eternal Feather","Runic Pyramid"],"picked":"Sozu"}],"items_purged_floors":[45],"is_endless":false,"potions_floor_spawned":[2,7,11,13,16,18,25,28,33,40,47,48],"ascension_level":16}