{"gold_per_floor":[112,112,0,10,29,29,29,44,44,44,0,35,35,135,135,238,238,256,268,268],"floor_reached":20,"playtime":817,"items_purged":["Strike_B"],"score":215,"play_id":"6c958bd6-4f16-4c51-894e-958ade4a36b4","local_time":"20181201182834","is_ascension_mode":true,"campfire_choices":[{"data":"Creative AI","floor":6,"key":"SMITH"},{"data":"Zap","floor":10,"key":"SMITH"},{"floor":13,"key":"REST"},{"data":"Capacitor","floor":15,"key":"SMITH"}],"neow_cost":"NONE","seed_source_timestamp":1540817515974589,"circlet_count":0,"master_deck":["Strike_B","Strike_B","Strike_B","Defend_B","Defend_B","Defend_B","Defend_B","Zap+1","Dualcast","Creative AI+1","Capacitor+1","Fusion","Recycle","Tempest","Stack","Buffer","Capacitor+1"],"relics":["Cracked Core","FaceOfCleric","Bronze Scales","Shuriken","Sozu"],"potions_floor_usage":[5,16,16,19],"damage_taken":[{"damage":2,"enemies":"Jaw Worm","floor":1,"turns":4},{"damage":23,"enemies":"Cultist","floor":4,"turns":6},{"damage":4,"enemies":"2 Louse","floor":5,"turns":2},{"damage":7,"enemies":"Looter","floor":8,"turns":3},{"damage":20,"enemies":"Lagavulin","floor":12,"turns":7},{"damage":22,"enemies":"Slime Boss","floor":16,"turns":6},{"damage":16,"enemies":"Spheric Guardian","floor":18,"turns":4},{"damage":15,"enemies":"Chosen","floor":19,"turns":6},{"damage":41,"enemies":"Shelled Parasite and Fungi","floor":20,"turns":3}],"seed_played":"-576450653844999828","potions_obtained":[{"floor":4,"key":"EntropicBrew"}],"is_trial":false,"path_per_floor":["M","?","$","M","M","R","$","M","T","R","?","E","R","?","R","B",null,"M","M","M"],"character_chosen":"DEFECT","items_purchased":["Fusion"],"campfire_rested":1,"item_purchase_floors":[3],"current_hp_per_floor":[73,73,73,51,48,48,48,42,42,42,42,23,46,46,46,25,66,51,37,0],"gold":268,"neow_bonus":"ONE_RANDOM_RARE_CARD","is_prod":false,"is_daily":false,"chose_seed":false,"campfire_upgraded":3,"win_rate":0,"timestamp":1543706914,"path_taken":["M","?","$","?","M","R","$","M","T","R","?","E","R","?","R","BOSS","M","M","?"],"build_version":"2018-11-15","purchased_purges":1,"victory":false,"max_hp_per_floor":[75,75,75,76,77,77,77,78,78,78,78,79,79,79,79,80,80,81,82,82],"card_choices":[{"not_picked":["Leap","Steam"],"picked":"Capacitor","floor":1},{"not_picked":["Streamline","Stack"],"picked":"Recycle","floor":4},{"not_picked":["Beam Cell","Sweeping Beam","Hologram"],"picked":"SKIP","floor":5},{"not_picked":["Beam Cell","Sweeping Beam","Hologram"],"picked":"SKIP","floor":5},{"not_picked":["Barrage","FTL"],"picked":"Tempest","floor":8},{"not_picked":["Turbo","Fusion"],"picked":"Stack","floor":12},{"not_picked":["Creative AI","Biased Cognition"],"picked":"Buffer","floor":16},{"not_picked":["Steam","Hologram","Streamline"],"picked":"SKIP","floor":18},{"not_picked":["Beam Cell","Turbo+1"],"picked":"Capacitor+1","floor":19}],"player_experience":2605890,"relics_obtained":[{"floor":9,"key":"Bronze Scales"},{"floor":12,"key":"Shuriken"}],"event_choices":[{"damage_healed":0,"gold_gain":0,"player_choice":"Trade","damage_taken":0,"relics_obtained":["FaceOfCleric"],"max_hp_gain":0,"max_hp_loss":0,"event_name":"FaceTrader","floor":2,"gold_loss":0},{"damage_healed":0,"gold_gain":0,"player_choice":"Left Gold","damage_taken":0,"max_hp_gain":0,"max_hp_loss":0,"event_name":"World of Goop","floor":11,"gold_loss":44},{"damage_healed":0,"gold_gain":100,"player_choice":"Pray","damage_taken":0,"max_hp_gain":0,"max_hp_loss":0,"event_name":"Golden Shrine","floor":14,"gold_loss":0}],"is_beta":false,"boss_relics":[{"not_picked":["Fusion Hammer","Lizard Tail"],"picked":"Sozu"}],"items_purged_floors":[3],"is_endless":false,"potions_floor_spawned":[4,8,19],"killed_by":"Shelled Parasite and Fungi","ascension_level":5}