{"gold_per_floor":[113,38,113,11,11,41,57,88,88,106,106,119,269,327,327,405,405,417,159,171,171,245,245],"floor_reached":23,"playtime":2050,"items_purged":["Doubt"],"score":406,"play_id":"ab7cfca4-d24c-4b5d-8822-4fdd8e2b217b","local_time":"20190419185534","is_ascension_mode":true,"campfire_choices":[{"data":"Neutralize","floor":11,"key":"SMITH"},{"floor":15,"key":"REST"}],"neow_cost":"NONE","seed_source_timestamp":775666619122823,"circlet_count":0,"master_deck":["AscendersBane","Defend_G","Defend_G","Defend_G","Defend_G","Defend_G","Strike_G","Strike_G","Strike_G","Strike_G","Survivor","Neutralize+1","Caltrops","Dagger Spray","Quick Slash","Poisoned Stab","Prepared","Well Laid Plans+1","Flying Knee","Caltrops+1","A Thousand Cuts+1","Acrobatics","Sadistic Nature+1","Shame"],"relics":["Ring of the Serpent","NeowsBlessing","Bag of Preparation","Meat on the Bone","Ancient Tea Set","Frozen Egg 2","Tiny Chest","Torii","Mercury Hourglass"],"potions_floor_usage":[16,16],"damage_taken":[{"damage":0,"enemies":"Small Slimes","floor":1,"turns":1},{"damage":0,"enemies":"3 Sentries","floor":6,"turns":1},{"damage":0,"enemies":"Jaw Worm","floor":7,"turns":1},{"damage":28,"enemies":"Lagavulin","floor":8,"turns":8},{"damage":2,"enemies":"Cultist","floor":10,"turns":3},{"damage":0,"enemies":"2 Fungi Beasts","floor":12,"turns":3},{"damage":24,"enemies":"3 Sentries","floor":14,"turns":8},{"damage":39,"enemies":"Hexaghost","floor":16,"turns":9},{"damage":15,"enemies":"3 Byrds","floor":18,"turns":3},{"damage":7,"enemies":"Chosen","floor":20,"turns":5},{"damage":46,"enemies":"Slavers","floor":23,"turns":2}],"seed_played":"624209652378236979","potions_obtained":[{"floor":6,"key":"Ancient Potion"},{"floor":8,"key":"LiquidBronze"}],"is_trial":false,"path_per_floor":["M","?","?","$","?","E","M","E","T","M","R","M","?","E","R","B",null,"M","$","M","?","T","E"],"character_chosen":"THE_SILENT","items_purchased":["Dagger Spray","Flying Knee","Sadistic Nature+1"],"campfire_rested":1,"item_purchase_floors":[4,4,19],"current_hp_per_floor":[59,59,48,48,48,48,48,32,32,42,42,42,42,30,49,22,55,40,40,45,45,45,0],"gold":245,"neow_bonus":"THREE_ENEMY_KILL","is_prod":false,"is_daily":false,"chose_seed":false,"campfire_upgraded":1,"win_rate":0,"timestamp":1555721734,"path_taken":["M","?","?","$","?","E","M","E","T","?","R","M","?","E","R","BOSS","M","$","M","?","?","E"],"build_version":"2019-04-04","purchased_purges":1,"victory":false,"max_hp_per_floor":[66,66,66,66,66,66,66,66,66,66,66,66,66,66,66,66,66,66,66,66,66,66,66],"card_choices":[{"not_picked":["Dagger Throw","Deadly Poison"],"picked":"Caltrops","floor":1},{"not_picked":["Leg Sweep","Accuracy"],"picked":"Quick Slash","floor":6},{"not_picked":["Underhanded Strike","Sucker Punch"],"picked":"Poisoned Stab","floor":7},{"not_picked":["Underhanded Strike","Riddle With Holes"],"picked":"Prepared","floor":8},{"not_picked":["Underhanded Strike","Dagger Spray"],"picked":"Well Laid Plans+1","floor":10},{"not_picked":["Prepared","Acrobatics"],"picked":"Flying Knee","floor":12},{"not_picked":["Flechettes","Accuracy+1"],"picked":"Caltrops+1","floor":14},{"not_picked":["Grand Finale","Storm of Steel"],"picked":"A Thousand Cuts+1","floor":16},{"not_picked":["Finisher+1","Bane"],"picked":"Acrobatics","floor":18},{"not_picked":["Deflect","Deadly Poison","Setup"],"picked":"SKIP","floor":20}],"player_experience":881407,"relics_obtained":[{"floor":6,"key":"Meat on the Bone"},{"floor":8,"key":"Ancient Tea Set"},{"floor":9,"key":"Frozen Egg 2"},{"floor":14,"key":"Tiny Chest"},{"floor":22,"key":"Mercury Hourglass"}],"event_choices":[{"cards_removed":["Strike_G"],"damage_healed":0,"gold_gain":0,"player_choice":"Card Removal","damage_taken":0,"max_hp_gain":0,"max_hp_loss":0,"event_name":"The Cleric","floor":2,"gold_loss":75},{"damage_healed":0,"gold_gain":75,"player_choice":"Gather Gold","damage_taken":11,"max_hp_gain":0,"max_hp_loss":0,"event_name":"World of Goop","floor":3,"gold_loss":0},{"cards_removed":["Flying Knee"],"damage_healed":0,"gold_gain":0,"player_choice":"Gave Card","damage_taken":0,"relics_obtained":["Bag of Preparation"],"max_hp_gain":0,"max_hp_loss":0,"event_name":"WeMeetAgain","floor":5,"gold_loss":0},{"damage_healed":0,"gold_gain":150,"player_choice":"AGREE","damage_taken":0,"max_hp_gain":0,"max_hp_loss":0,"event_name":"Liars Game","floor":13,"gold_loss":0,"cards_obtained":["Doubt"]},{"damage_healed":0,"gold_gain":0,"player_choice":"Stole Relic","damage_taken":0,"relics_obtained":["Torii"],"max_hp_gain":0,"max_hp_loss":0,"event_name":"Addict","floor":21,"gold_loss":0,"cards_obtained":["Shame"]}],"is_beta":true,"boss_relics":[{"not_picked":["Orrery","Runic Dome"],"picked":"Ring of the Serpent"}],"items_purged_floors":[19],"is_endless":false,"potions_floor_spawned":[6,8,14],"killed_by":"Slavers","ascension_level":15}