{"gold_per_floor":[16,27,3,16,16,16,44,44,70,82,82,7,22,22,22,126,126,136,124,24,24,42,42,62,62,87,87,102,134,9,9,9,108,108,123,345,345,1344,964,964,978,978,1002,132,132,142,157,157,157,157],"floor_reached":51,"playtime":2082,"items_purged":["Strike_R","Strike_R","Strike_R","Normality","Normality"],"score":718,"play_id":"6ca2ed3a-538a-401b-911e-32196aed5ccb","local_time":"20190714214605","is_ascension_mode":false,"campfire_choices":[{"data":"Uppercut","floor":6,"key":"SMITH"},{"data":"Spot Weakness","floor":8,"key":"SMITH"},{"data":"Limit Break","floor":11,"key":"SMITH"},{"data":"Clothesline","floor":15,"key":"SMITH"},{"data":"Heavy Blade","floor":23,"key":"SMITH"},{"data":"Disarm","floor":25,"key":"SMITH"},{"data":"Twin Strike","floor":27,"key":"SMITH"},{"data":"Reaper","floor":32,"key":"SMITH"},{"data":"Inflame","floor":40,"key":"SMITH"},{"data":"Bash","floor":42,"key":"SMITH"},{"floor":49,"key":"DIG"}],"neow_cost":"NO_GOLD","seed_source_timestamp":334596443059078,"circlet_count":0,"master_deck":["Strike_R","Defend_R","Defend_R","Defend_R","Defend_R","Bash+1","Ghostly Armor","Uppercut+1","Clothesline+1","Spot Weakness+1","Twin Strike+1","Limit Break+1","Disarm+1","Reaper+1","True Grit+1","Heavy Blade+1","Armaments+1","Dual Wield+1","Inflame+1","Shrug It Off","Brutality","Panacea","Panache","Reaper"],"relics":["Burning Blood","Red Skull","Anchor","Regal Pillow","Philosopher\u0027s Stone","PreservedInsect","Red Mask","Sozu","Bag of Marbles","Blood Vial","Boot","Shovel","Lantern"],"potions_floor_usage":[7,29,33,50,50],"damage_taken":[{"damage":1,"enemies":"Cultist","floor":1,"turns":4},{"damage":1,"enemies":"Jaw Worm","floor":2,"turns":3},{"damage":2,"enemies":"Small Slimes","floor":4,"turns":4},{"damage":20,"enemies":"Lagavulin","floor":7,"turns":6},{"damage":5,"enemies":"3 Louse","floor":10,"turns":5},{"damage":0,"enemies":"Red Slaver","floor":13,"turns":2},{"damage":15,"enemies":"Slime Boss","floor":16,"turns":9},{"damage":22,"enemies":"Shell Parasite","floor":18,"turns":7},{"damage":23,"enemies":"2 Thieves","floor":19,"turns":4},{"damage":18,"enemies":"Snake Plant","floor":22,"turns":6},{"damage":9,"enemies":"Cultist and Chosen","floor":24,"turns":7},{"damage":33,"enemies":"Shelled Parasite and Fungi","floor":28,"turns":10},{"damage":15,"enemies":"Masked Bandits","floor":29,"turns":8},{"damage":76,"enemies":"Collector","floor":33,"turns":7},{"damage":23,"enemies":"Orb Walker","floor":35,"turns":5},{"damage":31,"enemies":"3 Darklings","floor":41,"turns":6},{"damage":9,"enemies":"4 Shapes","floor":46,"turns":8},{"damage":49,"enemies":"Maw","floor":47,"turns":10},{"damage":83,"enemies":"Donu and Deca","floor":50,"turns":9}],"seed_played":"4567033106503969460","potions_obtained":[{"floor":1,"key":"Ancient Potion"},{"floor":2,"key":"Poison Potion"},{"floor":7,"key":"Dexterity Potion"},{"floor":16,"key":"FearPotion"},{"floor":22,"key":"Regen Potion"},{"floor":28,"key":"GamblersBrew"},{"floor":29,"key":"PowerPotion"}],"is_trial":false,"path_per_floor":["M","M","$","M","?","R","E","R","T","M","R","$","M","$","R","B",null,"M","M","$","?","M","R","M","R","T","R","M","?","$","?","R","B",null,"M","?","?","?","$","R","M","R","T","$","T","M","M","?","R","B",null],"character_chosen":"IRONCLAD","items_purchased":["Clothesline","Bag of Marbles","Inflame","Shrug It Off","Brutality","Panacea","Panache","Reaper","Boot"],"campfire_rested":0,"item_purchase_floors":[3,39,39,44,44,44,44,44,44],"current_hp_per_floor":[96,96,96,96,96,96,82,82,82,83,83,83,89,89,89,80,96,96,90,90,90,89,89,96,96,96,96,89,96,96,96,96,77,96,92,92,92,92,92,92,96,96,96,96,96,96,96,96,96,65],"gold":157,"neow_bonus":"TWENTY_PERCENT_HP_BONUS","is_prod":false,"is_daily":false,"chose_seed":false,"campfire_upgraded":10,"win_rate":0,"timestamp":1563155165,"path_taken":["M","M","?","M","?","R","E","R","T","M","R","$","?","?","R","BOSS","M","M","$","?","M","R","M","R","T","R","M","?","$","?","R","BOSS","M","?","?","?","$","R","?","R","T","$","?","?","M","?","R","BOSS"],"build_version":"2019-07-05","purchased_purges":5,"victory":true,"max_hp_per_floor":[96,96,96,96,96,96,96,96,96,96,96,96,96,96,96,96,96,96,96,96,96,96,96,96,96,96,96,96,96,96,96,96,96,96,96,96,96,96,96,96,96,96,96,96,96,96,96,96,96,96],"card_choices":[{"not_picked":["Flex","Second Wind"],"picked":"Ghostly Armor","floor":1},{"not_picked":["Anger","Dropkick"],"picked":"Uppercut","floor":2},{"not_picked":["Bloodletting","Havoc"],"picked":"Spot Weakness","floor":4},{"not_picked":["Clothesline","Blood for Blood"],"picked":"Twin Strike","floor":7},{"not_picked":["Infernal Blade","Anger"],"picked":"Limit Break","floor":10},{"not_picked":["Infernal Blade","Carnage"],"picked":"Disarm","floor":13},{"not_picked":["Double Tap","Bludgeon"],"picked":"Reaper","floor":16},{"not_picked":["Reckless Charge","Warcry","Rupture+1"],"picked":"SKIP","floor":18},{"not_picked":["Sword Boomerang","Pommel Strike+1"],"picked":"True Grit+1","floor":19},{"not_picked":["Shockwave","Perfected Strike"],"picked":"Heavy Blade","floor":22},{"not_picked":["Combust","Heavy Blade+1"],"picked":"Armaments+1","floor":24},{"not_picked":["Wild Strike+1","Clash+1","Anger+1"],"picked":"SKIP","floor":28},{"not_picked":["Impervious","Battle Trance"],"picked":"Dual Wield+1","floor":29},{"not_picked":["Limit Break","Brutality"],"picked":"Dark Embrace","floor":33},{"not_picked":["Flex+1","Pommel Strike+1","Twin Strike"],"picked":"SKIP","floor":35},{"not_picked":["Warcry","Combust","Carnage+1"],"picked":"SKIP","floor":41},{"not_picked":["Combust","Hemokinesis+1","Pommel Strike+1"],"picked":"SKIP","floor":46},{"not_picked":["Flex+1","Havoc+1","Thunderclap"],"picked":"SKIP","floor":47}],"player_experience":3961544,"relics_obtained":[{"floor":7,"key":"Anchor"},{"floor":9,"key":"Regal Pillow"},{"floor":26,"key":"PreservedInsect"},{"floor":29,"key":"Red Mask"},{"floor":43,"key":"Blood Vial"},{"floor":45,"key":"Shovel"},{"floor":49,"key":"Lantern"}],"event_choices":[{"damage_healed":0,"gold_gain":0,"player_choice":"Gave Potion","damage_taken":0,"relics_obtained":["Red Skull"],"max_hp_gain":0,"max_hp_loss":0,"event_name":"WeMeetAgain","floor":5,"gold_loss":0},{"damage_healed":0,"gold_gain":0,"player_choice":"Ignored","damage_taken":0,"max_hp_gain":0,"max_hp_loss":0,"event_name":"Vampires","floor":21,"gold_loss":0},{"damage_healed":0,"gold_gain":0,"player_choice":"Fought Bandits","damage_taken":0,"max_hp_gain":0,"max_hp_loss":0,"event_name":"Masked Bandits","floor":29,"gold_loss":0},{"cards_removed":["Strike_R"],"damage_healed":0,"gold_gain":0,"player_choice":"Offered Basic","damage_taken":0,"max_hp_gain":0,"max_hp_loss":0,"event_name":"Bonfire Elementals","floor":31,"gold_loss":0},{"damage_healed":0,"gold_gain":222,"player_choice":"Wore Mask","damage_taken":0,"max_hp_gain":0,"max_hp_loss":0,"event_name":"Tomb of Lord Red Mask","floor":36,"gold_loss":0},{"cards_removed":["Dark Embrace"],"damage_healed":0,"gold_gain":0,"player_choice":"Removed Power","damage_taken":0,"max_hp_gain":0,"max_hp_loss":0,"event_name":"Falling","floor":37,"gold_loss":0},{"damage_healed":0,"gold_gain":999,"player_choice":"Gold","damage_taken":0,"max_hp_gain":0,"max_hp_loss":0,"event_name":"MindBloom","floor":38,"gold_loss":0,"cards_obtained":["Normality","Normality"]},{"damage_healed":0,"gold_gain":0,"player_choice":"0 cards matched","damage_taken":0,"max_hp_gain":0,"max_hp_loss":0,"event_name":"Match and Keep!","floor":48,"gold_loss":0,"cards_obtained":[]}],"is_beta":false,"boss_relics":[{"not_picked":["Black Star","Busted Crown"],"picked":"Philosopher\u0027s Stone"},{"not_picked":["Black Blood","Runic Dome"],"picked":"Sozu"}],"items_purged_floors":[12,20,30,39,44],"is_endless":false,"potions_floor_spawned":[1,2,7,16,22,28,29,35,41,47],"ascension_level":0}