{"gold_per_floor":[110,90,12,12,33,67,67,67,137,150,175,175,175,2,2,92,92,111,111,111,111,136,136,155,174,198,218,243,0,0,0,0,94,94,115,115],"floor_reached":36,"playtime":4352,"items_purged":[],"score":799,"play_id":"6073e629-483a-405a-8078-81b0529cc3e1","local_time":"20181124145505","is_ascension_mode":true,"campfire_choices":[{"data":"Dash","floor":7,"key":"SMITH"},{"data":"Poisoned Stab","floor":13,"key":"SMITH"},{"data":"Glass Knife","floor":15,"key":"SMITH"},{"floor":23,"key":"REST"},{"floor":32,"key":"REST"}],"neow_cost":"NONE","seed_source_timestamp":919667274351875,"circlet_count":0,"master_deck":["AscendersBane","Defend_G+1","Defend_G+1","Defend_G+1","Defend_G+1","Defend_G+1","Strike_G+1","Strike_G+1","Strike_G+1","Strike_G+1","Survivor","Neutralize","Poisoned Stab+1","Choke","Leg Sweep","Dash+1","Bane","Dagger Spray","Poisoned Stab","Caltrops","Glass Knife+1","Bullet Time+1","Dodge and Roll+1","Necronomicurse","Predator+1","Underhanded Strike","Blur+1","Burst+1","Noxious Fumes","PiercingWail+1","Dodge and Roll+1","Dark Shackles+1","Malaise+1","Corpse Explosion+1","Setup+1"],"relics":["Ring of the Snake","NeowsBlessing","Golden Idol","FossilizedHelix","Toxic Egg 2","Snecko Eye","Necronomicon","NlothsMask","White Beast Statue"],"potions_floor_usage":[11,27,33,33,36],"damage_taken":[{"damage":0,"enemies":"Jaw Worm","floor":1,"turns":1},{"damage":0,"enemies":"Cultist","floor":5,"turns":1},{"damage":0,"enemies":"Gremlin Nob","floor":6,"turns":1},{"damage":0,"enemies":"Small Slimes","floor":10,"turns":3},{"damage":7,"enemies":"Exordium Wildlife","floor":11,"turns":4},{"damage":43,"enemies":"Hexaghost","floor":16,"turns":13},{"damage":5,"enemies":"3 Byrds","floor":18,"turns":5},{"damage":0,"enemies":"Spheric Guardian","floor":22,"turns":1},{"damage":0,"enemies":"Cultist and Chosen","floor":24,"turns":5},{"damage":0,"enemies":"Snake Plant","floor":25,"turns":2},{"damage":0,"enemies":"Shelled Parasite and Fungi","floor":27,"turns":3},{"damage":0,"enemies":"Chosen and Byrds","floor":28,"turns":4},{"damage":55,"enemies":"Collector","floor":33,"turns":16},{"damage":0,"enemies":"3 Shapes","floor":35,"turns":2},{"damage":66,"enemies":"2 Orb Walkers","floor":36,"turns":5}],"seed_played":"2086473485100629336","potions_obtained":[{"floor":2,"key":"Dexterity Potion"},{"floor":5,"key":"PowerPotion"},{"floor":16,"key":"GhostInAJar"},{"floor":25,"key":"SpeedPotion"},{"floor":27,"key":"GamblersBrew"},{"floor":35,"key":"PowerPotion"}],"is_trial":false,"path_per_floor":["M","?","$","?","M","E","R","?","T","M","M","?","R","$","R","B",null,"M","?","?","?","M","R","M","M","T","M","M","$","?","?","R","B",null,"M","?"],"character_chosen":"THE_SILENT","items_purchased":["Choke","Caltrops","Glass Knife","Noxious Fumes","PiercingWail+1","Dodge and Roll+1","Dark Shackles+1"],"campfire_rested":2,"item_purchase_floors":[3,14,14,29,29,29,29],"current_hp_per_floor":[59,59,59,59,59,59,59,59,59,59,52,52,52,52,52,9,47,42,21,21,21,21,39,39,39,39,39,39,39,39,39,57,2,46,46,0],"gold":115,"neow_bonus":"THREE_ENEMY_KILL","is_prod":false,"is_daily":false,"chose_seed":false,"campfire_upgraded":3,"win_rate":0,"timestamp":1543089305,"path_taken":["M","?","$","?","M","E","R","?","T","?","M","?","R","$","R","BOSS","M","?","?","?","?","R","M","M","T","M","M","$","?","?","R","BOSS","M","?"],"build_version":"2018-11-15","purchased_purges":0,"victory":false,"max_hp_per_floor":[66,66,66,60,60,60,60,60,60,60,60,60,60,60,60,60,60,60,60,60,60,60,60,60,60,60,60,60,60,60,60,60,60,60,60,60],"card_choices":[{"not_picked":["Bane","Dodge and Roll"],"picked":"Poisoned Stab","floor":1},{"not_picked":["Dodge and Roll","Dagger Throw"],"picked":"Leg Sweep","floor":5},{"not_picked":["Slice","Backflip"],"picked":"Dash","floor":6},{"not_picked":["Endless Agony","Prepared+1"],"picked":"Dagger Spray","floor":10},{"not_picked":["Concentrate+1","Flying Knee"],"picked":"Poisoned Stab","floor":11},{"not_picked":["Venomology+1","Malaise+1"],"picked":"Bullet Time+1","floor":16},{"not_picked":["Dagger Throw","Dagger Spray"],"picked":"Dodge and Roll+1","floor":18},{"not_picked":["Prepared+1","Acrobatics+1"],"picked":"Predator+1","floor":22},{"not_picked":["Quick Slash","Bane"],"picked":"Underhanded Strike","floor":24},{"not_picked":["Quick Slash","Tactician+1"],"picked":"Blur+1","floor":25},{"not_picked":["Endless Agony+1","Cloak And Dagger+1"],"picked":"Burst+1","floor":27},{"not_picked":["Blade Dance+1","Flechettes","Flying Knee"],"picked":"SKIP","floor":28},{"not_picked":["Tools of the Trade","Storm of Steel+1"],"picked":"Corpse Explosion+1","floor":33},{"not_picked":["Calculated Gamble+1","Cloak And Dagger+1"],"picked":"Setup+1","floor":35}],"player_experience":2485148,"relics_obtained":[{"floor":6,"key":"FossilizedHelix"},{"floor":9,"key":"Toxic Egg 2"},{"floor":19,"key":"Necronomicon"}],"event_choices":[{"damage_healed":0,"gold_gain":0,"player_choice":"Bought 1 Potion","damage_taken":0,"max_hp_gain":0,"max_hp_loss":0,"event_name":"The Woman in Blue","floor":2,"gold_loss":0},{"damage_healed":0,"gold_gain":0,"player_choice":"Lose Max HP","damage_taken":0,"relics_obtained":["Golden Idol"],"max_hp_gain":0,"max_hp_loss":6,"event_name":"Golden Idol","floor":4,"gold_loss":0},{"damage_healed":0,"gold_gain":0,"cards_transformed":["Strike_G"],"player_choice":"Change","damage_taken":0,"max_hp_gain":0,"max_hp_loss":0,"event_name":"Living Wall","floor":8,"gold_loss":0,"cards_obtained":["Bane"]},{"damage_healed":0,"gold_gain":0,"player_choice":"0 cards matched","damage_taken":0,"max_hp_gain":0,"max_hp_loss":0,"event_name":"Match and Keep!","floor":12,"gold_loss":0,"cards_obtained":[]},{"damage_healed":0,"gold_gain":0,"player_choice":"Obtained Book","damage_taken":21,"max_hp_gain":0,"max_hp_loss":0,"event_name":"Cursed Tome","floor":19,"gold_loss":0},{"damage_healed":0,"gold_gain":0,"player_choice":"Simplicity","damage_taken":0,"max_hp_gain":0,"max_hp_loss":0,"event_name":"Back to Basics","floor":20,"gold_loss":0,"cards_upgraded":["Defend_G","Defend_G","Defend_G","Defend_G","Defend_G","Strike_G","Strike_G","Strike_G","Strike_G"]},{"damage_healed":0,"gold_gain":0,"player_choice":"Trade","damage_taken":0,"relics_obtained":["NlothsMask"],"max_hp_gain":0,"max_hp_loss":0,"event_name":"FaceTrader","floor":21,"gold_loss":0},{"damage_healed":0,"gold_gain":0,"player_choice":"Ignored","damage_taken":0,"max_hp_gain":0,"max_hp_loss":0,"event_name":"Ghosts","floor":30,"gold_loss":0},{"damage_healed":0,"gold_gain":0,"player_choice":"Read","damage_taken":0,"max_hp_gain":0,"max_hp_loss":0,"event_name":"The Library","floor":31,"gold_loss":0,"cards_obtained":["Malaise"]},{"damage_healed":0,"gold_gain":0,"player_choice":"Fight","damage_taken":0,"max_hp_gain":0,"max_hp_loss":0,"event_name":"Mysterious Sphere","floor":36,"gold_loss":0}],"is_beta":false,"boss_relics":[{"not_picked":["Coffee Dripper","Eternal Feather"],"picked":"Snecko Eye"},{"not_picked":["Empty Cage","Pandora\u0027s Box"],"picked":"White Beast Statue"}],"items_purged_floors":[],"is_endless":false,"potions_floor_spawned":[5,6,16,25,27,28,35],"killed_by":"2 Orb Walkers","ascension_level":20}