{"gold_per_floor":[115,134,147,163,226,226,251,251,251,216,216,13,23,23,23,124,124,143,103,103,103,119,119],"floor_reached":23,"playtime":1442,"items_purged":[],"score":189,"play_id":"5494220a-d607-4b99-a645-43975e80f028","local_time":"20190706214622","is_ascension_mode":false,"campfire_choices":[{"data":"Whirlwind","floor":6,"key":"SMITH"},{"floor":8,"key":"REST"},{"floor":11,"key":"REST"},{"floor":15,"key":"REST"}],"neow_cost":"NONE","seed_source_timestamp":432523859770494,"circlet_count":0,"master_deck":["Strike_R","Strike_R+1","Strike_R","Strike_R","Strike_R","Defend_R+1","Defend_R","Defend_R","Defend_R","Bash+1","Clothesline","Whirlwind+1","Reaper","Headbutt","Heavy Blade+1","Reaper+1","Ghostly Armor+1","Shrug It Off"],"relics":["Black Blood","Frozen Egg 2","Molten Egg 2","Toolbox","Pear"],"potions_floor_usage":[16,16,16],"damage_taken":[{"damage":13,"enemies":"2 Louse","floor":1,"turns":3},{"damage":3,"enemies":"Jaw Worm","floor":2,"turns":3},{"damage":7,"enemies":"Small Slimes","floor":3,"turns":3},{"damage":12,"enemies":"Exordium Thugs","floor":4,"turns":4},{"damage":63,"enemies":"Gremlin Nob","floor":7,"turns":6},{"damage":21,"enemies":"2 Fungi Beasts","floor":13,"turns":3},{"damage":56,"enemies":"Hexaghost","floor":16,"turns":9},{"damage":26,"enemies":"Chosen","floor":18,"turns":6},{"damage":41,"enemies":"3 Byrds","floor":22,"turns":6},{"damage":67,"enemies":"Gremlin Leader","floor":23,"turns":3}],"seed_played":"5084279989925958180","potions_obtained":[{"floor":1,"key":"EssenceOfSteel"},{"floor":3,"key":"FearPotion"},{"floor":7,"key":"Strength Potion"}],"is_trial":false,"path_per_floor":["M","M","M","M","?","R","E","R","T","?","R","$","M","?","R","B",null,"M","?","$","$","M","E"],"character_chosen":"IRONCLAD","items_purchased":["Toolbox"],"campfire_rested":3,"item_purchase_floors":[12],"current_hp_per_floor":[73,76,75,69,69,69,16,40,40,60,80,80,65,75,90,46,90,79,79,79,79,62,0],"gold":119,"neow_bonus":"UPGRADE_CARD","is_prod":false,"is_daily":false,"chose_seed":false,"campfire_upgraded":1,"win_rate":0.0,"timestamp":1562471182,"path_taken":["M","M","M","M","?","R","E","R","T","?","R","?","M","?","R","BOSS","M","?","?","$","M","E"],"build_version":"2019-07-05","purchased_purges":0,"victory":false,"max_hp_per_floor":[80,80,80,80,80,80,80,80,80,80,80,80,80,90,90,90,90,90,90,90,90,90,90],"card_choices":[{"not_picked":["Flex","Corruption"],"picked":"Clothesline","floor":1},{"not_picked":["Second Wind","Twin Strike","Pummel"],"picked":"SKIP","floor":2},{"not_picked":["Combust","Warcry"],"picked":"Whirlwind","floor":3},{"not_picked":["Body Slam","Pummel"],"picked":"Reaper","floor":4},{"not_picked":["Warcry","Offering"],"picked":"Headbutt","floor":7},{"not_picked":["Clothesline+1","Burning Pact"],"picked":"Heavy Blade+1","floor":13},{"not_picked":["Barricade+1","Fiend Fire+1"],"picked":"Reaper+1","floor":16},{"not_picked":["Twin Strike+1","Body Slam+1"],"picked":"Ghostly Armor+1","floor":18},{"not_picked":["Burning Pact","Clothesline+1"],"picked":"Shrug It Off","floor":22}],"player_experience":32731,"relics_obtained":[{"floor":7,"key":"Frozen Egg 2"},{"floor":9,"key":"Molten Egg 2"}],"event_choices":[{"damage_healed":0,"gold_gain":63,"player_choice":"Gained Gold","damage_taken":0,"max_hp_gain":0,"max_hp_loss":0,"event_name":"Golden Wing","floor":5,"gold_loss":0},{"damage_healed":20,"gold_gain":0,"player_choice":"Healed","damage_taken":0,"max_hp_gain":0,"max_hp_loss":0,"event_name":"The Cleric","floor":10,"gold_loss":35},{"damage_healed":0,"gold_gain":0,"player_choice":"Searched \u00271\u0027 times","damage_taken":0,"relics_obtained":["Pear"],"max_hp_gain":0,"max_hp_loss":0,"event_name":"Dead Adventurer","floor":14,"gold_loss":0},{"damage_healed":0,"gold_gain":0,"player_choice":"Upgraded Two","damage_taken":0,"max_hp_gain":0,"max_hp_loss":0,"event_name":"Designer","floor":19,"gold_loss":40,"cards_upgraded":["Defend_R","Strike_R"]}],"is_beta":false,"boss_relics":[{"not_picked":["Snecko Eye","Calling Bell"],"picked":"Black Blood"}],"items_purged_floors":[],"is_endless":false,"potions_floor_spawned":[1,3,7,13],"killed_by":"Gremlin Leader","ascension_level":0}