{"gold_per_floor":[363,25,25,25,42,73,73,83,83,83,183,209,209,244,244,348,348,363,303,319,333,31,31,49,61,61,61,78,78,177,196,196,291,291,305,245,260,278,278,278,307,28,28,48,48,48,14,29,29,29],"floor_reached":50,"playtime":4067,"items_purged":["Strike_B","Strike_B"],"score":613,"play_id":"212f09b4-e1dc-4c72-a70c-283a8f0e28a7","local_time":"20181129165936","is_ascension_mode":true,"campfire_choices":[{"floor":7,"key":"REST"},{"floor":10,"key":"REST"},{"floor":13,"key":"REST"},{"data":"Recycle","floor":15,"key":"SMITH"},{"data":"Static Discharge","floor":23,"key":"SMITH"},{"data":"Hologram","floor":27,"key":"SMITH"},{"floor":29,"key":"REST"},{"floor":32,"key":"REST"},{"data":"Seek","floor":40,"key":"SMITH"},{"floor":46,"key":"REST"},{"floor":49,"key":"REST"}],"neow_cost":"CURSE","seed_source_timestamp":1359429648229682,"circlet_count":0,"master_deck":["Strike_B","Defend_B","Defend_B","Defend_B","Defend_B","Zap","Dualcast","Recycle+1","Conserve Battery","Static Discharge+1","Chill","Rainbow","Stack","Meteor Strike","Seek+1","Turbo+1","Secret Technique","Hologram+1","Rainbow","Lockon+1","Defragment","Recycle"],"relics":["Cracked Core","Dead Branch","Smiling Mask","Pantograph","Ancient Tea Set","Anchor","Busted Crown","Philosopher\u0027s Stone","Gambling Chip","StoneCalendar","Mummified Hand","Oddly Smooth Stone","Pen Nib"],"potions_floor_usage":[6,16,18,24,33,33,41,41,44,48,48,48,50],"damage_taken":[{"damage":0,"enemies":"Cultist","floor":1,"turns":3},{"damage":0,"enemies":"2 Louse","floor":5,"turns":2},{"damage":61,"enemies":"Gremlin Nob","floor":6,"turns":5},{"damage":3,"enemies":"Small Slimes","floor":8,"turns":3},{"damage":20,"enemies":"Lagavulin","floor":12,"turns":8},{"damage":16,"enemies":"3 Sentries","floor":14,"turns":7},{"damage":54,"enemies":"Slime Boss","floor":16,"turns":11},{"damage":7,"enemies":"2 Thieves","floor":18,"turns":4},{"damage":12,"enemies":"Spheric Guardian","floor":20,"turns":6},{"damage":10,"enemies":"Snecko","floor":21,"turns":5},{"damage":5,"enemies":"Shelled Parasite and Fungi","floor":24,"turns":2},{"damage":6,"enemies":"Centurion and Healer","floor":25,"turns":6},{"damage":7,"enemies":"Snake Plant","floor":28,"turns":3},{"damage":13,"enemies":"Chosen and Byrds","floor":31,"turns":5},{"damage":32,"enemies":"Collector","floor":33,"turns":10},{"damage":11,"enemies":"3 Darklings","floor":35,"turns":6},{"damage":0,"enemies":"3 Shapes","floor":37,"turns":6},{"damage":0,"enemies":"3 Darklings","floor":38,"turns":2},{"damage":37,"enemies":"Reptomancer","floor":41,"turns":6},{"damage":8,"enemies":"Maw","floor":44,"turns":8},{"damage":8,"enemies":"Writhing Mass","floor":48,"turns":5},{"damage":77,"enemies":"Awakened One","floor":50,"turns":5}],"seed_played":"5232368171880033536","potions_obtained":[{"floor":1,"key":"SteroidPotion"},{"floor":8,"key":"Strength Potion"},{"floor":12,"key":"Poison Potion"},{"floor":18,"key":"FocusPotion"},{"floor":25,"key":"SpeedPotion"},{"floor":28,"key":"SpeedPotion"},{"floor":33,"key":"SpeedPotion"},{"floor":41,"key":"GamblersBrew"},{"floor":45,"key":"AttackPotion"},{"floor":45,"key":"AttackPotion"},{"floor":45,"key":"AttackPotion"},{"floor":48,"key":"GamblersBrew"}],"is_trial":false,"path_per_floor":["M","$","$","?","M","E","R","M","T","R","?","E","R","E","R","B",null,"M","?","M","M","$","R","M","M","T","R","M","R","?","M","R","B",null,"M","?","M","M","T","R","E","$","T","M","?","R","$","M","R","B"],"character_chosen":"DEFECT","items_purchased":["Dead Branch","Conserve Battery","Secret Technique","Regen Potion","Oddly Smooth Stone","Defragment","Recycle"],"campfire_rested":7,"item_purchase_floors":[2,2,22,22,42,42,47],"current_hp_per_floor":[75,75,75,75,75,14,36,33,33,55,55,35,57,41,41,12,75,68,68,56,46,46,46,50,44,44,44,37,59,59,46,68,43,75,64,64,64,64,64,64,27,27,27,19,19,41,41,33,55,0],"gold":29,"neow_bonus":"TWO_FIFTY_GOLD","is_prod":false,"is_daily":false,"chose_seed":false,"campfire_upgraded":4,"win_rate":0,"timestamp":1543528776,"path_taken":["M","?","$","?","M","E","R","M","T","R","?","E","R","E","R","BOSS","M","?","M","M","?","R","M","M","T","R","?","R","?","M","R","BOSS","M","?","M","?","?","R","E","?","T","M","?","R","$","?","R","BOSS"],"build_version":"2018-11-15","purchased_purges":2,"victory":false,"max_hp_per_floor":[75,75,75,75,75,75,75,75,75,75,75,75,75,75,75,75,75,75,75,75,75,75,75,75,75,75,75,75,75,75,75,75,75,75,75,75,75,75,75,75,75,75,75,75,75,75,75,75,75,75],"card_choices":[{"not_picked":["Turbo","Compile Driver"],"picked":"Recycle","floor":1},{"not_picked":["Cold Snap","Beam Cell"],"picked":"Chill","floor":5},{"not_picked":["Rebound","All For One"],"picked":"Rainbow","floor":6},{"not_picked":["FTL","Coolheaded"],"picked":"Stack","floor":8},{"not_picked":["Reinforced Body","Lockon"],"picked":"Meteor Strike","floor":12},{"not_picked":["Gash","Coolheaded","All For One"],"picked":"SKIP","floor":14},{"not_picked":["Gash","Coolheaded","All For One"],"picked":"SKIP","floor":14},{"not_picked":["Rainbow","Creative AI"],"picked":"Seek","floor":16},{"not_picked":["Coolheaded"],"picked":"SKIP","floor":18},{"not_picked":["Leap"],"picked":"SKIP","floor":20},{"not_picked":[],"picked":"Turbo+1","floor":21},{"not_picked":["Gash+1"],"picked":"SKIP","floor":24},{"not_picked":[],"picked":"Hologram","floor":25},{"not_picked":["Streamline"],"picked":"SKIP","floor":28},{"not_picked":["Compile Driver+1"],"picked":"SKIP","floor":31},{"not_picked":[],"picked":"Rainbow","floor":33},{"not_picked":["Gash"],"picked":"SKIP","floor":35},{"not_picked":["Compile Driver"],"picked":"SKIP","floor":37},{"not_picked":[],"picked":"Lockon+1","floor":38},{"not_picked":["Steam"],"picked":"SKIP","floor":41},{"not_picked":["Aggregate"],"picked":"SKIP","floor":44},{"not_picked":["Gash"],"picked":"SKIP","floor":48}],"player_experience":2564449,"relics_obtained":[{"floor":6,"key":"Smiling Mask"},{"floor":9,"key":"Pantograph"},{"floor":12,"key":"Ancient Tea Set"},{"floor":14,"key":"Anchor"},{"floor":39,"key":"StoneCalendar"},{"floor":41,"key":"Mummified Hand"},{"floor":43,"key":"Pen Nib"}],"event_choices":[{"damage_healed":0,"gold_gain":0,"cards_transformed":["Strike_B"],"player_choice":"Change","damage_taken":0,"max_hp_gain":0,"max_hp_loss":0,"event_name":"Living Wall","floor":4,"gold_loss":0,"cards_obtained":["Static Discharge"]},{"damage_healed":0,"gold_gain":100,"player_choice":"Pray","damage_taken":0,"max_hp_gain":0,"max_hp_loss":0,"event_name":"Golden Shrine","floor":11,"gold_loss":0},{"cards_removed":["Normality"],"damage_healed":0,"gold_gain":0,"player_choice":"Single Remove","damage_taken":0,"max_hp_gain":0,"max_hp_loss":0,"event_name":"Designer","floor":19,"gold_loss":60},{"damage_healed":0,"gold_gain":99,"player_choice":"Stole From Cult","damage_taken":0,"max_hp_gain":0,"max_hp_loss":0,"event_name":"Nest","floor":30,"gold_loss":0},{"damage_healed":0,"gold_gain":0,"player_choice":"Paid Gold","damage_taken":0,"relics_obtained":["Gambling Chip"],"max_hp_gain":0,"max_hp_loss":0,"event_name":"WeMeetAgain","floor":36,"gold_loss":60},{"damage_healed":0,"gold_gain":0,"player_choice":"Got Potions","damage_taken":0,"max_hp_gain":0,"max_hp_loss":0,"event_name":"Lab","floor":45,"gold_loss":0}],"is_beta":false,"boss_relics":[{"not_picked":["White Beast Statue","Pandora\u0027s Box"],"picked":"Busted Crown"},{"not_picked":["Runic Pyramid","Tiny House"],"picked":"Philosopher\u0027s Stone"}],"items_purged_floors":[22,42],"is_endless":false,"potions_floor_spawned":[1,8,12,18,25,28,31,33,41,48],"killed_by":"Awakened One","ascension_level":4}