{"gold_per_floor":[109,109,59,72,72,72,96,96,96,111,130,144,68,79,79,175,175,193,205,205,120,134,134,164,164,164,192,192,117,129,5,5,5],"floor_reached":33,"playtime":1416,"items_purged":["Strike_G"],"score":275,"play_id":"41e335e5-2288-440e-8992-b1d93e95edd0","local_time":"20190419003838","is_ascension_mode":false,"campfire_choices":[{"data":"Poisoned Stab","floor":6,"key":"SMITH"},{"data":"Dagger Spray","floor":8,"key":"SMITH"},{"data":"Deadly Poison","floor":15,"key":"SMITH"},{"data":"Dodge and Roll","floor":23,"key":"SMITH"},{"floor":25,"key":"REST"},{"data":"Backflip","floor":28,"key":"SMITH"},{"data":"Defend_G","floor":32,"key":"SMITH"}],"neow_cost":"TEN_PERCENT_HP_LOSS","seed_source_timestamp":796139530990256,"circlet_count":0,"master_deck":["Defend_G+1","Defend_G","Defend_G","Defend_G","Defend_G","Strike_G","Strike_G+1","Survivor+1","Neutralize+1","Dagger Spray+1","Poisoned Stab+1","Slice","PiercingWail","Dodge and Roll+1","Deadly Poison+1","PiercingWail","Backflip+1","PiercingWail+1","Blade Dance+1","Dodge and Roll+1"],"relics":["Ring of the Snake","Gambling Chip","Snake Skull","Blue Candle","Eternal Feather","Nunchaku","Toxic Egg 2","Happy Flower","Gremlin Horn"],"potions_floor_usage":[19,22,24,30],"damage_taken":[{"damage":0,"enemies":"2 Louse","floor":1,"turns":2},{"damage":0,"enemies":"Small Slimes","floor":4,"turns":3},{"damage":0,"enemies":"Jaw Worm","floor":10,"turns":2},{"damage":0,"enemies":"Gremlin Gang","floor":11,"turns":1},{"damage":0,"enemies":"2 Fungi Beasts","floor":12,"turns":2},{"damage":3,"enemies":"Blue Slaver","floor":14,"turns":3},{"damage":9,"enemies":"Hexaghost","floor":16,"turns":8},{"damage":14,"enemies":"Spheric Guardian","floor":18,"turns":5},{"damage":8,"enemies":"2 Thieves","floor":19,"turns":4},{"damage":0,"enemies":"Snake Plant","floor":22,"turns":5},{"damage":30,"enemies":"Slavers","floor":24,"turns":8},{"damage":15,"enemies":"Book of Stabbing","floor":27,"turns":6},{"damage":2,"enemies":"Snecko","floor":30,"turns":5},{"damage":70,"enemies":"Champ","floor":33,"turns":16}],"seed_played":"8209774259708980255","potions_obtained":[{"floor":4,"key":"Swift Potion"},{"floor":10,"key":"FairyPotion"},{"floor":12,"key":"FearPotion"},{"floor":16,"key":"Dexterity Potion"},{"floor":18,"key":"SkillPotion"},{"floor":27,"key":"AttackPotion"}],"is_trial":false,"path_per_floor":["M","?","?","M","?","R","T","R","T","M","M","M","$","M","R","B",null,"M","M","?","?","M","R","E","R","T","E","R","?","M","$","R","B"],"character_chosen":"THE_SILENT","items_purchased":["Deadly Poison","PiercingWail","SpeedPotion"],"campfire_rested":1,"item_purchase_floors":[13,13,31],"current_hp_per_floor":[63,50,50,50,50,50,50,50,50,50,50,50,50,47,47,38,63,49,41,41,41,41,53,23,53,53,38,50,50,48,48,60,0],"gold":5,"neow_bonus":"ONE_RARE_RELIC","is_prod":false,"is_daily":false,"chose_seed":false,"campfire_upgraded":6,"win_rate":0,"timestamp":1555648718,"path_taken":["M","?","?","M","?","R","?","R","T","M","?","?","$","M","R","BOSS","M","M","?","?","M","R","E","R","T","E","R","?","M","?","R","BOSS"],"build_version":"2019-01-23","purchased_purges":1,"victory":false,"max_hp_per_floor":[63,63,63,63,63,63,63,63,63,63,63,63,63,63,63,63,63,63,63,63,63,63,63,63,63,63,63,63,63,63,63,63,63],"card_choices":[{"not_picked":["Dagger Throw","Finisher"],"picked":"Dagger Spray","floor":1},{"not_picked":["Bane","Underhanded Strike"],"picked":"Poisoned Stab","floor":4},{"not_picked":["Dagger Spray","Predator"],"picked":"Slice","floor":10},{"not_picked":["Noxious Fumes","Outmaneuver"],"picked":"PiercingWail","floor":11},{"not_picked":["Corpse Explosion","Dagger Throw"],"picked":"Dodge and Roll","floor":12},{"not_picked":["Terror","Accuracy"],"picked":"Backflip","floor":14},{"not_picked":["Endless Agony","Leg Sweep","Bouncing Flask"],"picked":"SKIP","floor":18},{"not_picked":["Predator+1","Outmaneuver"],"picked":"PiercingWail+1","floor":19},{"not_picked":["Leg Sweep","Outmaneuver"],"picked":"Blade Dance+1","floor":22},{"not_picked":["Dagger Spray","Riddle With Holes","Reflex+1"],"picked":"SKIP","floor":24},{"not_picked":["Storm of Steel+1","Riddle With Holes","Skewer"],"picked":"SKIP","floor":27},{"not_picked":["Setup+1","Flying Knee"],"picked":"Dodge and Roll+1","floor":30}],"player_experience":3408088,"relics_obtained":[{"floor":7,"key":"Snake Skull"},{"floor":9,"key":"Blue Candle"},{"floor":24,"key":"Toxic Egg 2"},{"floor":26,"key":"Happy Flower"},{"floor":27,"key":"Gremlin Horn"}],"event_choices":[{"damage_healed":0,"gold_gain":0,"player_choice":"Entered Light","damage_taken":13,"max_hp_gain":0,"max_hp_loss":0,"event_name":"Shining Light","floor":2,"gold_loss":0,"cards_upgraded":["Strike_G","Survivor"]},{"cards_removed":["Strike_G"],"damage_healed":0,"gold_gain":0,"player_choice":"Card Removal","damage_taken":0,"max_hp_gain":0,"max_hp_loss":0,"event_name":"The Cleric","floor":3,"gold_loss":50},{"damage_healed":0,"gold_gain":0,"player_choice":"Grow","damage_taken":0,"max_hp_gain":0,"max_hp_loss":0,"event_name":"Living Wall","floor":5,"gold_loss":0,"cards_upgraded":["Neutralize"]},{"damage_healed":0,"gold_gain":0,"player_choice":"Ignored","damage_taken":0,"max_hp_gain":0,"max_hp_loss":0,"event_name":"Ghosts","floor":20,"gold_loss":0},{"damage_healed":0,"gold_gain":0,"player_choice":"Obtained Relic","damage_taken":0,"relics_obtained":["Nunchaku"],"max_hp_gain":0,"max_hp_loss":0,"event_name":"Addict","floor":21,"gold_loss":85},{"cards_removed":["Strike_G"],"damage_healed":0,"gold_gain":0,"player_choice":"Gave Gold","damage_taken":0,"max_hp_gain":0,"max_hp_loss":0,"event_name":"Beggar","floor":29,"gold_loss":75}],"is_beta":false,"boss_relics":[{"not_picked":["Busted Crown","Ectoplasm"],"picked":"Eternal Feather"}],"items_purged_floors":[31],"is_endless":false,"potions_floor_spawned":[4,10,12,16,18,27],"killed_by":"Champ","ascension_level":0}