{"gold_per_floor":[110,110,35,35,49,49,60,79,79,79,4,19,19,51,51,51],"floor_reached":16,"playtime":704,"items_purged":["Strike_G"],"score":190,"play_id":"77659466-ab32-46a9-af1d-af3c868506b5","local_time":"20181110155230","is_ascension_mode":true,"campfire_choices":[{"floor":6,"key":"REST"},{"data":"Neutralize","floor":10,"key":"SMITH"},{"floor":15,"key":"REST"}],"neow_cost":"NONE","seed_source_timestamp":510606731267921,"circlet_count":0,"master_deck":["AscendersBane","Defend_G+1","Defend_G","Defend_G","Defend_G","Defend_G","Strike_G","Strike_G+1","Survivor","Neutralize+1","Panacea","Backstab","Poisoned Stab","Quick Slash","Deadly Poison","Backstab","Backstab"],"relics":["Ring of the Snake","Art of War","Singing Bowl"],"potions_floor_usage":[14,16,16],"damage_taken":[{"damage":6,"enemies":"Small Slimes","floor":1,"turns":4},{"damage":0,"enemies":"2 Louse","floor":5,"turns":3},{"damage":0,"enemies":"Cultist","floor":7,"turns":4},{"damage":0,"enemies":"Blue Slaver","floor":8,"turns":3},{"damage":13,"enemies":"Large Slime","floor":12,"turns":4},{"damage":1,"enemies":"Lagavulin","floor":14,"turns":5},{"damage":62,"enemies":"Slime Boss","floor":16,"turns":9}],"seed_played":"3721404234505847281","potions_obtained":[{"floor":5,"key":"Swift Potion"},{"floor":7,"key":"Dexterity Potion"},{"floor":14,"key":"AttackPotion"}],"is_trial":false,"path_per_floor":["M","?","?","?","M","R","M","M","T","R","$","M","?","E","R","B"],"character_chosen":"THE_SILENT","items_purchased":[],"campfire_rested":2,"item_purchase_floors":[],"current_hp_per_floor":[53,33,33,33,33,52,52,52,52,52,52,39,39,38,57,0],"gold":51,"neow_bonus":"RANDOM_COLORLESS","is_prod":false,"is_daily":false,"chose_seed":false,"campfire_upgraded":1,"win_rate":0,"timestamp":1541883150,"path_taken":["M","?","?","?","M","R","?","M","T","R","$","M","?","E","R","BOSS"],"build_version":"2018-11-08","purchased_purges":1,"victory":false,"max_hp_per_floor":[66,66,66,66,66,66,66,66,66,66,66,66,66,66,66,66],"card_choices":[{"not_picked":["Tactician","Quick Slash"],"picked":"Backstab","floor":1},{"not_picked":["All Out Attack","Acrobatics"],"picked":"Poisoned Stab","floor":5},{"not_picked":["Skewer","Tactician"],"picked":"Quick Slash","floor":7},{"not_picked":["Cloak And Dagger","Concentrate"],"picked":"Deadly Poison","floor":8},{"not_picked":["Sucker Punch","Expertise"],"picked":"Backstab","floor":12},{"not_picked":["Endless Agony","PiercingWail"],"picked":"Backstab","floor":14}],"player_experience":2187415,"relics_obtained":[{"floor":9,"key":"Art of War"},{"floor":14,"key":"Singing Bowl"}],"event_choices":[{"damage_healed":0,"gold_gain":0,"player_choice":"Entered Light","damage_taken":20,"max_hp_gain":0,"max_hp_loss":0,"event_name":"Shining Light","floor":2,"gold_loss":0,"cards_upgraded":["Defend_G","Strike_G"]},{"cards_removed":["Strike_G"],"damage_healed":0,"gold_gain":0,"player_choice":"Card Removal","damage_taken":0,"max_hp_gain":0,"max_hp_loss":0,"event_name":"The Cleric","floor":3,"gold_loss":75},{"cards_removed":["Strike_G"],"damage_healed":0,"gold_gain":0,"player_choice":"Purged","damage_taken":0,"max_hp_gain":0,"max_hp_loss":0,"event_name":"Purifier","floor":4,"gold_loss":0},{"damage_healed":0,"gold_gain":0,"player_choice":"Ignored","damage_taken":0,"max_hp_gain":0,"max_hp_loss":0,"event_name":"Liars Game","floor":13,"gold_loss":0}],"is_beta":false,"boss_relics":[],"items_purged_floors":[11],"is_endless":false,"potions_floor_spawned":[5,7,14],"killed_by":"Slime Boss","ascension_level":18}