{"gold_per_floor":[114,129,144,159,174,204,204,234,259,274,304,304,304,334,334,434,434,449,464,479,404,15,15,30,60,110,140,140,170,170,200,200,300,300,315,330,30,30,30,60,60,90,90,120,135,165,180,29,29,29],"floor_reached":51,"playtime":5986,"items_purged":[],"score":1048,"play_id":"cc41165f-4a0d-48f0-83fb-be0680f9e51d","local_time":"20180830225243","daily_mods":["Specialized","Elite Swarm","Night Terrors"],"is_ascension_mode":false,"campfire_choices":[{"floor":7,"key":"REST"},{"data":"Crippling Poison","floor":15,"key":"SMITH"},{"data":"Malaise","floor":23,"key":"SMITH"},{"data":"Adrenaline","floor":28,"key":"SMITH"},{"data":"Calculated Gamble","floor":30,"key":"SMITH"},{"floor":32,"key":"REST"},{"data":"Backflip","floor":49,"key":"SMITH"}],"neow_cost":"","seed_source_timestamp":0,"circlet_count":0,"master_deck":["Defend_G","Defend_G","Defend_G","Defend_G","Defend_G","Survivor","Neutralize","Venomology","Venomology","Venomology","Venomology","Venomology","Dash","Crippling Poison+1","Backflip+1","Flying Knee","Die Die Die","Envenom","Calculated Gamble+1","Corpse Explosion","Malaise+1","Adrenaline+1","Underhanded Strike+1","Prepared+1","Tools of the Trade+1","Acrobatics+1","Concentrate+1","Blur","Escape Plan","Tools of the Trade+1","After Image+1","Backflip+1","Tactician+1","Adrenaline+1","Venomology+1","Prepared+1","Burst+1","Deadly Poison+1","Terror+1","Distraction+1"],"special_seed":17774,"relics":["Ring of the Snake","Question Card","Pear","Vajra","The Specimen","Blood Vial","Astrolabe","HandDrill","Bag of Preparation","Art of War","Oddly Smooth Stone","Frozen Egg 2","Toxic Egg 2","Snake Skull","Snecko Eye","Tingsha","Orichalcum","Dream Catcher","Omamori","Centennial Puzzle","Blue Candle"],"potions_floor_usage":[1,2,3,3,3,3,4,4,5,5,5,6,6,6,8,10,11,11,11,11,11,14,16,16,16,16,18,18,19,20,20,24,25,25,25,27,27,29,29,29,29,31,31,31,31,33,33,33,33,33,35,36,36,40,40,40,40,42,42,42,42,42,42,44,44,44,45,45,46,46,46,47,47,47,50,50,50,50,50,50,50,50,50],"damage_taken":[{"damage":6,"enemies":"2 Louse","floor":1,"turns":4},{"damage":0,"enemies":"Small Slimes","floor":2,"turns":3},{"damage":0,"enemies":"Cultist","floor":3,"turns":5},{"damage":3,"enemies":"2 Fungi Beasts","floor":4,"turns":3},{"damage":6,"enemies":"Gremlin Gang","floor":5,"turns":3},{"damage":23,"enemies":"Lagavulin","floor":6,"turns":9},{"damage":18,"enemies":"3 Sentries","floor":8,"turns":8},{"damage":0,"enemies":"Exordium Thugs","floor":10,"turns":3},{"damage":18,"enemies":"Lagavulin","floor":11,"turns":6},{"damage":4,"enemies":"3 Sentries","floor":14,"turns":3},{"damage":3,"enemies":"The Guardian","floor":16,"turns":11},{"damage":0,"enemies":"2 Thieves","floor":18,"turns":4},{"damage":0,"enemies":"3 Byrds","floor":19,"turns":3},{"damage":0,"enemies":"Cultist and Chosen","floor":20,"turns":4},{"damage":8,"enemies":"Snake Plant","floor":24,"turns":4},{"damage":4,"enemies":"Gremlin Leader","floor":25,"turns":5},{"damage":21,"enemies":"Slavers","floor":27,"turns":4},{"damage":0,"enemies":"Book of Stabbing","floor":29,"turns":5},{"damage":5,"enemies":"Gremlin Leader","floor":31,"turns":6},{"damage":0,"enemies":"Automaton","floor":33,"turns":10},{"damage":1,"enemies":"3 Darklings","floor":35,"turns":2},{"damage":0,"enemies":"Orb Walker","floor":36,"turns":4},{"damage":3,"enemies":"Nemesis","floor":40,"turns":7},{"damage":6,"enemies":"Giant Head","floor":42,"turns":11},{"damage":0,"enemies":"Nemesis","floor":44,"turns":7},{"damage":0,"enemies":"3 Darklings","floor":45,"turns":2},{"damage":12,"enemies":"2 Orb Walkers","floor":46,"turns":4},{"damage":0,"enemies":"Maw","floor":47,"turns":6},{"damage":26,"enemies":"Donu and Deca","floor":50,"turns":9}],"seed_played":"-8244340238949798716","potions_obtained":[{"floor":2,"key":"EntropicBrew"},{"floor":8,"key":"GhostInAJar"},{"floor":11,"key":"GamblersBrew"},{"floor":16,"key":"EssenceOfSteel"},{"floor":18,"key":"Block Potion"},{"floor":25,"key":"Explosive Potion"},{"floor":33,"key":"Fire Potion"},{"floor":40,"key":"FearPotion"},{"floor":42,"key":"Fire Potion"},{"floor":44,"key":"Block Potion"}],"is_trial":false,"path_per_floor":["M","M","M","M","M","E","R","E","T","M","E","?","?","E","R","B",null,"M","M","M","?","$","R","M","E","T","E","R","E","R","E","R","B",null,"M","M","$","$","?","E","$","E","T","E","M","E","M","$","R","B"],"character_chosen":"THE_SILENT","items_purchased":["Blur","HandDrill","Bag of Preparation","Tingsha","Terror+1","Distraction+1","Strength Potion"],"campfire_rested":2,"item_purchase_floors":[22,22,22,37,48,48,48],"current_hp_per_floor":[64,64,64,61,55,32,65,57,57,57,39,64,57,53,53,52,75,75,75,75,75,75,75,67,65,65,46,46,48,48,45,70,70,70,69,70,70,70,70,67,67,63,63,65,67,57,59,59,59,35],"gold":29,"neow_bonus":"","is_prod":false,"is_daily":true,"chose_seed":false,"campfire_upgraded":5,"win_rate":0,"timestamp":1535683963,"path_taken":["M","M","M","M","M","E","R","E","T","M","E","?","?","E","R","BOSS","M","M","?","?","$","R","M","E","T","E","R","E","R","E","R","BOSS","M","?","?","$","?","E","$","E","T","E","M","E","M","?","R","BOSS"],"build_version":"2018-08-23v2","purchased_purges":0,"victory":true,"max_hp_per_floor":[70,70,70,70,70,70,65,75,75,75,75,75,75,75,75,75,75,75,75,75,75,75,75,75,75,75,75,75,75,75,75,70,70,70,70,70,70,70,70,70,70,70,70,70,70,70,70,70,70,70],"card_choices":[{"not_picked":["Flechettes","Blade Dance"],"picked":"Dash","floor":1},{"not_picked":["Deflect","Finisher"],"picked":"Crippling Poison","floor":2},{"not_picked":["Setup","Quick Slash"],"picked":"Backflip","floor":3},{"not_picked":["Flechettes","Tools of the Trade","Acrobatics"],"picked":"SKIP","floor":4},{"not_picked":["Backflip","Dodge and Roll"],"picked":"Flying Knee","floor":5},{"not_picked":["Malaise","Wraith Form v2"],"picked":"Die Die Die","floor":6},{"not_picked":["Bullet Time","Malaise","Wraith Form v2"],"picked":"Envenom","floor":8},{"not_picked":["Acrobatics","Reflex","Choke"],"picked":"Calculated Gamble","floor":10},{"not_picked":["Venomology","Glass Knife","Wraith Form v2"],"picked":"Corpse Explosion","floor":11},{"not_picked":["Venomology","Bullet Time","Phantasmal Killer"],"picked":"Malaise","floor":14},{"not_picked":["Phantasmal Killer","Doppelganger","Bullet Time"],"picked":"Adrenaline","floor":16},{"not_picked":["Blade Dance","Infinite Blades","Well Laid Plans"],"picked":"Acrobatics+1","floor":18},{"not_picked":["Skewer+1","Distraction","Dagger Throw","Accuracy+1"],"picked":"SKIP","floor":19},{"not_picked":["Catalyst","Poisoned Stab","Blade Dance"],"picked":"Concentrate+1","floor":20},{"not_picked":["Outmaneuver","Dodge and Roll+1","Reflex"],"picked":"Escape Plan","floor":24},{"not_picked":["Glass Knife","Unload","Storm of Steel","Malaise"],"picked":"SKIP","floor":25},{"not_picked":["Corpse Explosion","Venomology","Doppelganger","Die Die Die"],"picked":"SKIP","floor":27},{"not_picked":["Phantasmal Killer","Corpse Explosion","Doppelganger"],"picked":"Tools of the Trade+1","floor":29},{"not_picked":["Bullet Time+1","Corpse Explosion+1","Glass Knife","Night Terror+1"],"picked":"SKIP","floor":31},{"not_picked":["Envenom+1","Malaise+1","Bullet Time+1"],"picked":"After Image+1","floor":33},{"not_picked":["Endless Agony","PiercingWail+1","Dagger Spray"],"picked":"Backflip+1","floor":35},{"not_picked":["Underhanded Strike","Poisoned Stab","Skewer+1"],"picked":"Tactician+1","floor":36},{"not_picked":["Envenom+1","Bullet Time+1","Tools of the Trade+1"],"picked":"Adrenaline+1","floor":40},{"not_picked":["Envenom+1","Bullet Time+1","Phantasmal Killer+1","Corpse Explosion+1"],"picked":"SKIP","floor":42},{"not_picked":["Storm of Steel+1","Grand Finale","Wraith Form v2+1"],"picked":"Venomology+1","floor":44},{"not_picked":["Blade Dance+1","Underhanded Strike+1","Crippling Poison+1"],"picked":"Prepared+1","floor":45},{"not_picked":["Glass Knife","Phantasmal Killer+1","Corpse Explosion+1"],"picked":"Burst+1","floor":46},{"not_picked":["Poisoned Stab","Prepared+1","Bouncing Flask+1"],"picked":"Deadly Poison+1","floor":47}],"player_experience":2055279,"relics_obtained":[{"floor":6,"key":"Question Card"},{"floor":8,"key":"Pear"},{"floor":9,"key":"Vajra"},{"floor":11,"key":"The Specimen"},{"floor":14,"key":"Blood Vial"},{"floor":25,"key":"Art of War"},{"floor":26,"key":"Oddly Smooth Stone"},{"floor":27,"key":"Frozen Egg 2"},{"floor":29,"key":"Toxic Egg 2"},{"floor":31,"key":"Snake Skull"},{"floor":40,"key":"Orichalcum"},{"floor":42,"key":"Dream Catcher"},{"floor":43,"key":"Omamori"},{"floor":44,"key":"Centennial Puzzle"},{"floor":46,"key":"Blue Candle"}],"event_choices":[{"event_name":"Big Fish","player_choice":"Banana","floor":12,"damage_taken":0},{"event_name":"Wheel of Change","player_choice":"Damage","floor":13,"damage_taken":0},{"event_name":"Beggar","player_choice":"Gave Gold","floor":21,"damage_taken":0},{"event_name":"Falling","player_choice":"Removed Attack","floor":39,"damage_taken":0}],"is_beta":false,"boss_relics":[{"not_picked":["Pandora\u0027s Box","Velvet Choker"],"picked":"Astrolabe"},{"not_picked":["HoveringKite","Philosopher\u0027s Stone"],"picked":"Snecko Eye"}],"items_purged_floors":[],"is_endless":false,"potions_floor_spawned":[2,8,10,11,16,18,25,31,33,40,42,44],"ascension_level":0}