{"path_per_floor":["M","M","$","M","M","R","?","E","T","?","M","M","E","?","R","B",null,"M","?","M","M","?","R","E","M","T","$","M","R","M"],"character_chosen":"THE_SILENT","items_purchased":["Infinite Blades","Escape Plan","Regal Pillow"],"gold_per_floor":[119,136,27,38,55,55,55,80,103,103,115,132,160,160,160,262,262,273,273,292,310,310,310,339,359,359,137,154,154,168],"floor_reached":31,"campfire_rested":2,"playtime":5177,"current_hp_per_floor":[68,68,68,68,61,61,66,50,50,50,50,50,37,37,37,11,82,62,53,45,27,33,60,53,50,50,50,3,45,37],"items_purged":["Writhe"],"gold":168,"play_id":"609637f9-8499-4a2c-b240-0832d4678f58","is_prod":false,"is_daily":false,"campfire_rituals":0,"campfire_upgraded":2,"is_hardmode":false,"path_taken":["M","M","$","M","M","R","?","E","T","?","M","M","E","?","R","BOSS","M","?","M","?","?","R","E","?","T","$","M","R","M","M"],"build_version":"2018-01-18-PROD4","purchased_purges":1,"victory":false,"master_deck":["Defend_G","Defend_G","Defend_G","Defend_G","Strike_G","Strike_G","Strike_G","Survivor","Neutralize","Calculated Gamble","Blade Dance","Infinite Blades","Escape Plan","Finisher","Die Die Die","Blur","Burst","Deadly Poison","Bouncing Flask","Blade Dance","Noxious Fumes","Backflip","Deflect","Prepared","Quick Slash","Infinite Blades"],"max_hp_per_floor":[70,70,70,70,70,70,75,82,82,82,82,82,82,82,82,82,82,82,87,87,87,93,93,93,93,93,93,93,93,93],"relics":["Ring of the Snake","Strawberry","Bag of Preparation","Darkstone Periapt","Ginger","Astrolabe","Gremlin Horn","Omamori","Torii","Regal Pillow"],"campfire_meditates":0,"card_choices":[{"not_picked":["Cloak And Dagger","Leg Sweep"],"picked":"Calculated Gamble"},{"not_picked":["Dagger Spray","Escape Plan"],"picked":"Blade Dance"},{"not_picked":["Leg Sweep","PiercingWail"],"picked":"Finisher"},{"not_picked":["Heel Hook","PiercingWail"],"picked":"Die Die Die"},{"not_picked":["Blade Dance","Bane"],"picked":"Blur"},{"not_picked":["Glass Knife","Corpse Explosion"],"picked":"Burst"},{"not_picked":["Acrobatics","Finisher"],"picked":"Noxious Fumes"},{"not_picked":["Noxious Fumes","Flying Knee"],"picked":"Backflip"},{"not_picked":["Endless Agony","Cloak And Dagger"],"picked":"Deflect"},{"not_picked":["Dash","Poisoned Stab"],"picked":"Prepared"},{"not_picked":["Bane","Flechettes"],"picked":"Quick Slash"},{"not_picked":["Predator","Deadly Poison"],"picked":"Infinite Blades"}],"player_experience":92264,"potions_floor_usage":[5,13,13,16,21,28,30,30],"damage_taken":[{"damage":2,"enemies":"Small Slimes","floor":1,"turns":7},{"damage":0,"enemies":"2 Louse","floor":2,"turns":3},{"damage":0,"enemies":"Cultist","floor":4,"turns":3},{"damage":7,"enemies":"Looter","floor":5,"turns":2},{"damage":23,"enemies":"Lagavulin","floor":8,"turns":8},{"damage":0,"enemies":"Large Slime","floor":11,"turns":4},{"damage":0,"enemies":"3 Louse","floor":12,"turns":2},{"damage":13,"enemies":"Gremlin Nob","floor":13,"turns":3},{"damage":26,"enemies":"The Guardian","floor":16,"turns":13},{"damage":20,"enemies":"Spheric Guardian","floor":18,"turns":4},{"damage":8,"enemies":"Chosen","floor":20,"turns":4},{"damage":18,"enemies":"Snake Plant","floor":21,"turns":3},{"damage":7,"enemies":"Gremlin Leader","floor":24,"turns":7},{"damage":3,"enemies":"Centurion and Healer","floor":25,"turns":5},{"damage":47,"enemies":"3 Cultists","floor":28,"turns":8},{"damage":8,"enemies":"Snake Plant","floor":30,"turns":3},{"damage":43,"enemies":"Chosen and Byrds","floor":31,"turns":5}],"event_choices":[{"event_name":"Big Fish","player_choice":"Donut","floor":7,"damage_taken":0},{"event_name":"Liars Game","player_choice":"disagreed","floor":10,"damage_taken":0},{"event_name":"Wheel of Change","player_choice":"Relic","floor":14,"damage_taken":0},{"event_name":"Forgotten Altar","player_choice":"Shed Blood","floor":19,"damage_taken":0},{"event_name":"The Mausoleum","player_choice":"Yes","floor":22,"damage_taken":0}],"boss_relics":[{"not_picked":["White Beast Statue","Ectoplasm"],"picked":"Astrolabe"}],"potions_floor_spawned":[1,11,12,13,20,24,25,28],"seed_played":"-1578596282767124469","killed_by":"Chosen and Byrds","is_trial":false}