{"gold_per_floor":[117,130,130,50,65,91,91,126,126,126,136,161,161,172,172,247,247,204,204,119,119,138,138,138],"floor_reached":24,"playtime":1268,"items_purged":[],"score":442,"play_id":"d09601e1-9f1a-4aca-94ed-78c27823ffff","local_time":"20190628224205","is_ascension_mode":true,"campfire_choices":[{"floor":7,"key":"REST"},{"floor":10,"key":"REST"},{"floor":15,"key":"REST"},{"floor":23,"key":"REST"}],"neow_cost":"NONE","seed_source_timestamp":1308133658871494,"circlet_count":0,"master_deck":["AscendersBane","Strike_G","Strike_G","Strike_G","Defend_G","Defend_G","Defend_G","Defend_G","Defend_G","Survivor","Neutralize+1","Leg Sweep","Backflip","Noxious Fumes","Backflip","Tactician","Bane+1","Acrobatics","Dagger Throw+1","Parasite","Poisoned Stab+1","Grand Finale+1","Bane+1","Bouncing Flask","Backflip","RitualDagger+1"],"relics":["Ring of the Serpent","NeowsBlessing","Centennial Puzzle","Molten Egg 2","Singing Bowl","Strawberry","Mango"],"potions_floor_usage":[6,6,12,16,24],"damage_taken":[{"damage":0,"enemies":"Cultist","floor":1,"turns":1},{"damage":0,"enemies":"Small Slimes","floor":2,"turns":1},{"damage":0,"enemies":"Jaw Worm","floor":5,"turns":1},{"damage":31,"enemies":"Gremlin Nob","floor":6,"turns":5},{"damage":32,"enemies":"Lagavulin","floor":8,"turns":12},{"damage":0,"enemies":"Blue Slaver","floor":11,"turns":5},{"damage":26,"enemies":"Gremlin Nob","floor":12,"turns":4},{"damage":7,"enemies":"Large Slime","floor":14,"turns":6},{"damage":41,"enemies":"Slime Boss","floor":16,"turns":11},{"damage":27,"enemies":"2 Thieves","floor":18,"turns":5},{"damage":5,"enemies":"Chosen","floor":22,"turns":4},{"damage":65,"enemies":"Slavers","floor":24,"turns":5}],"seed_played":"336677753234585524","potions_obtained":[{"floor":2,"key":"FearPotion"},{"floor":5,"key":"Block Potion"},{"floor":6,"key":"Swift Potion"},{"floor":11,"key":"Poison Potion"},{"floor":18,"key":"SpeedPotion"},{"floor":22,"key":"Dexterity Potion"}],"is_trial":false,"path_per_floor":["M","M","?","$","M","E","R","E","T","R","M","E","?","M","R","B",null,"M","?","?","?","M","R","E"],"character_chosen":"THE_SILENT","items_purchased":["Noxious Fumes"],"campfire_rested":4,"item_purchase_floors":[4],"current_hp_per_floor":[59,59,59,59,59,28,47,15,15,34,34,15,33,26,47,6,56,29,29,43,37,34,60,0],"gold":138,"neow_bonus":"THREE_ENEMY_KILL","is_prod":false,"is_daily":false,"chose_seed":false,"campfire_upgraded":0,"win_rate":0,"timestamp":1561783325,"path_taken":["M","?","?","$","?","E","R","E","T","R","M","E","?","M","R","BOSS","M","?","?","?","?","R","E"],"build_version":"2019-06-28","purchased_purges":0,"victory":false,"max_hp_per_floor":[66,66,66,66,66,66,66,66,66,66,66,73,73,73,73,73,73,73,73,87,87,89,89,89],"card_choices":[{"not_picked":["Sucker Punch","Setup"],"picked":"Leg Sweep","floor":1},{"not_picked":["Escape Plan","Dodge and Roll"],"picked":"Backflip","floor":2},{"not_picked":["Outmaneuver","Deflect"],"picked":"Backflip","floor":5},{"not_picked":["Acrobatics","Quick Slash"],"picked":"Tactician","floor":6},{"not_picked":["Expertise","Deflect"],"picked":"Bane","floor":8},{"not_picked":["Dodge and Roll","PiercingWail"],"picked":"Acrobatics","floor":11},{"not_picked":["Reflex","Quick Slash+1"],"picked":"Dagger Throw+1","floor":12},{"not_picked":["Endless Agony+1","Deflect"],"picked":"Poisoned Stab+1","floor":14},{"not_picked":["Doppelganger","Phantasmal Killer"],"picked":"Grand Finale+1","floor":16},{"not_picked":["Poisoned Stab+1","Slice+1"],"picked":"Bane+1","floor":18},{"not_picked":["Flechettes+1","Predator+1","Deadly Poison"],"picked":"Singing Bowl","floor":22}],"player_experience":1115342,"relics_obtained":[{"floor":6,"key":"Centennial Puzzle"},{"floor":8,"key":"Molten Egg 2"},{"floor":9,"key":"Singing Bowl"},{"floor":12,"key":"Strawberry"}],"event_choices":[{"damage_healed":0,"gold_gain":0,"player_choice":"Upgraded","damage_taken":0,"max_hp_gain":0,"max_hp_loss":0,"event_name":"Upgrade Shrine","floor":3,"gold_loss":0,"cards_upgraded":["Neutralize"]},{"damage_healed":18,"gold_gain":0,"player_choice":"Healed and dodged fight","damage_taken":0,"max_hp_gain":0,"max_hp_loss":0,"event_name":"Mushrooms","floor":13,"gold_loss":0,"cards_obtained":["Parasite"]},{"damage_healed":0,"gold_gain":0,"cards_transformed":["Strike_G","Strike_G"],"player_choice":"Became Test Subject","damage_taken":0,"max_hp_gain":0,"max_hp_loss":0,"event_name":"Drug Dealer","floor":19,"gold_loss":0,"cards_obtained":["Bouncing Flask","Backflip"]},{"damage_healed":0,"gold_gain":0,"player_choice":"Obtained Relic","damage_taken":0,"relics_obtained":["Mango"],"max_hp_gain":0,"max_hp_loss":0,"event_name":"Addict","floor":20,"gold_loss":85},{"damage_healed":0,"gold_gain":0,"player_choice":"Joined the Cult","damage_taken":6,"max_hp_gain":0,"max_hp_loss":0,"event_name":"Nest","floor":21,"gold_loss":0,"cards_obtained":["RitualDagger"]}],"is_beta":true,"boss_relics":[{"not_picked":["Busted Crown","Snecko Eye"],"picked":"Ring of the Serpent"}],"items_purged_floors":[],"is_endless":false,"potions_floor_spawned":[2,5,6,11,18,22],"killed_by":"Slavers","ascension_level":19}