{"gold_per_floor":[213,230,248,268,233,262,279,279,304,304,324,324,344,377,377,454,454,467,392,442,442,3,35,52,52,52,85,85,105,105,118,118,118],"floor_reached":33,"playtime":2630,"items_purged":[],"score":640,"play_id":"ea89acb0-1ebc-4bca-a2ae-1611decd2487","local_time":"20190502151449","is_ascension_mode":true,"campfire_choices":[{"data":"Bash","floor":8,"key":"SMITH"},{"floor":10,"key":"REST"},{"data":"Shockwave","floor":12,"key":"SMITH"},{"data":"Body Slam","floor":15,"key":"SMITH"},{"floor":25,"key":"REST"},{"floor":30,"key":"REST"},{"floor":32,"key":"REST"}],"neow_cost":"NONE","seed_source_timestamp":1970698078309538,"circlet_count":0,"master_deck":["AscendersBane","Strike_R","Strike_R+1","Strike_R","Defend_R","Defend_R","Defend_R","Defend_R","Bash+1","Hemokinesis","Shockwave+1","Pommel Strike","Shrug It Off","Anger","Battle Trance","Intimidate","Shrug It Off","Shrug It Off","Body Slam+1","Dark Embrace","Armaments","Hemokinesis+1","Impervious","Purity","Flame Barrier","Rampage","Entrench+1","Feel No Pain","Seeing Red"],"relics":["Burning Blood","Du-Vu Doll","Dream Catcher","Odd Mushroom","Red Skull","Runic Pyramid","Lantern","PreservedInsect","Self Forming Clay","Whetstone"],"potions_floor_usage":[14,23,24,33,33],"damage_taken":[{"damage":6,"enemies":"Cultist","floor":1,"turns":3},{"damage":9,"enemies":"Small Slimes","floor":2,"turns":5},{"damage":10,"enemies":"Jaw Worm","floor":3,"turns":3},{"damage":24,"enemies":"Exordium Thugs","floor":4,"turns":6},{"damage":38,"enemies":"Gremlin Nob","floor":6,"turns":4},{"damage":11,"enemies":"Looter","floor":7,"turns":3},{"damage":3,"enemies":"3 Louse","floor":11,"turns":3},{"damage":22,"enemies":"The Mushroom Lair","floor":13,"turns":4},{"damage":5,"enemies":"Lagavulin","floor":14,"turns":7},{"damage":13,"enemies":"Hexaghost","floor":16,"turns":9},{"damage":21,"enemies":"2 Thieves","floor":18,"turns":5},{"damage":33,"enemies":"Book of Stabbing","floor":23,"turns":6},{"damage":12,"enemies":"Shell Parasite","floor":24,"turns":6},{"damage":32,"enemies":"Gremlin Leader","floor":27,"turns":7},{"damage":20,"enemies":"Shelled Parasite and Fungi","floor":29,"turns":5},{"damage":10,"enemies":"Centurion and Healer","floor":31,"turns":6},{"damage":89,"enemies":"Automaton","floor":33,"turns":12}],"seed_played":"-3104747056413868360","potions_obtained":[{"floor":1,"key":"LiquidBronze"},{"floor":3,"key":"FairyPotion"},{"floor":13,"key":"Swift Potion"},{"floor":16,"key":"Fire Potion"},{"floor":23,"key":"Regen Potion"},{"floor":27,"key":"Fire Potion"}],"is_trial":false,"path_per_floor":["M","M","M","M","?","E","M","R","T","R","M","R","?","E","R","B",null,"M","?","?","?","$","E","M","R","T","E","?","M","R","M","R","B"],"character_chosen":"IRONCLAD","items_purchased":["Lantern","Impervious","Purity"],"campfire_rested":4,"item_purchase_floors":[22,22,22],"current_hp_per_floor":[68,65,61,43,61,29,24,24,24,46,49,49,33,34,34,27,63,48,48,48,48,48,21,30,52,52,26,26,12,34,30,52,0],"gold":118,"neow_bonus":"HUNDRED_GOLD","is_prod":false,"is_daily":false,"chose_seed":false,"campfire_upgraded":3,"win_rate":0,"timestamp":1556824489,"path_taken":["M","M","M","?","?","E","M","R","T","R","M","R","?","E","R","BOSS","M","?","?","?","$","E","?","R","T","E","?","M","R","M","R","BOSS"],"build_version":"2019-01-23","purchased_purges":0,"victory":false,"max_hp_per_floor":[75,75,75,75,75,75,75,75,75,75,75,75,75,75,75,75,75,75,75,75,75,75,75,75,75,75,75,75,75,75,75,75,75],"card_choices":[{"not_picked":["Body Slam","Perfected Strike"],"picked":"Hemokinesis","floor":1},{"not_picked":["Power Through","Blood for Blood"],"picked":"Shockwave","floor":2},{"not_picked":["Heavy Blade","Anger"],"picked":"Pommel Strike","floor":3},{"not_picked":["Headbutt","Havoc"],"picked":"Shrug It Off","floor":4},{"not_picked":["Corruption","Dropkick"],"picked":"Anger","floor":6},{"not_picked":["Perfected Strike","Sentinel"],"picked":"Battle Trance","floor":7},{"not_picked":["Hemokinesis","Heavy Blade"],"picked":"Intimidate","floor":10},{"not_picked":["Perfected Strike","Body Slam"],"picked":"Shrug It Off","floor":11},{"not_picked":["Berserk","Thunderclap"],"picked":"Shrug It Off","floor":13},{"not_picked":["Cleave","Flex"],"picked":"Body Slam","floor":14},{"not_picked":["Berserk","Bludgeon"],"picked":"Dark Embrace","floor":16},{"not_picked":["Twin Strike","Perfected Strike"],"picked":"Armaments","floor":18},{"not_picked":["Brutality","Twin Strike","Heavy Blade"],"picked":"SKIP","floor":23},{"not_picked":["Blood for Blood","Iron Wave","Pommel Strike"],"picked":"SKIP","floor":24},{"not_picked":["True Grit","Evolve"],"picked":"Flame Barrier","floor":27},{"not_picked":["Dropkick+1","Headbutt+1"],"picked":"Rampage","floor":29},{"not_picked":["Sword Boomerang","Battle Trance"],"picked":"Entrench+1","floor":30},{"not_picked":["Perfected Strike","True Grit"],"picked":"Feel No Pain","floor":31},{"not_picked":["Metallicize","Carnage"],"picked":"Seeing Red","floor":32}],"player_experience":3556072,"relics_obtained":[{"floor":6,"key":"Du-Vu Doll"},{"floor":9,"key":"Dream Catcher"},{"floor":13,"key":"Odd Mushroom"},{"floor":14,"key":"Red Skull"},{"floor":23,"key":"PreservedInsect"},{"floor":26,"key":"Self Forming Clay"},{"floor":27,"key":"Whetstone"}],"event_choices":[{"damage_healed":18,"gold_gain":0,"player_choice":"Healed","damage_taken":0,"max_hp_gain":0,"max_hp_loss":0,"event_name":"The Cleric","floor":5,"gold_loss":35},{"damage_healed":0,"gold_gain":0,"player_choice":"Fought Mushrooms","damage_taken":0,"max_hp_gain":0,"max_hp_loss":0,"event_name":"Mushrooms","floor":13,"gold_loss":0},{"cards_removed":["Strike_R"],"damage_healed":0,"gold_gain":0,"player_choice":"Gave Gold","damage_taken":0,"max_hp_gain":0,"max_hp_loss":0,"event_name":"Beggar","floor":19,"gold_loss":75},{"damage_healed":0,"gold_gain":50,"player_choice":"Stole From Cult","damage_taken":0,"max_hp_gain":0,"max_hp_loss":0,"event_name":"Nest","floor":20,"gold_loss":0},{"damage_healed":0,"gold_gain":0,"cards_transformed":["Strike_R"],"player_choice":"Transformed","damage_taken":0,"max_hp_gain":0,"max_hp_loss":0,"event_name":"Transmorgrifier","floor":21,"gold_loss":0,"cards_obtained":["Hemokinesis"]},{"damage_healed":0,"gold_gain":0,"player_choice":"Ignored","damage_taken":0,"max_hp_gain":0,"max_hp_loss":0,"event_name":"Vampires","floor":28,"gold_loss":0}],"is_beta":false,"boss_relics":[{"not_picked":["Fusion Hammer","Empty Cage"],"picked":"Runic Pyramid"}],"items_purged_floors":[],"is_endless":false,"potions_floor_spawned":[1,3,4,13,16,23,27,29,31],"killed_by":"Automaton","ascension_level":20}