{"gold_per_floor":[217,217,241,257,36,71,71,146,170,170,185,185,208,231,231,329,329,354,375,375,160,170,170,170],"floor_reached":24,"playtime":1114,"items_purged":["Strike_B"],"score":396,"play_id":"ecfbbf52-6e7d-4352-a0c2-02b258587fdb","local_time":"20190429223351","is_ascension_mode":true,"campfire_choices":[{"data":"Rainbow","floor":7,"key":"SMITH"},{"floor":12,"key":"REST"},{"data":"Go for the Eyes","floor":15,"key":"SMITH"},{"floor":23,"key":"REST"}],"neow_cost":"NONE","seed_source_timestamp":1739355047385912,"circlet_count":0,"master_deck":["AscendersBane","Strike_B","Strike_B","Strike_B","Defend_B","Defend_B","Defend_B","Defend_B","Zap+1","Dualcast","Cold Snap","Steam Power","Reinforced Body","Barrage","Rainbow+1","Go for the Eyes+1","Static Discharge","Conserve Battery","Thunder Strike","Hologram","Steam","BootSequence"],"relics":["Cracked Core","Bloody Idol","PreservedInsect","Pen Nib","Smiling Mask","Runic Pyramid","Anchor"],"potions_floor_usage":[6,16,22,24],"damage_taken":[{"damage":1,"enemies":"Cultist","floor":1,"turns":3},{"damage":8,"enemies":"Small Slimes","floor":3,"turns":3},{"damage":0,"enemies":"2 Louse","floor":4,"turns":2},{"damage":24,"enemies":"3 Sentries","floor":6,"turns":5},{"damage":6,"enemies":"Exordium Wildlife","floor":11,"turns":4},{"damage":22,"enemies":"Lots of Slimes","floor":13,"turns":4},{"damage":1,"enemies":"Blue Slaver","floor":14,"turns":3},{"damage":10,"enemies":"Hexaghost","floor":16,"turns":9},{"damage":16,"enemies":"3 Byrds","floor":18,"turns":5},{"damage":10,"enemies":"Spheric Guardian","floor":19,"turns":5},{"damage":18,"enemies":"Chosen and Byrds","floor":22,"turns":5},{"damage":35,"enemies":"Cultist and Chosen","floor":24,"turns":5}],"seed_played":"4371832029471394345","potions_obtained":[{"floor":3,"key":"LiquidBronze"},{"floor":4,"key":"Strength Potion"},{"floor":14,"key":"FairyPotion"},{"floor":16,"key":"FocusPotion"},{"floor":19,"key":"EssenceOfSteel"},{"floor":22,"key":"Energy Potion"}],"is_trial":false,"path_per_floor":["M","?","M","M","$","E","R","?","T","?","M","R","M","M","R","B",null,"M","M","?","$","M","R","M"],"character_chosen":"DEFECT","items_purchased":["PreservedInsect","Barrage","Anchor"],"campfire_rested":2,"item_purchase_floors":[5,5,21],"current_hp_per_floor":[63,63,55,55,55,31,31,20,20,20,14,33,11,10,10,6,50,34,24,24,24,11,30,0],"gold":170,"neow_bonus":"HUNDRED_GOLD","is_prod":false,"is_daily":false,"chose_seed":false,"campfire_upgraded":2,"win_rate":0,"timestamp":1556591631,"path_taken":["M","?","M","M","$","E","R","?","T","?","M","R","M","M","R","BOSS","M","?","?","$","M","R","M"],"build_version":"2019-01-23","purchased_purges":1,"victory":false,"max_hp_per_floor":[71,64,64,64,64,64,64,64,64,64,64,64,64,64,64,64,64,64,64,64,64,64,64,64],"card_choices":[{"not_picked":["Streamline","Blizzard"],"picked":"Cold Snap","floor":1},{"not_picked":["Recycle","Stack"],"picked":"Steam Power","floor":3},{"not_picked":["Redo","Barrage"],"picked":"Reinforced Body","floor":4},{"not_picked":["Rebound","Leap"],"picked":"Rainbow","floor":6},{"not_picked":["Barrage","Redo"],"picked":"Go for the Eyes","floor":11},{"not_picked":["Ball Lightning","Redo"],"picked":"Static Discharge","floor":13},{"not_picked":["Rebound","Beam Cell"],"picked":"Conserve Battery","floor":14},{"not_picked":["Meteor Strike","Hyperbeam"],"picked":"Thunder Strike","floor":16},{"not_picked":["Streamline+1","Darkness"],"picked":"Hologram","floor":18},{"not_picked":["Reinforced Body","Rebound"],"picked":"Steam","floor":19},{"not_picked":["Leap","Sweeping Beam"],"picked":"BootSequence","floor":22}],"player_experience":3523435,"relics_obtained":[{"floor":6,"key":"Pen Nib"},{"floor":9,"key":"Smiling Mask"}],"event_choices":[{"damage_healed":0,"gold_gain":0,"player_choice":"Lose Max HP","damage_taken":0,"relics_obtained":["Golden Idol"],"max_hp_gain":0,"max_hp_loss":7,"event_name":"Golden Idol","floor":2,"gold_loss":0},{"damage_healed":0,"gold_gain":75,"player_choice":"Gather Gold","damage_taken":11,"max_hp_gain":0,"max_hp_loss":0,"event_name":"World of Goop","floor":8,"gold_loss":0},{"damage_healed":0,"gold_gain":0,"player_choice":"Upgraded","damage_taken":0,"max_hp_gain":0,"max_hp_loss":0,"event_name":"Upgrade Shrine","floor":10,"gold_loss":0,"cards_upgraded":["Zap"]},{"damage_healed":0,"gold_gain":0,"player_choice":"Gave Idol","damage_taken":0,"relics_obtained":["Bloody Idol"],"max_hp_gain":0,"max_hp_loss":0,"event_name":"Forgotten Altar","floor":20,"relics_lost":["Golden Idol"],"gold_loss":0}],"is_beta":false,"boss_relics":[{"not_picked":["Busted Crown","Empty Cage"],"picked":"Runic Pyramid"}],"items_purged_floors":[21],"is_endless":false,"potions_floor_spawned":[3,4,14,16,19,22],"killed_by":"Cultist and Chosen","ascension_level":20}