{"path_per_floor":["M","M","?","M","M","R","E","R","T","R","$","M","M","M","R","B",null,"M","?","M","M"],"character_chosen":"THE_SILENT","items_purchased":["Happy Flower"],"gold_per_floor":[116,136,136,151,167,167,198,198,198,198,47,65,75,89,89,194,194,206,106,117,132],"floor_reached":22,"campfire_rested":0,"playtime":2167,"current_hp_per_floor":[70,70,63,63,63,63,50,50,50,50,50,50,49,45,45,44,70,63,63,43,15],"items_purged":[],"gold":132,"score":190,"play_id":"ef3ac251-6337-421d-956e-42fd8ea08f66","is_prod":false,"is_daily":false,"is_ascension_mode":false,"campfire_upgraded":4,"path_taken":["M","M","?","M","M","R","E","R","T","R","$","M","M","M","R","BOSS","M","?","M","M","M"],"build_version":"2018-02-15-PROD1","purchased_purges":0,"victory":false,"master_deck":["Defend_G","Defend_G","Defend_G","Defend_G","Defend_G","Strike_G","Strike_G","Strike_G","Strike_G","Survivor","Neutralize+1","Dagger Spray+1","Dagger Throw","Backflip+1","Envenom+1","Backflip","Acrobatics","Die Die Die","Outmaneuver+1","J.A.X.","Backflip"],"max_hp_per_floor":[70,70,70,70,70,70,70,70,70,70,70,70,70,70,70,70,70,70,70,70,70],"relics":["Ring of the Snake","Gremlin Horn","Toolbox","Happy Flower","Lizard Tail"],"card_choices":[{"not_picked":["Expertise","Flying Knee"],"picked":"Dagger Spray"},{"not_picked":["Outmaneuver","Endless Agony"],"picked":"Dagger Throw"},{"not_picked":["Skewer","Distraction"],"picked":"Backflip"},{"not_picked":["Dagger Spray","Cloak And Dagger"],"picked":"Envenom"},{"not_picked":["Underhanded Strike","Dagger Spray"],"picked":"Backflip"},{"not_picked":["Dagger Throw","Predator"],"picked":"Acrobatics"},{"not_picked":["Storm of Steel","Phantasmal Killer"],"picked":"Die Die Die"},{"not_picked":["Dagger Spray","Setup"],"picked":"Outmaneuver"},{"not_picked":["Choke","Outmaneuver"],"picked":"Backflip"}],"player_experience":779417,"potions_floor_usage":[7,7,7,16,16,18,21],"damage_taken":[{"damage":0,"enemies":"Jaw Worm","floor":1,"turns":4},{"damage":0,"enemies":"Small Slimes","floor":2,"turns":3},{"damage":0,"enemies":"2 Louse","floor":4,"turns":2},{"damage":0,"enemies":"Blue Slaver","floor":5,"turns":5},{"damage":13,"enemies":"Gremlin Nob","floor":7,"turns":4},{"damage":0,"enemies":"Exordium Wildlife","floor":12,"turns":2},{"damage":1,"enemies":"3 Louse","floor":13,"turns":2},{"damage":4,"enemies":"Exordium Thugs","floor":14,"turns":3},{"damage":1,"enemies":"Hexaghost","floor":16,"turns":8},{"damage":7,"enemies":"Shell Parasite","floor":18,"turns":11},{"damage":20,"enemies":"Spheric Guardian","floor":20,"turns":5},{"damage":28,"enemies":"Snecko","floor":21,"turns":8},{"damage":61,"enemies":"Cultist and Chosen","floor":22,"turns":5}],"event_choices":[{"event_name":"Golden Wing","player_choice":"Card Removal","floor":3,"damage_taken":0},{"event_name":"Drug Dealer","player_choice":"Got JAXXED","floor":19,"damage_taken":0}],"boss_relics":[{"not_picked":["Runic Pyramid","Velvet Choker"],"picked":"Lizard Tail"}],"potions_floor_spawned":[4,12,13,14,20],"seed_played":"-8790908630146346973","killed_by":"Cultist and Chosen","ascension_level":0,"is_trial":false}