{"gold_per_floor":[114,126,126,23,23,23,54,54,54,81,81,93,93,107,107,183,183,202,127,127,146,146,146,146],"floor_reached":24,"playtime":1298,"items_purged":["Regret"],"score":420,"play_id":"6540a936-597b-4022-9e22-64cc2b332600","local_time":"20190510201946","is_ascension_mode":true,"campfire_choices":[{"data":"Caltrops","floor":6,"key":"SMITH"},{"data":"Neutralize","floor":8,"key":"SMITH"},{"data":"Cloak And Dagger","floor":11,"key":"SMITH"},{"data":"Noxious Fumes","floor":13,"key":"SMITH"},{"data":"Deflect","floor":15,"key":"SMITH"},{"data":"After Image","floor":23,"key":"SMITH"}],"neow_cost":"NONE","seed_source_timestamp":0,"circlet_count":0,"master_deck":["AscendersBane","Defend_G","Defend_G","Defend_G","Defend_G","Defend_G","Strike_G","Strike_G","Strike_G","Survivor","Neutralize+1","Poisoned Stab","Caltrops+1","Deflect+1","Cloak And Dagger+1","Quick Slash+1","Noxious Fumes+1","Well Laid Plans","After Image+1","Backflip+1","Catalyst","Writhe"],"special_seed":0,"relics":["Ring of the Snake","NeowsBlessing","Strawberry","Centennial Puzzle","Ice Cream","Molten Egg 2","WristBlade","The Courier"],"potions_floor_usage":[16,16,21,21,24],"damage_taken":[{"damage":0.0,"enemies":"Small Slimes","floor":1.0,"turns":1.0},{"damage":0.0,"enemies":"2 Louse","floor":2.0,"turns":1.0},{"damage":0,"enemies":"Gremlin Nob","floor":7,"turns":1},{"damage":23,"enemies":"3 Sentries","floor":10,"turns":8},{"damage":0,"enemies":"Cultist","floor":12,"turns":3},{"damage":8,"enemies":"Exordium Wildlife","floor":14,"turns":4},{"damage":31,"enemies":"Slime Boss","floor":16,"turns":9},{"damage":3,"enemies":"Chosen","floor":18,"turns":7},{"damage":6,"enemies":"2 Thieves","floor":21,"turns":5},{"damage":50,"enemies":"Slavers","floor":24,"turns":4}],"seed_played":"8875101613973837522","potions_obtained":[{"floor":1.0,"key":"Dexterity Potion"},{"floor":14,"key":"Energy Potion"},{"floor":16,"key":"SpeedPotion"},{"floor":18,"key":"Fire Potion"},{"floor":21,"key":"Block Potion"}],"is_trial":false,"path_per_floor":["M","M","?","$","?","R","E","R","T","E","R","M","R","M","R","B",null,"M","?","?","M","?","R","E"],"character_chosen":"THE_SILENT","items_purchased":["Deflect"],"campfire_rested":0,"item_purchase_floors":[4],"current_hp_per_floor":[59,59,66,66,66,66,66,66,66,43,43,43,43,35,35,4,56,53,53,53,47,47,47,0],"gold":146,"neow_bonus":"THREE_ENEMY_KILL","is_prod":false,"is_daily":false,"chose_seed":false,"campfire_upgraded":6,"win_rate":0,"timestamp":1557541186,"path_taken":["M","M","?","$","?","R","E","R","T","E","R","M","R","M","R","BOSS","M","?","?","?","?","R","E"],"build_version":"2019-05-07","purchased_purges":1,"victory":false,"max_hp_per_floor":[66,66,73,73,73,73,73,73,73,73,73,73,73,73,73,73,73,73,73,73,73,73,73,73],"card_choices":[{"not_picked":["Catalyst","Riddle With Holes"],"picked":"Poisoned Stab","floor":1.0},{"not_picked":["Accuracy","Eviscerate"],"picked":"Caltrops","floor":2.0},{"not_picked":["Riddle With Holes","Outmaneuver"],"picked":"Cloak And Dagger","floor":7},{"not_picked":["Acrobatics","Blade Dance"],"picked":"Quick Slash","floor":10},{"not_picked":["Dagger Throw+1","Outmaneuver"],"picked":"Noxious Fumes","floor":12},{"not_picked":["Dagger Spray+1","Acrobatics"],"picked":"Well Laid Plans","floor":14},{"not_picked":["Burst","Doppelganger"],"picked":"After Image","floor":16},{"not_picked":["Catalyst","Dodge and Roll+1"],"picked":"Backflip+1","floor":18},{"not_picked":["Predator+1","Concentrate"],"picked":"Catalyst","floor":21}],"player_experience":997569,"relics_obtained":[{"floor":7,"key":"Centennial Puzzle"},{"floor":9,"key":"Ice Cream"},{"floor":10,"key":"Molten Egg 2"}],"event_choices":[{"damage_healed":0.0,"max_hp_gain":0.0,"max_hp_loss":0.0,"gold_gain":0.0,"event_name":"Big Fish","player_choice":"Box","floor":3.0,"gold_loss":0.0,"damage_taken":0.0,"relics_obtained":["Strawberry"],"cards_obtained":["Regret"]},{"damage_healed":0,"gold_gain":0,"player_choice":"Fled","damage_taken":0,"max_hp_gain":0,"max_hp_loss":0,"event_name":"Scrap Ooze","floor":5,"gold_loss":0},{"cards_removed":["Strike_G"],"damage_healed":0,"gold_gain":0,"player_choice":"Gave Gold","damage_taken":0,"max_hp_gain":0,"max_hp_loss":0,"event_name":"Beggar","floor":19,"gold_loss":75},{"cards_removed":["Strike_G"],"damage_healed":0,"gold_gain":0,"player_choice":"Offered Basic","damage_taken":0,"max_hp_gain":0,"max_hp_loss":0,"event_name":"Bonfire Elementals","floor":20,"gold_loss":0},{"damage_healed":0,"gold_gain":0,"player_choice":"Opened","damage_taken":0,"relics_obtained":["The Courier"],"max_hp_gain":0,"max_hp_loss":0,"event_name":"The Mausoleum","floor":22,"gold_loss":0,"cards_obtained":["Writhe"]}],"is_beta":true,"boss_relics":[{"not_picked":["Snecko Eye","Philosopher\u0027s Stone"],"picked":"WristBlade"}],"items_purged_floors":[4],"is_endless":false,"potions_floor_spawned":[1,14,16,18,21],"killed_by":"Slavers","ascension_level":17}