{"gold_per_floor":[113,38,56,69,88,88,88,88,111,111,111,152,152,173,173,173],"floor_reached":16,"playtime":661,"items_purged":["Strike_R"],"score":100,"play_id":"37463dbb-7266-42e3-98b1-af2112cebe04","local_time":"20190703103241","is_ascension_mode":false,"campfire_choices":[{"data":"Bash","floor":6,"key":"SMITH"},{"data":"Pommel Strike","floor":8,"key":"SMITH"},{"data":"Shockwave","floor":13,"key":"SMITH"},{"data":"Heavy Blade","floor":15,"key":"SMITH"}],"neow_cost":"NONE","seed_source_timestamp":1764977928162400,"circlet_count":0,"master_deck":["Strike_R","Strike_R","Strike_R","Defend_R","Defend_R","Defend_R","Defend_R","Bash+1","Pommel Strike+1","Heavy Blade+1","Shockwave+1"],"relics":["Burning Blood","Golden Idol","Juzu Bracelet","Mango","Smiling Mask"],"potions_floor_usage":[12,16],"damage_taken":[{"damage":6,"enemies":"Jaw Worm","floor":1,"turns":5},{"damage":2,"enemies":"2 Louse","floor":3,"turns":3},{"damage":2,"enemies":"Small Slimes","floor":4,"turns":3},{"damage":10,"enemies":"Red Slaver","floor":5,"turns":4},{"damage":36,"enemies":"Lagavulin","floor":12,"turns":5},{"damage":4,"enemies":"Looter","floor":14,"turns":3},{"damage":67,"enemies":"Hexaghost","floor":16,"turns":11}],"seed_played":"8744987996702523527","potions_obtained":[{"floor":4,"key":"AttackPotion"},{"floor":12,"key":"Energy Potion"}],"is_trial":false,"path_per_floor":["M","$","M","M","M","R","?","R","T","?","T","E","R","M","R","B"],"character_chosen":"IRONCLAD","items_purchased":[],"campfire_rested":0,"item_purchase_floors":[],"current_hp_per_floor":[80,80,80,80,76,76,74,74,74,79,93,63,63,65,65,0],"gold":173,"neow_bonus":"REMOVE_CARD","is_prod":false,"is_daily":false,"chose_seed":false,"campfire_upgraded":4,"win_rate":0,"timestamp":1562164361,"path_taken":["M","$","M","M","M","R","?","R","T","?","?","E","R","M","R","BOSS"],"build_version":"2019-07-01","purchased_purges":1,"victory":false,"max_hp_per_floor":[80,80,80,80,80,80,74,74,74,79,93,93,93,93,93,93],"card_choices":[{"not_picked":["Headbutt","Warcry"],"picked":"Pommel Strike","floor":1},{"not_picked":["Anger","Flex","Bloodletting"],"picked":"SKIP","floor":3},{"not_picked":["Reckless Charge","Power Through","Iron Wave"],"picked":"SKIP","floor":4},{"not_picked":["Havoc","Warcry"],"picked":"Heavy Blade","floor":5},{"not_picked":["Infernal Blade","Ghostly Armor"],"picked":"Shockwave","floor":12},{"not_picked":["Iron Wave","Sword Boomerang","Thunderclap"],"picked":"SKIP","floor":14}],"player_experience":3887732,"relics_obtained":[{"floor":9,"key":"Juzu Bracelet"},{"floor":11,"key":"Mango"},{"floor":12,"key":"Smiling Mask"}],"event_choices":[{"damage_healed":0,"gold_gain":0,"player_choice":"Lose Max HP","damage_taken":0,"relics_obtained":["Golden Idol"],"max_hp_gain":0,"max_hp_loss":6,"event_name":"Golden Idol","floor":7,"gold_loss":0},{"damage_healed":0,"gold_gain":0,"player_choice":"Donut","damage_taken":0,"max_hp_gain":5,"max_hp_loss":0,"event_name":"Big Fish","floor":10,"gold_loss":0}],"is_beta":false,"boss_relics":[],"items_purged_floors":[2],"is_endless":false,"potions_floor_spawned":[4,12],"killed_by":"Hexaghost","ascension_level":0}