{"gold_per_floor":[209,284,300,1,1,1,31,31,56,72,72,105,105,131,131,209,209,223,65,79,79,95,95,111,146,146,156,156,156,20,20,20,20],"floor_reached":33,"playtime":1539,"items_purged":["Strike_G","Strike_G"],"score":592,"play_id":"8bdcd6e7-7e64-47b8-b424-e8ad8979daf7","local_time":"20190423150938","is_ascension_mode":true,"campfire_choices":[{"floor":6,"key":"REST"},{"data":"Dagger Spray","floor":8,"key":"SMITH"},{"floor":11,"key":"REST"},{"floor":13,"key":"REST"},{"data":"Neutralize","floor":15,"key":"SMITH"},{"floor":23,"key":"REST"},{"data":"Catalyst","floor":29,"key":"SMITH"},{"data":"Catalyst","floor":32,"key":"SMITH"}],"neow_cost":"NONE","seed_source_timestamp":1193877630307240,"circlet_count":0,"master_deck":["AscendersBane","Defend_G","Defend_G","Defend_G","Defend_G","Defend_G","Strike_G","Strike_G","Survivor","Neutralize+1","Poisoned Stab","Cloak And Dagger","Blur","Dodge and Roll","Slice","Dagger Spray+1","Corpse Explosion","Deadly Poison","Cloak And Dagger","Corpse Explosion","Catalyst+1","PiercingWail","Catalyst+1","Backflip","Regret","Backflip+1","Catalyst+1","Deflect+1"],"relics":["Ring of the Snake","Odd Mushroom","Regal Pillow","Meat on the Bone","Happy Flower","Cursed Key","Toxic Egg 2","Pantograph"],"potions_floor_usage":[7,7,12,18,24,25],"damage_taken":[{"damage":8,"enemies":"Cultist","floor":1,"turns":5},{"damage":6,"enemies":"Small Slimes","floor":3,"turns":5},{"damage":8,"enemies":"The Mushroom Lair","floor":7,"turns":5},{"damage":5,"enemies":"Jaw Worm","floor":10,"turns":4},{"damage":39,"enemies":"Lagavulin","floor":12,"turns":9},{"damage":16,"enemies":"3 Sentries","floor":14,"turns":3},{"damage":35,"enemies":"The Guardian","floor":16,"turns":13},{"damage":21,"enemies":"Spheric Guardian","floor":18,"turns":4},{"damage":9,"enemies":"2 Thieves","floor":20,"turns":3},{"damage":10,"enemies":"Cultist and Chosen","floor":22,"turns":6},{"damage":5,"enemies":"Snake Plant","floor":24,"turns":4},{"damage":27,"enemies":"Gremlin Leader","floor":25,"turns":6},{"damage":14,"enemies":"Centurion and Healer","floor":27,"turns":6},{"damage":71,"enemies":"Automaton","floor":33,"turns":6}],"seed_played":"277256412842953505","potions_obtained":[{"floor":3,"key":"Energy Potion"},{"floor":7,"key":"EssenceOfSteel"},{"floor":16,"key":"Weak Potion"},{"floor":20,"key":"Weak Potion"},{"floor":22,"key":"Strength Potion"}],"is_trial":false,"path_per_floor":["M","?","M","$","?","R","?","R","T","M","R","E","R","E","R","B",null,"M","$","M","?","M","R","M","E","T","M","?","R","$","T","R","B"],"character_chosen":"THE_SILENT","items_purchased":["Blur","SteroidPotion","Dodge and Roll","Slice","PiercingWail","Catalyst+1","Deflect+1"],"campfire_rested":4,"item_purchase_floors":[4,4,4,4,19,30,30],"current_hp_per_floor":[51,40,34,34,27,46,38,38,38,33,66,27,61,45,45,22,55,34,34,37,19,21,57,52,37,37,35,49,49,49,49,49,0],"gold":20,"neow_bonus":"HUNDRED_GOLD","is_prod":false,"is_daily":false,"chose_seed":false,"campfire_upgraded":4,"win_rate":0,"timestamp":1556046578,"path_taken":["M","?","M","$","?","R","?","R","T","M","R","E","R","E","R","BOSS","M","$","M","?","M","R","M","E","T","M","?","R","$","?","R","BOSS"],"build_version":"2019-01-23","purchased_purges":2,"victory":false,"max_hp_per_floor":[66,66,66,66,66,66,66,66,66,66,66,66,66,66,66,66,66,66,66,66,71,71,71,71,71,71,71,71,71,71,71,71,71],"card_choices":[{"not_picked":["Underhanded Strike","Heel Hook"],"picked":"Poisoned Stab","floor":1},{"not_picked":["Prepared","Expertise"],"picked":"Cloak And Dagger","floor":3},{"not_picked":["Infinite Blades","Dagger Throw"],"picked":"Dagger Spray","floor":7},{"not_picked":["Infinite Blades","Choke"],"picked":"Corpse Explosion","floor":10},{"not_picked":["Flying Knee","Venomology"],"picked":"Deadly Poison","floor":12},{"not_picked":["Underhanded Strike","Unload"],"picked":"Cloak And Dagger","floor":14},{"not_picked":["Envenom","A Thousand Cuts"],"picked":"Corpse Explosion","floor":16},{"not_picked":["Slice+1","Endless Agony"],"picked":"Catalyst","floor":18},{"not_picked":["Flying Knee+1","Bouncing Flask"],"picked":"Catalyst","floor":20},{"not_picked":["Slice+1","Choke"],"picked":"Backflip","floor":22},{"not_picked":["Outmaneuver","Quick Slash","Prepared"],"picked":"SKIP","floor":24},{"not_picked":["Distraction","A Thousand Cuts","Reflex"],"picked":"SKIP","floor":25},{"not_picked":["Bouncing Flask+1","Finisher+1"],"picked":"Backflip+1","floor":27}],"player_experience":3477450,"relics_obtained":[{"floor":7,"key":"Odd Mushroom"},{"floor":9,"key":"Regal Pillow"},{"floor":12,"key":"Meat on the Bone"},{"floor":14,"key":"Happy Flower"},{"floor":25,"key":"Toxic Egg 2"},{"floor":26,"key":"Pantograph"}],"event_choices":[{"damage_healed":0,"gold_gain":75,"player_choice":"Gather Gold","damage_taken":11,"max_hp_gain":0,"max_hp_loss":0,"event_name":"World of Goop","floor":2,"gold_loss":0},{"cards_removed":["Strike_G"],"damage_healed":0,"gold_gain":0,"player_choice":"Card Removal","damage_taken":7,"max_hp_gain":0,"max_hp_loss":0,"event_name":"Golden Wing","floor":5,"gold_loss":0},{"damage_healed":0,"gold_gain":0,"player_choice":"Fought Mushrooms","damage_taken":0,"max_hp_gain":0,"max_hp_loss":0,"event_name":"Mushrooms","floor":7,"gold_loss":0},{"damage_healed":0,"gold_gain":0,"player_choice":"Shed Blood","damage_taken":23,"max_hp_gain":5,"max_hp_loss":0,"event_name":"Forgotten Altar","floor":21,"gold_loss":0},{"damage_healed":14,"gold_gain":0,"player_choice":"Heal","damage_taken":0,"max_hp_gain":0,"max_hp_loss":0,"event_name":"The Library","floor":28,"gold_loss":0}],"is_beta":false,"boss_relics":[{"not_picked":["Philosopher\u0027s Stone","WristBlade"],"picked":"Cursed Key"}],"items_purged_floors":[4,19],"is_endless":false,"potions_floor_spawned":[3,7,16,20,22],"killed_by":"Automaton","ascension_level":20}