{"gold_per_floor":[110,128,128,31,47,47,62,76,76,101,101,101,101,117,117,213,213,232,232,232,38,49,76,76,111,111,123,158,118,135,149,149,251,251,269,288,288,333,364,411,269,269,269,296,308,323,355,393,393,393,393,393,66,94,94],"floor_reached":56,"playtime":6347,"items_purged":["Strike_G","Strike_G"],"score":1934,"play_id":"e82008e6-09df-4699-855f-a1cccbd1ef8b","local_time":"20190721195854","is_ascension_mode":true,"campfire_choices":[{"data":"Neutralize","floor":6,"key":"SMITH"},{"data":"Backflip","floor":12,"key":"SMITH"},{"data":"Caltrops","floor":15,"key":"SMITH"},{"data":"Cloak And Dagger","floor":24,"key":"SMITH"},{"data":"Flechettes","floor":32,"key":"SMITH"},{"floor":42,"key":"RECALL"},{"data":"Well Laid Plans","floor":49,"key":"SMITH"},{"data":"Calculated Gamble","floor":52,"key":"SMITH"}],"neow_cost":"TEN_PERCENT_HP_LOSS","seed_source_timestamp":32250491390667,"circlet_count":0,"master_deck":["Strike_G+1","Strike_G+1","Defend_G","Defend_G","Defend_G","Defend_G","Defend_G","Survivor","Neutralize+1","Backflip","Calculated Gamble+1","Backflip+1","Caltrops+1","Cloak And Dagger+1","Dodge and Roll","Acrobatics+1","Flechettes+1","Corpse Explosion+1","Backflip+1","Footwork+1","Ghostly+1","Ghostly+1","Ghostly+1","Ghostly+1","Ghostly+1","Master of Strategy+1","Acrobatics+1","Blade Dance+1","Escape Plan+1","Footwork","Cloak And Dagger+1","Corpse Explosion+1","Finesse+1","HandOfGreed","Flash of Steel","Backflip+1","Backflip+1","Reflex+1","Catalyst+1","Prepared+1","Well Laid Plans+1","Escape Plan+1","Outmaneuver+1"],"relics":["Ring of the Snake","Calipers","CultistMask","Meat on the Bone","Toxic Egg 2","Kunai","HoveringKite","Whetstone","Art of War","Oddly Smooth Stone","Boot","Sozu","Unceasing Top","Blue Candle","Sundial","Mango","Frozen Eye","Strawberry"],"potions_floor_usage":[],"damage_taken":[{"damage":0,"enemies":"Small Slimes","floor":1,"turns":5},{"damage":0,"enemies":"Cultist","floor":2,"turns":5},{"damage":0,"enemies":"Jaw Worm","floor":5,"turns":5},{"damage":0,"enemies":"Blue Slaver","floor":7,"turns":6},{"damage":2,"enemies":"Exordium Wildlife","floor":8,"turns":6},{"damage":31,"enemies":"3 Sentries","floor":10,"turns":12},{"damage":5,"enemies":"Large Slime","floor":14,"turns":11},{"damage":6,"enemies":"Hexaghost","floor":16,"turns":14},{"damage":7,"enemies":"Spheric Guardian","floor":18,"turns":7},{"damage":0,"enemies":"2 Thieves","floor":22,"turns":3},{"damage":14,"enemies":"Book of Stabbing","floor":23,"turns":8},{"damage":6,"enemies":"Slavers","floor":25,"turns":5},{"damage":1,"enemies":"Snecko","floor":27,"turns":7},{"damage":8,"enemies":"Book of Stabbing","floor":28,"turns":7},{"damage":0,"enemies":"Sentry and Sphere","floor":30,"turns":6},{"damage":0,"enemies":"3 Cultists","floor":31,"turns":4},{"damage":0,"enemies":"Champ","floor":33,"turns":16},{"damage":2,"enemies":"3 Darklings","floor":35,"turns":4},{"damage":0,"enemies":"3 Shapes","floor":36,"turns":4},{"damage":0,"enemies":"2 Orb Walkers","floor":38,"turns":6},{"damage":0,"enemies":"Maw","floor":39,"turns":9},{"damage":5,"enemies":"Nemesis","floor":40,"turns":9},{"damage":0,"enemies":"Giant Head","floor":44,"turns":9},{"damage":0,"enemies":"Transient","floor":45,"turns":5},{"damage":0,"enemies":"Jaw Worm Horde","floor":46,"turns":3},{"damage":0,"enemies":"Nemesis","floor":47,"turns":6},{"damage":0,"enemies":"4 Shapes","floor":48,"turns":3},{"damage":0,"enemies":"Donu and Deca","floor":50,"turns":6},{"damage":2,"enemies":"Shield and Spear","floor":54,"turns":6},{"damage":39,"enemies":"The Heart","floor":55,"turns":11}],"seed_played":"6652243619763394938","potions_obtained":[{"floor":1,"key":"SpeedPotion"},{"floor":8,"key":"Explosive Potion"},{"floor":14,"key":"SneckoOil"},{"floor":31,"key":"EssenceOfSteel"}],"is_trial":false,"path_per_floor":["M","M","?","$","M","R","M","M","T","E","?","R","?","M","R","B",null,"M","?","?","$","M","E","R","E","T","M","E","?","M","M","R","B",null,"M","M","?","?","M","E","$","R","T","E","M","M","E","M","R","B",null,"R","$","E","B",null],"character_chosen":"THE_SILENT","items_purchased":["Backflip","Caltrops","Master of Strategy+1","Catalyst+1","Frozen Eye","Escape Plan+1"],"campfire_rested":0,"item_purchase_floors":[4,4,21,41,53,53],"current_hp_per_floor":[63,63,63,63,63,63,63,61,61,42,35,35,28,35,35,41,58,51,51,31,31,31,17,17,23,23,22,26,26,26,26,26,26,30,28,28,18,18,18,25,25,25,25,25,25,25,39,39,39,39,44,44,44,49,22],"gold":94,"neow_bonus":"ONE_RARE_RELIC","is_prod":false,"is_daily":false,"chose_seed":false,"campfire_upgraded":7,"win_rate":0,"timestamp":1563731934,"path_taken":["M","M","?","?","?","R","M","M","T","E","?","R","?","M","R","BOSS","M","?","?","$","M","E","R","E","T","M","E","?","?","?","R","BOSS","M","M","?","?","M","E","$","R","T","E","M","M","E","M","R","BOSS","R","$","E","BOSS"],"build_version":"2019-07-17","purchased_purges":2,"victory":true,"max_hp_per_floor":[63,63,63,63,63,63,63,63,63,63,63,63,63,63,63,63,63,63,63,31,31,31,31,31,31,31,31,31,31,31,31,31,31,31,31,31,31,31,31,31,31,31,31,31,31,31,45,45,45,45,45,45,45,52,52],"card_choices":[{"not_picked":["Slice","Dagger Throw"],"picked":"Backflip","floor":1},{"not_picked":["Prepared","Outmaneuver"],"picked":"Calculated Gamble","floor":2},{"not_picked":["Blade Dance","Flying Knee"],"picked":"Cloak And Dagger","floor":5},{"not_picked":["Heel Hook","Bane","Blade Dance"],"picked":"SKIP","floor":7},{"not_picked":["Dagger Throw","Calculated Gamble"],"picked":"Dodge and Roll","floor":8},{"not_picked":["Envenom","Eviscerate"],"picked":"Acrobatics","floor":10},{"not_picked":["Poisoned Stab","Calculated Gamble+1"],"picked":"Flechettes","floor":14},{"not_picked":["Burst+1","Envenom"],"picked":"Corpse Explosion+1","floor":16},{"not_picked":["Dagger Throw","Poisoned Stab"],"picked":"Backflip+1","floor":18},{"not_picked":["Poisoned Stab","Calculated Gamble+1"],"picked":"Acrobatics+1","floor":22},{"not_picked":["Underhanded Strike+1","Burst+1"],"picked":"Blade Dance+1","floor":23},{"not_picked":["Bane+1","Finisher","Slice"],"picked":"SKIP","floor":25},{"not_picked":["Choke","Quick Slash"],"picked":"Escape Plan+1","floor":27},{"not_picked":["Underhanded Strike+1","Dagger Throw","Eviscerate"],"picked":"SKIP","floor":28},{"not_picked":["Sucker Punch","Expertise+1"],"picked":"Footwork","floor":30},{"not_picked":["Deflect+1","Quick Slash+1"],"picked":"Cloak And Dagger+1","floor":31},{"not_picked":["Glass Knife","Tools of the Trade"],"picked":"Corpse Explosion+1","floor":33},{"not_picked":["Sucker Punch+1","Dagger Throw+1","Dagger Spray+1"],"picked":"SKIP","floor":35},{"not_picked":["Dash","Masterful Stab+1","Distraction+1"],"picked":"SKIP","floor":36},{"not_picked":["Jack Of All Trades+1","Deep Breath+1"],"picked":"Finesse+1","floor":37},{"not_picked":["Forethought+1","Good Instincts+1"],"picked":"HandOfGreed","floor":37},{"not_picked":["Dark Shackles+1","Mind Blast"],"picked":"Flash of Steel","floor":37},{"not_picked":["Deflect+1","All Out Attack+1"],"picked":"Backflip+1","floor":38},{"not_picked":["Outmaneuver+1","Dagger Spray"],"picked":"Backflip+1","floor":39},{"not_picked":["Choke","Masterful Stab+1"],"picked":"Reflex+1","floor":40},{"not_picked":["Storm of Steel+1","Choke","Dagger Spray+1"],"picked":"SKIP","floor":44},{"not_picked":["Bane+1","Poisoned Stab+1"],"picked":"Prepared+1","floor":45},{"not_picked":["Underhanded Strike+1","Deflect+1","Dagger Spray"],"picked":"SKIP","floor":46},{"not_picked":["Flying Knee+1","Prepared+1","Die Die Die"],"picked":"SKIP","floor":47},{"not_picked":["PiercingWail+1","Concentrate+1"],"picked":"Well Laid Plans","floor":48},{"not_picked":["Setup+1","Prepared+1"],"picked":"Outmaneuver+1","floor":54}],"player_experience":211060,"relics_obtained":[{"floor":9,"key":"Meat on the Bone"},{"floor":10,"key":"Toxic Egg 2"},{"floor":23,"key":"Whetstone"},{"floor":25,"key":"Art of War"},{"floor":26,"key":"Oddly Smooth Stone"},{"floor":28,"key":"Boot"},{"floor":38,"key":"Unceasing Top"},{"floor":40,"key":"Blue Candle"},{"floor":44,"key":"Sundial"},{"floor":47,"key":"Mango"},{"floor":54,"key":"Strawberry"}],"event_choices":[{"damage_healed":0,"gold_gain":0,"player_choice":"Trade","damage_taken":0,"relics_obtained":["CultistMask"],"max_hp_gain":0,"max_hp_loss":0,"event_name":"FaceTrader","floor":3,"gold_loss":0},{"cards_removed":["Strike_G"],"damage_healed":0,"gold_gain":0,"player_choice":"Card Removal","damage_taken":7,"max_hp_gain":0,"max_hp_loss":0,"event_name":"Golden Wing","floor":11,"gold_loss":0},{"damage_healed":0,"gold_gain":0,"player_choice":"Success","damage_taken":7,"relics_obtained":["Kunai"],"max_hp_gain":0,"max_hp_loss":0,"event_name":"Scrap Ooze","floor":13,"gold_loss":0},{"damage_healed":0,"gold_gain":0,"player_choice":"Read","damage_taken":0,"max_hp_gain":0,"max_hp_loss":0,"event_name":"The Library","floor":19,"gold_loss":0,"cards_obtained":["Footwork"]},{"damage_healed":0,"gold_gain":0,"player_choice":"Became a Ghost","damage_taken":0,"max_hp_gain":0,"max_hp_loss":32,"event_name":"Ghosts","floor":20,"gold_loss":0,"cards_obtained":["Ghostly","Ghostly","Ghostly","Ghostly","Ghostly"]},{"damage_healed":0,"gold_gain":0,"player_choice":"Upgrade","damage_taken":0,"max_hp_gain":0,"max_hp_loss":0,"event_name":"Designer","floor":29,"gold_loss":40,"cards_upgraded":["Footwork"]},{"damage_healed":0,"gold_gain":0,"player_choice":"Memory 3","damage_taken":10,"max_hp_gain":0,"max_hp_loss":0,"event_name":"SensoryStone","floor":37,"gold_loss":0},{"damage_healed":0,"gold_gain":0,"player_choice":"Fight","damage_taken":0,"max_hp_gain":0,"max_hp_loss":0,"event_name":"Mysterious Sphere","floor":38,"gold_loss":0}],"is_beta":false,"boss_relics":[{"not_picked":["Ectoplasm","Cursed Key"],"picked":"HoveringKite"},{"not_picked":["Eternal Feather","Velvet Choker"],"picked":"Sozu"}],"items_purged_floors":[41,53],"is_endless":false,"potions_floor_spawned":[1,8,14,23,25,31,35,38,39,47,54],"ascension_level":8}