{"gold_per_floor":[114,129,4,4,4,34,34,39,89,104,119,134,149,479,479,579,579,594,58,73,88,88,118,118,148,148,163,178,193,118,148,148,248,248,263,278,278,292,307,367,217,247,247,262,277,57,87,102,102,102],"floor_reached":50,"playtime":8118,"items_purged":["Doppelganger","Venomology"],"score":781,"play_id":"399fc8c4-b032-48f7-9edc-e5c24adbfcda","local_time":"20190502184632","daily_mods":["Shiny","Green Cards","DeadlyEvents"],"is_ascension_mode":false,"campfire_choices":[{"data":"After Image","floor":15,"key":"SMITH"},{"data":"Malaise","floor":24,"key":"SMITH"},{"floor":32,"key":"REST"},{"floor":49,"key":"REST"}],"neow_cost":"","seed_source_timestamp":1974595564893529,"circlet_count":0,"master_deck":["Corpse Explosion","Malaise+1","Phantasmal Killer","Die Die Die","Adrenaline","Envenom","Burst","Wraith Form v2","Tools of the Trade","Night Terror","Unload","After Image+1","Bullet Time","Storm of Steel","Glass Knife","A Thousand Cuts","Multi-Cast","Hyperbeam","Thunder Strike","Biased Cognition","Machine Learning","Electrodynamics","Buffer","Rainbow","Seek","Meteor Strike","Echo Form","All For One","Reboot","Amplify","Creative AI","Core Surge","Backstab","PiercingWail","Backflip","Defragment","Noxious Fumes","FTL","Capacitor","Biased Cognition","Acrobatics+1","Dash","Leap+1","Hologram+1","Chill","Defragment+1","Concentrate","Glacier+1","Well Laid Plans+1","Tactician+1","Stack+1","PiercingWail+1","Bullet Time","Calculated Gamble+1","Crippling Poison+1","Capacitor+1","Turbo+1","Defragment","Hologram+1"],"special_seed":18018,"relics":["Cracked Core","Unceasing Top","Thread and Needle","Odd Mushroom","Centennial Puzzle","Old Coin","Sozu","Oddly Smooth Stone","Mercury Hourglass","PreservedInsect","Orichalcum","Art of War","Prayer Wheel","Runic Pyramid","Ice Cream","Tiny Chest","Ancient Tea Set","Du-Vu Doll","Torii","Lantern","Pocketwatch"],"potions_floor_usage":[6,8,11,14,16,16],"damage_taken":[{"damage":3,"enemies":"Cultist","floor":1,"turns":3},{"damage":2,"enemies":"Small Slimes","floor":2,"turns":3},{"damage":0,"enemies":"Lagavulin","floor":6,"turns":4},{"damage":0,"enemies":"The Mushroom Lair","floor":8,"turns":1},{"damage":0,"enemies":"2 Louse","floor":10,"turns":1},{"damage":12,"enemies":"Exordium Wildlife","floor":11,"turns":3},{"damage":3,"enemies":"Exordium Thugs","floor":12,"turns":2},{"damage":4,"enemies":"Looter","floor":13,"turns":2},{"damage":6,"enemies":"Gremlin Nob","floor":14,"turns":3},{"damage":2,"enemies":"The Guardian","floor":16,"turns":9},{"damage":27,"enemies":"2 Thieves","floor":18,"turns":4},{"damage":2,"enemies":"Chosen","floor":20,"turns":3},{"damage":0,"enemies":"Centurion and Healer","floor":21,"turns":5},{"damage":5,"enemies":"Book of Stabbing","floor":23,"turns":5},{"damage":0,"enemies":"Slavers","floor":25,"turns":3},{"damage":0,"enemies":"Cultist and Chosen","floor":27,"turns":5},{"damage":19,"enemies":"Shelled Parasite and Fungi","floor":28,"turns":5},{"damage":0,"enemies":"Snake Plant","floor":29,"turns":3},{"damage":0,"enemies":"Gremlin Leader","floor":31,"turns":6},{"damage":3,"enemies":"Automaton","floor":33,"turns":10},{"damage":9,"enemies":"Orb Walker","floor":35,"turns":4},{"damage":0,"enemies":"3 Shapes","floor":36,"turns":2},{"damage":8,"enemies":"2 Orb Walkers","floor":38,"turns":4},{"damage":0,"enemies":"Maw","floor":39,"turns":5},{"damage":5,"enemies":"Reptomancer","floor":40,"turns":6},{"damage":12,"enemies":"Nemesis","floor":42,"turns":7},{"damage":0,"enemies":"Transient","floor":44,"turns":5},{"damage":10,"enemies":"Spire Growth","floor":45,"turns":7},{"damage":1,"enemies":"Giant Head","floor":47,"turns":7},{"damage":17,"enemies":"Jaw Worm Horde","floor":48,"turns":3},{"damage":35,"enemies":"Time Eater","floor":50,"turns":2}],"seed_played":"-526792732789097336","potions_obtained":[{"floor":6,"key":"EssenceOfSteel"},{"floor":10,"key":"LiquidBronze"},{"floor":11,"key":"Fire Potion"}],"is_trial":false,"path_per_floor":["M","M","$","?","$","E","$","?","T","M","M","M","M","E","R","B",null,"M","$","M","M","?","E","R","E","T","M","M","M","?","E","R","B",null,"M","M","?","?","M","E","$","E","T","M","M","$","E","M","R","B"],"character_chosen":"DEFECT","items_purchased":["Swift Potion","Oddly Smooth Stone","Mercury Hourglass","Dash","Ancient Tea Set","Lantern","Defragment"],"campfire_rested":2,"item_purchase_floors":[3,19,19,19,41,46,46],"current_hp_per_floor":[72,70,70,63,63,63,63,63,63,63,51,48,44,38,38,36,75,48,48,46,46,71,66,66,66,66,66,47,47,47,47,69,66,75,66,66,66,58,58,53,53,41,41,41,31,31,30,13,35,0],"gold":102,"neow_bonus":"","is_prod":false,"is_daily":true,"chose_seed":false,"campfire_upgraded":2,"win_rate":0,"timestamp":1556837192,"path_taken":["M","M","?","?","$","E","$","?","T","M","M","?","M","E","R","BOSS","M","$","M","M","?","E","R","E","T","M","M","M","?","?","R","BOSS","M","M","?","?","M","E","?","?","T","M","?","$","E","M","R","BOSS"],"build_version":"2019-01-23","purchased_purges":2,"victory":false,"max_hp_per_floor":[75,75,75,75,75,75,75,75,75,75,75,75,75,75,75,75,75,75,75,75,75,75,75,75,75,75,75,75,75,75,75,75,75,75,75,75,75,75,75,75,75,75,75,75,75,75,75,75,75,75],"card_choices":[{"not_picked":["Redo","Static Discharge","Bane"],"picked":"SKIP","floor":1},{"not_picked":["Expertise","Go for the Eyes"],"picked":"Backstab","floor":2},{"not_picked":["Bane","Endless Agony"],"picked":"PiercingWail","floor":6},{"not_picked":["Outmaneuver","Hologram"],"picked":"Backflip","floor":8},{"not_picked":["Endless Agony","Cold Snap"],"picked":"Defragment","floor":10},{"not_picked":["BootSequence","Quick Slash"],"picked":"Noxious Fumes","floor":11},{"not_picked":["Dagger Spray","Prepared"],"picked":"FTL","floor":12},{"not_picked":["Outmaneuver","Rebound"],"picked":"Capacitor","floor":13},{"not_picked":["Eviscerate","Leap","Dodge and Roll"],"picked":"SKIP","floor":14},{"not_picked":["Seek","Core Surge"],"picked":"Biased Cognition","floor":16},{"not_picked":["FTL+1","Beam Cell"],"picked":"Acrobatics+1","floor":18},{"not_picked":["Redo","Crippling Poison"],"picked":"Leap+1","floor":20},{"not_picked":["Caltrops","Capacitor"],"picked":"Hologram+1","floor":21},{"not_picked":["Prepared+1","Skim"],"picked":"Chill","floor":23},{"not_picked":["Envenom","Blur"],"picked":"Defragment+1","floor":25},{"not_picked":["Barrage","Concentrate","Ball Lightning"],"picked":"SKIP","floor":27},{"not_picked":["Barrage","Ball Lightning"],"picked":"Concentrate","floor":27},{"not_picked":["Chill","Rebound"],"picked":"Glacier+1","floor":28},{"not_picked":["Backflip","Leg Sweep"],"picked":"Well Laid Plans+1","floor":29},{"not_picked":["Noxious Fumes","Hello World+1"],"picked":"Tactician+1","floor":31},{"not_picked":["Slice+1","Underhanded Strike+1"],"picked":"Stack+1","floor":35},{"not_picked":["Rebound","Prepared","Steam"],"picked":"SKIP","floor":35},{"not_picked":["Deadly Poison+1","Stack"],"picked":"PiercingWail+1","floor":36},{"not_picked":["Cloak And Dagger+1","Sucker Punch+1","Hologram"],"picked":"SKIP","floor":36},{"not_picked":["Stack+1","Bouncing Flask+1"],"picked":"Bullet Time","floor":38},{"not_picked":["Distraction","Deadly Poison"],"picked":"Calculated Gamble+1","floor":39},{"not_picked":["Blade Dance","BootSequence"],"picked":"Crippling Poison+1","floor":39},{"not_picked":["Leg Sweep+1","Underhanded Strike"],"picked":"Capacitor+1","floor":40},{"not_picked":["Night Terror","Steam","Terror+1"],"picked":"SKIP","floor":42},{"not_picked":["Flying Knee+1","Scrape","Barrage+1"],"picked":"SKIP","floor":44},{"not_picked":["Slice","Dodge and Roll+1","Accuracy"],"picked":"SKIP","floor":44},{"not_picked":["A Thousand Cuts","Skim"],"picked":"Turbo+1","floor":45},{"not_picked":["Ball Lightning","Dash","Outmaneuver"],"picked":"SKIP","floor":45},{"not_picked":["Rip and Tear","Steam+1"],"picked":"Hologram+1","floor":47},{"not_picked":["Steam Power","Hello World","Sucker Punch"],"picked":"SKIP","floor":48},{"not_picked":["Capacitor+1","Self Repair+1","Expertise"],"picked":"SKIP","floor":48}],"player_experience":3563217,"relics_obtained":[{"floor":6,"key":"Thread and Needle"},{"floor":8,"key":"Odd Mushroom"},{"floor":9,"key":"Centennial Puzzle"},{"floor":14,"key":"Old Coin"},{"floor":23,"key":"PreservedInsect"},{"floor":25,"key":"Orichalcum"},{"floor":26,"key":"Art of War"},{"floor":31,"key":"Prayer Wheel"},{"floor":38,"key":"Ice Cream"},{"floor":40,"key":"Tiny Chest"},{"floor":42,"key":"Du-Vu Doll"},{"floor":43,"key":"Torii"},{"floor":47,"key":"Pocketwatch"}],"event_choices":[{"damage_healed":0,"gold_gain":0,"player_choice":"Success","damage_taken":7,"relics_obtained":["Unceasing Top"],"max_hp_gain":0,"max_hp_loss":0,"event_name":"Scrap Ooze","floor":4,"gold_loss":0},{"damage_healed":0,"gold_gain":0,"player_choice":"Fought Mushrooms","damage_taken":0,"max_hp_gain":0,"max_hp_loss":0,"event_name":"Mushrooms","floor":8,"gold_loss":0},{"damage_healed":25,"gold_gain":0,"player_choice":"Heal","damage_taken":0,"max_hp_gain":0,"max_hp_loss":0,"event_name":"The Library","floor":22,"gold_loss":0},{"cards_removed":["Grand Finale"],"damage_healed":0,"gold_gain":0,"player_choice":"Gave Gold","damage_taken":0,"max_hp_gain":0,"max_hp_loss":0,"event_name":"Beggar","floor":30,"gold_loss":75},{"cards_removed":["Fission"],"damage_healed":0,"gold_gain":0,"player_choice":"Removed Skill","damage_taken":0,"max_hp_gain":0,"max_hp_loss":0,"event_name":"Falling","floor":37,"gold_loss":0},{"damage_healed":0,"gold_gain":0,"player_choice":"Fight","damage_taken":0,"max_hp_gain":0,"max_hp_loss":0,"event_name":"Mysterious Sphere","floor":38,"gold_loss":0}],"is_beta":false,"boss_relics":[{"not_picked":["Coffee Dripper","Runic Dome"],"picked":"Sozu"},{"not_picked":["Orrery","Astrolabe"],"picked":"Runic Pyramid"}],"items_purged_floors":[3,19],"is_endless":false,"potions_floor_spawned":[6,10,11,12,13,18,21,25,27,31,35,36,48],"killed_by":"Time Eater","ascension_level":0}