{"gold_per_floor":[118,136,136,6,156,187,199,214,239,25,25,25,57,73,73,147,147,160,160],"floor_reached":19,"playtime":707,"items_purged":[],"score":404,"play_id":"8feef1d8-f16c-45f6-b180-333e38064397","local_time":"20190508095015","is_ascension_mode":true,"campfire_choices":[{"floor":12,"key":"REST"},{"data":"Leap","floor":15,"key":"SMITH"}],"neow_cost":"NONE","seed_source_timestamp":2471547067632665,"circlet_count":0,"master_deck":["AscendersBane","Strike_B","Strike_B","Strike_B","Defend_B+1","Defend_B","Defend_B","Defend_B","Zap+1","Dualcast","Doom and Gloom","Sweeping Beam","Hello World","Leap+1","Doubt","Double Energy","Chill","Sunder","Core Surge","Creative AI"],"relics":["Cracked Core","NeowsBlessing","War Paint","Juzu Bracelet","Centennial Puzzle","Ancient Tea Set","Snecko Eye"],"potions_floor_usage":[13,16],"damage_taken":[{"damage":0,"enemies":"Small Slimes","floor":1,"turns":1},{"damage":0,"enemies":"2 Louse","floor":2,"turns":1},{"damage":0,"enemies":"3 Sentries","floor":6,"turns":1},{"damage":7,"enemies":"Jaw Worm","floor":7,"turns":4},{"damage":3,"enemies":"3 Louse","floor":8,"turns":2},{"damage":6,"enemies":"Gremlin Nob","floor":13,"turns":3},{"damage":14,"enemies":"Exordium Thugs","floor":14,"turns":2},{"damage":37,"enemies":"The Guardian","floor":16,"turns":11},{"damage":44,"enemies":"2 Thieves","floor":18,"turns":3},{"damage":13,"enemies":"Shell Parasite","floor":19,"turns":4}],"seed_played":"-5338705749927423682","potions_obtained":[{"floor":1,"key":"Poison Potion"},{"floor":8,"key":"EssenceOfSteel"},{"floor":11,"key":"FocusPotion"},{"floor":13,"key":"Weak Potion"},{"floor":16,"key":"FocusPotion"},{"floor":18,"key":"LiquidBronze"}],"is_trial":false,"path_per_floor":["M","M","?","$","?","E","M","M","T","$","?","R","E","M","R","B",null,"M","M"],"character_chosen":"DEFECT","items_purchased":["Hello World","Leap","Centennial Puzzle","Sunder"],"campfire_rested":1,"item_purchase_floors":[4,4,10,10],"current_hp_per_floor":[64,64,57,57,57,57,50,47,47,47,47,68,62,48,48,11,56,12,0],"gold":160,"neow_bonus":"THREE_ENEMY_KILL","is_prod":false,"is_daily":false,"chose_seed":false,"campfire_upgraded":1,"win_rate":0,"timestamp":1557323415,"path_taken":["M","M","?","$","?","E","M","M","T","?","?","R","E","M","R","BOSS","M","M"],"build_version":"2019-01-23","purchased_purges":0,"victory":false,"max_hp_per_floor":[71,71,71,71,71,71,71,71,71,71,71,71,71,71,71,71,71,71,71],"card_choices":[{"not_picked":["Storm","Compile Driver"],"picked":"Doom and Gloom","floor":1},{"not_picked":["Fusion","Gash"],"picked":"Sweeping Beam","floor":2},{"not_picked":["Auto Shields","Lockon"],"picked":"Double Energy","floor":6},{"not_picked":["Beam Cell","Turbo","Heatsinks"],"picked":"SKIP","floor":7},{"not_picked":["Compile Driver","Beam Cell"],"picked":"Chill","floor":8},{"not_picked":["Coolheaded","Gash"],"picked":"Core Surge","floor":13},{"not_picked":["Darkness","Heatsinks","Gash"],"picked":"SKIP","floor":14},{"not_picked":["Fission","Meteor Strike"],"picked":"Creative AI","floor":16},{"not_picked":["Gash","Conserve Battery","Auto Shields"],"picked":"SKIP","floor":18}],"player_experience":3623949,"relics_obtained":[{"floor":6,"key":"War Paint"},{"floor":9,"key":"Juzu Bracelet"},{"floor":13,"key":"Ancient Tea Set"}],"event_choices":[{"cards_removed":["Strike_B"],"damage_healed":0,"gold_gain":0,"player_choice":"Card Removal","damage_taken":7,"max_hp_gain":0,"max_hp_loss":0,"event_name":"Golden Wing","floor":3,"gold_loss":0},{"damage_healed":0,"gold_gain":150,"player_choice":"AGREE","damage_taken":0,"max_hp_gain":0,"max_hp_loss":0,"event_name":"Liars Game","floor":5,"gold_loss":0,"cards_obtained":["Doubt"]},{"damage_healed":0,"gold_gain":0,"player_choice":"Got Potions","damage_taken":0,"max_hp_gain":0,"max_hp_loss":0,"event_name":"Lab","floor":11,"gold_loss":0}],"is_beta":false,"boss_relics":[{"not_picked":["Orrery","Eternal Feather"],"picked":"Snecko Eye"}],"items_purged_floors":[],"is_endless":false,"potions_floor_spawned":[1,8,13,16,18],"killed_by":"Shell Parasite","ascension_level":20}