{"gold_per_floor":[114,127,139,154,170,170,190,206,229,304,316,316,316,350,350,476,476,501,373,573,586,586,629,629,695,722,743,762,783,804,842,842,842],"floor_reached":33,"playtime":3185,"items_purged":["Strike_G"],"score":372,"play_id":"f579fe58-62a3-45e1-b423-3ffd58d8f330","local_time":"20190706182207","is_ascension_mode":true,"campfire_choices":[{"data":"All Out Attack","floor":6,"key":"SMITH"},{"floor":12,"key":"REST"},{"data":"Prepared","floor":15,"key":"SMITH"},{"floor":24,"key":"REST"},{"floor":32,"key":"REST"}],"neow_cost":"CURSE","seed_source_timestamp":2606452572784,"circlet_count":0,"master_deck":["Strike_G","Strike_G","Strike_G","Strike_G","Defend_G","Defend_G","Defend_G","Defend_G","Defend_G","Survivor","Neutralize","Writhe","All Out Attack+1","Eviscerate","Backflip","Blur","Dagger Throw","Backflip","Prepared+1","Riddle With Holes","Injury","Adrenaline","Adrenaline","Blade Dance","Dagger Spray","Outmaneuver","Well Laid Plans+1","Leg Sweep","Dagger Spray","Backstab","Backflip","Endless Agony","Flechettes+1"],"relics":["Ring of the Snake","Du-Vu Doll","Anchor","Golden Idol","Snake Skull","Sozu","Happy Flower","Tiny Chest","Ancient Tea Set","Bronze Scales"],"potions_floor_usage":[5,14,16,31],"damage_taken":[{"damage":1,"enemies":"Cultist","floor":1,"turns":4},{"damage":3,"enemies":"Small Slimes","floor":2,"turns":3},{"damage":4,"enemies":"Jaw Worm","floor":3,"turns":4},{"damage":20,"enemies":"Exordium Thugs","floor":4,"turns":7},{"damage":7,"enemies":"Gremlin Gang","floor":5,"turns":5},{"damage":0,"enemies":"Exordium Wildlife","floor":7,"turns":2},{"damage":0,"enemies":"3 Louse","floor":8,"turns":1},{"damage":0,"enemies":"2 Fungi Beasts","floor":11,"turns":2},{"damage":4,"enemies":"Gremlin Nob","floor":14,"turns":3},{"damage":18,"enemies":"Slime Boss","floor":16,"turns":6},{"damage":3,"enemies":"Shell Parasite","floor":18,"turns":4},{"damage":0,"enemies":"2 Thieves","floor":21,"turns":2},{"damage":28,"enemies":"Slavers","floor":23,"turns":6},{"damage":14,"enemies":"Book of Stabbing","floor":25,"turns":5},{"damage":5,"enemies":"Snecko","floor":27,"turns":4},{"damage":0,"enemies":"Centurion and Healer","floor":28,"turns":4},{"damage":13,"enemies":"Sentry and Sphere","floor":29,"turns":4},{"damage":0,"enemies":"Cultist and Chosen","floor":30,"turns":4},{"damage":0,"enemies":"Slavers","floor":31,"turns":5},{"damage":59,"enemies":"Champ","floor":33,"turns":10}],"seed_played":"-6287412273727700754","potions_obtained":[{"floor":1,"key":"SkillPotion"},{"floor":2,"key":"Dexterity Potion"},{"floor":4,"key":"PowerPotion"},{"floor":5,"key":"AttackPotion"},{"floor":16,"key":"Ancient Potion"}],"is_trial":false,"path_per_floor":["M","M","M","M","M","R","M","M","T","?","M","R","?","E","R","B",null,"M","$","?","M","?","E","R","E","T","M","M","M","M","E","R","B"],"character_chosen":"THE_SILENT","items_purchased":["Dagger Spray"],"campfire_rested":3,"item_purchase_floors":[19],"current_hp_per_floor":[69,66,62,42,35,35,35,35,35,24,24,45,45,41,41,23,70,67,67,67,67,67,39,60,46,46,41,41,28,28,28,49,0],"gold":842,"neow_bonus":"ONE_RARE_RELIC","is_prod":false,"is_daily":false,"chose_seed":false,"campfire_upgraded":2,"win_rate":0,"timestamp":1562430127,"path_taken":["M","M","M","M","?","R","M","M","T","?","M","R","?","E","R","BOSS","M","$","?","?","?","E","R","E","T","M","M","M","M","E","R","BOSS"],"build_version":"2019-07-05","purchased_purges":1,"victory":false,"max_hp_per_floor":[70,70,70,70,70,70,70,70,70,70,70,70,70,70,70,70,70,70,70,70,70,70,70,70,70,70,70,70,70,70,70,70,70],"card_choices":[{"not_picked":["Expertise","Deflect"],"picked":"All Out Attack","floor":1},{"not_picked":["Skewer","Heel Hook"],"picked":"Eviscerate","floor":2},{"not_picked":["Sucker Punch","Flying Knee"],"picked":"Backflip","floor":3},{"not_picked":["Deflect","Deadly Poison"],"picked":"Blur","floor":4},{"not_picked":["Deflect","Sucker Punch"],"picked":"Dagger Throw","floor":5},{"not_picked":["Blade Dance","Dagger Spray"],"picked":"Backflip","floor":7},{"not_picked":["Dodge and Roll","PiercingWail"],"picked":"Prepared","floor":8},{"not_picked":["Deadly Poison","Blur"],"picked":"Riddle With Holes","floor":11},{"not_picked":["Choke","Eviscerate"],"picked":"Adrenaline","floor":14},{"not_picked":["Venomology","Envenom"],"picked":"Adrenaline","floor":16},{"not_picked":["Bane","Crippling Poison"],"picked":"Blade Dance","floor":18},{"not_picked":["Dash","Quick Slash"],"picked":"Outmaneuver","floor":21},{"not_picked":["Malaise","Dagger Throw"],"picked":"Well Laid Plans+1","floor":23},{"not_picked":["Expertise","Poisoned Stab"],"picked":"Leg Sweep","floor":25},{"not_picked":["Sucker Punch+1","Quick Slash"],"picked":"Dagger Spray","floor":27},{"not_picked":["Reflex","Bane+1"],"picked":"Backstab","floor":28},{"not_picked":["Flying Knee","Reflex"],"picked":"Backflip","floor":29},{"not_picked":["Terror","Flying Knee+1"],"picked":"Endless Agony","floor":30},{"not_picked":["Calculated Gamble","Flying Knee"],"picked":"Flechettes+1","floor":31}],"player_experience":41734,"relics_obtained":[{"floor":9,"key":"Anchor"},{"floor":14,"key":"Snake Skull"},{"floor":23,"key":"Happy Flower"},{"floor":25,"key":"Tiny Chest"},{"floor":26,"key":"Ancient Tea Set"},{"floor":31,"key":"Bronze Scales"}],"event_choices":[{"damage_healed":0,"gold_gain":75,"player_choice":"Gather Gold","damage_taken":11,"max_hp_gain":0,"max_hp_loss":0,"event_name":"World of Goop","floor":10,"gold_loss":0},{"damage_healed":0,"gold_gain":0,"player_choice":"Take Wound","damage_taken":0,"relics_obtained":["Golden Idol"],"max_hp_gain":0,"max_hp_loss":0,"event_name":"Golden Idol","floor":13,"gold_loss":0,"cards_obtained":["Injury"]},{"damage_healed":0,"gold_gain":200,"player_choice":"Gold","damage_taken":0,"max_hp_gain":0,"max_hp_loss":0,"event_name":"Wheel of Change","floor":20,"gold_loss":0},{"damage_healed":0,"gold_gain":0,"player_choice":"Got Potions","damage_taken":0,"max_hp_gain":0,"max_hp_loss":0,"event_name":"Lab","floor":22,"gold_loss":0}],"is_beta":false,"boss_relics":[{"not_picked":["Empty Cage","Busted Crown"],"picked":"Sozu"}],"items_purged_floors":[19],"is_endless":false,"potions_floor_spawned":[1,2,4,5,16,28,29,30,31],"killed_by":"Champ","ascension_level":2}