{"gold_per_floor":[359,19,31,31,43,43,43,59,59,59,70,86,86,86,86,161,161,176,10,24,24,24,24,43,75,75,75,85,85,10,10,10,10],"floor_reached":33,"playtime":3368,"items_purged":[],"score":497,"play_id":"07586fef-e436-40eb-8287-28b9a2acc429","local_time":"20181113132014","is_ascension_mode":true,"campfire_choices":[{"floor":6,"key":"REST"},{"floor":10,"key":"REST"},{"data":"Deadly Poison","floor":13,"key":"SMITH"},{"data":"Leg Sweep","floor":15,"key":"SMITH"},{"floor":23,"key":"REST"},{"floor":27,"key":"REST"},{"floor":29,"key":"REST"},{"floor":32,"key":"REST"}],"neow_cost":"CURSE","seed_source_timestamp":758005962736025,"circlet_count":0,"master_deck":["AscendersBane","Defend_G","Defend_G","Defend_G","Defend_G","Defend_G","Strike_G","Strike_G","Strike_G","Strike_G+1","Strike_G","Survivor","Neutralize","Skewer","Leg Sweep+1","Dagger Throw","Prepared+1","Deadly Poison+1","Backflip","Predator","Parasite","After Image","Backflip","PiercingWail","After Image","Leg Sweep+1","Riddle With Holes","Slice","Well Laid Plans","Decay"],"relics":["Ring of the Snake","TheAbacus","Gremlin Horn","Sozu","PreservedInsect","Matryoshka","Bronze Scales","Kunai"],"potions_floor_usage":[16,16],"damage_taken":[{"damage":10,"enemies":"Jaw Worm","floor":1,"turns":5},{"damage":6,"enemies":"Cultist","floor":3,"turns":4},{"damage":10,"enemies":"Small Slimes","floor":5,"turns":3},{"damage":1,"enemies":"3 Louse","floor":8,"turns":4},{"damage":0,"enemies":"Gremlin Gang","floor":11,"turns":5},{"damage":4,"enemies":"Lots of Slimes","floor":12,"turns":3},{"damage":31,"enemies":"The Guardian","floor":16,"turns":11},{"damage":9,"enemies":"Chosen","floor":18,"turns":6},{"damage":5,"enemies":"3 Byrds","floor":20,"turns":9},{"damage":7,"enemies":"Shelled Parasite and Fungi","floor":24,"turns":8},{"damage":50,"enemies":"Book of Stabbing","floor":25,"turns":7},{"damage":10,"enemies":"Centurion and Healer","floor":28,"turns":10},{"damage":81,"enemies":"Champ","floor":33,"turns":25}],"seed_played":"-6334385337621530479","potions_obtained":[{"floor":1,"key":"Dexterity Potion"},{"floor":3,"key":"FairyPotion"},{"floor":5,"key":"Swift Potion"}],"is_trial":false,"path_per_floor":["M","$","M","?","M","R","?","M","T","R","M","M","R","?","R","B",null,"M","$","M","?","$","R","M","E","T","R","M","R","$","?","R","B"],"character_chosen":"THE_SILENT","items_purchased":["TheAbacus","Leg Sweep","Dagger Throw","PreservedInsect","Well Laid Plans"],"campfire_rested":6,"item_purchase_floors":[2,2,2,19,30],"current_hp_per_floor":[49,49,43,23,13,32,32,31,31,50,50,46,46,62,62,31,57,48,48,43,43,43,62,55,5,5,24,14,33,33,33,52,0],"gold":10,"neow_bonus":"TWO_FIFTY_GOLD","is_prod":false,"is_daily":false,"chose_seed":false,"campfire_upgraded":2,"win_rate":0,"timestamp":1542133214,"path_taken":["M","$","M","?","M","R","?","?","T","R","M","?","R","?","R","BOSS","M","$","M","?","$","R","M","E","T","R","?","R","?","?","R","BOSS"],"build_version":"2018-11-08","purchased_purges":0,"victory":false,"max_hp_per_floor":[66,66,66,66,66,66,66,66,66,66,66,66,66,66,66,66,66,66,66,66,66,66,66,66,66,66,66,66,66,66,66,66,66],"card_choices":[{"not_picked":["Catalyst","Underhanded Strike"],"picked":"Skewer","floor":1},{"not_picked":["Bane","Concentrate"],"picked":"Prepared","floor":3},{"not_picked":["All Out Attack","Blade Dance"],"picked":"Deadly Poison","floor":5},{"not_picked":["Deadly Poison","Concentrate","Flechettes"],"picked":"SKIP","floor":8},{"not_picked":["Catalyst","Dodge and Roll"],"picked":"Backflip","floor":11},{"not_picked":["Slice","Setup"],"picked":"Predator","floor":12},{"not_picked":["A Thousand Cuts","Adrenaline"],"picked":"After Image","floor":16},{"not_picked":["Flying Knee","Skewer+1"],"picked":"Backflip","floor":18},{"not_picked":["Leg Sweep","Cloak And Dagger"],"picked":"PiercingWail","floor":20},{"not_picked":["Dagger Spray","Unload"],"picked":"Leg Sweep+1","floor":24},{"not_picked":["Tactician","Slice"],"picked":"Riddle With Holes","floor":25},{"not_picked":["Dodge and Roll+1","Expertise"],"picked":"Slice","floor":28}],"player_experience":2263066,"relics_obtained":[{"floor":9,"key":"Gremlin Horn"},{"floor":25,"key":"Matryoshka"},{"floor":26,"key":"Bronze Scales"},{"floor":26,"key":"Kunai"}],"event_choices":[{"damage_healed":0,"gold_gain":0,"player_choice":"Entered Light","damage_taken":20,"max_hp_gain":0,"max_hp_loss":0,"event_name":"Shining Light","floor":4,"gold_loss":0,"cards_upgraded":["Prepared","Strike_G"]},{"cards_removed":["Decay"],"damage_healed":0,"gold_gain":0,"player_choice":"Removed Curses","damage_taken":0,"max_hp_gain":0,"max_hp_loss":0,"event_name":"Fountain of Cleansing","floor":7,"gold_loss":0},{"damage_healed":16,"gold_gain":0,"player_choice":"Healed and dodged fight","damage_taken":0,"max_hp_gain":0,"max_hp_loss":0,"event_name":"Mushrooms","floor":14,"gold_loss":0,"cards_obtained":["Parasite"]},{"damage_healed":0,"gold_gain":0,"player_choice":"Copied","damage_taken":0,"max_hp_gain":0,"max_hp_loss":0,"event_name":"Duplicator","floor":21,"gold_loss":0,"cards_obtained":["After Image"]},{"damage_healed":0,"gold_gain":0,"player_choice":"Smashed Altar","damage_taken":0,"max_hp_gain":0,"max_hp_loss":0,"event_name":"Forgotten Altar","floor":31,"gold_loss":0,"cards_obtained":["Decay"]}],"is_beta":false,"boss_relics":[{"not_picked":["Ectoplasm","WristBlade"],"picked":"Sozu"}],"items_purged_floors":[],"is_endless":false,"potions_floor_spawned":[1,3,5,20,24],"killed_by":"Champ","ascension_level":19}