{"gold_per_floor":[216,216,104,120,138,138,150,169,169,169,169,13,43,57,57,57],"floor_reached":16,"playtime":1872,"items_purged":[],"score":199,"play_id":"f3cc777a-2d32-416a-b733-cea30ec617cc","local_time":"20190714012326","is_ascension_mode":true,"campfire_choices":[{"data":"Neutralize","floor":6,"key":"SMITH"},{"data":"Dodge and Roll","floor":10,"key":"SMITH"},{"data":"Dash","floor":15,"key":"SMITH"}],"neow_cost":"NONE","seed_source_timestamp":9734108126848,"circlet_count":0,"master_deck":["AscendersBane","Strike_G","Strike_G","Strike_G","Strike_G","Strike_G","Defend_G","Defend_G","Defend_G","Defend_G","Defend_G","Survivor","Neutralize+1","Heel Hook","Dodge and Roll+1","Crippling Poison","Sucker Punch","Backflip","Dagger Throw","Dash+1","Venomology","Corpse Explosion","Dagger Spray"],"relics":["Ring of the Snake","Oddly Smooth Stone","Pear","Thread and Needle","Ninja Scroll"],"potions_floor_usage":[13,16,16],"damage_taken":[{"damage":0,"enemies":"Cultist","floor":1,"turns":4},{"damage":0,"enemies":"2 Louse","floor":4,"turns":3},{"damage":0,"enemies":"Small Slimes","floor":5,"turns":4},{"damage":4,"enemies":"Blue Slaver","floor":7,"turns":4},{"damage":2,"enemies":"Exordium Wildlife","floor":8,"turns":3},{"damage":17,"enemies":"Lagavulin","floor":13,"turns":10},{"damage":0,"enemies":"3 Louse","floor":14,"turns":2},{"damage":46,"enemies":"Slime Boss","floor":16,"turns":8}],"seed_played":"-6090450060283185391","potions_obtained":[{"floor":1,"key":"GamblersBrew"},{"floor":4,"key":"EssenceOfSteel"}],"is_trial":false,"path_per_floor":["M","?","$","M","M","R","M","M","T","R","?","$","E","M","R","B"],"character_chosen":"THE_SILENT","items_purchased":["Dodge and Roll","GamblersBrew","Dash","Venomology"],"campfire_rested":0,"item_purchase_floors":[3,3,12,12],"current_hp_per_floor":[59,59,59,59,59,59,55,53,63,63,58,58,41,41,41,0],"gold":57,"neow_bonus":"HUNDRED_GOLD","is_prod":false,"is_daily":false,"chose_seed":false,"campfire_upgraded":3,"win_rate":0,"timestamp":1563089006,"path_taken":["M","?","$","M","M","R","?","M","T","R","?","$","E","M","R","BOSS"],"build_version":"2019-07-10","purchased_purges":0,"victory":false,"max_hp_per_floor":[66,66,66,66,66,66,66,66,76,76,76,76,76,76,76,76],"card_choices":[{"not_picked":["Deflect","Bane"],"picked":"Heel Hook","floor":1},{"not_picked":["Acrobatics","Slice"],"picked":"Crippling Poison","floor":4},{"not_picked":["Blade Dance","Slice"],"picked":"Sucker Punch","floor":5},{"not_picked":["Blade Dance","Dodge and Roll"],"picked":"Backflip","floor":7},{"not_picked":["Blade Dance","Prepared"],"picked":"Dagger Throw","floor":8},{"not_picked":["Bane","Cloak And Dagger"],"picked":"Corpse Explosion","floor":13},{"not_picked":["Deadly Poison","Backflip"],"picked":"Dagger Spray","floor":14}],"player_experience":1195444,"relics_obtained":[{"floor":9,"key":"Pear"},{"floor":13,"key":"Ninja Scroll"}],"event_choices":[{"damage_healed":0,"gold_gain":0,"player_choice":"Gave Potion","damage_taken":0,"relics_obtained":["Oddly Smooth Stone"],"max_hp_gain":0,"max_hp_loss":0,"event_name":"WeMeetAgain","floor":2,"gold_loss":0},{"damage_healed":0,"gold_gain":0,"player_choice":"Success","damage_taken":5,"relics_obtained":["Thread and Needle"],"max_hp_gain":0,"max_hp_loss":0,"event_name":"Scrap Ooze","floor":11,"gold_loss":0}],"is_beta":true,"boss_relics":[],"items_purged_floors":[],"is_endless":false,"potions_floor_spawned":[1,4,5],"killed_by":"Slime Boss","ascension_level":19}