{"path_per_floor":["M","?","M","?","M","M","M","E","T","M","R","M","E","M","R","B",null,"M","$","M","?","T","E","R","E","T","$","M","M","?","M","R","B",null,"M","M","M","M","$","E","R","M","T","R","$","M","?","M","R"],"character_chosen":"DEFECT","items_purchased":["Emotion Chip","Loop","Lee\u0027s Waffle","Happy Flower","Bronze Scales","Inflame"],"gold_per_floor":[114,114,129,129,144,159,174,204,229,244,244,259,289,304,304,404,404,419,84,99,99,124,154,154,184,209,9,24,39,138,153,153,253,253,268,283,298,313,163,193,193,208,233,233,13,28,28,43,43,43],"floor_reached":50,"campfire_rested":2,"playtime":47474,"item_purchase_floors":[19,19,27,39,45,45],"current_hp_per_floor":[72,77,77,77,76,75,70,69,69,69,69,69,69,68,68,59,80,76,76,68,68,68,64,64,57,57,87,65,64,64,64,64,40,87,81,70,82,87,87,33,82,82,82,82,82,75,75,71,77,0],"items_purged":[],"gold":43,"score":655,"play_id":"4e0ecaa5-69cd-4ed3-a9e1-9611d7ece0f4","local_time":"20180621222539","daily_mods":["Diverse","Night Terrors","Hoarder"],"is_prod":false,"is_daily":true,"chose_seed":false,"is_ascension_mode":false,"campfire_upgraded":5,"win_rate":0.0,"timestamp":1529634339,"campfire_choices":[{"data":"Body Slam","floor":11,"key":"SMITH"},{"data":"Body Slam","floor":15,"key":"SMITH"},{"data":"Acrobatics","floor":24,"key":"SMITH"},{"data":"Capacitor","floor":32,"key":"SMITH"},{"floor":41,"key":"REST"},{"data":"Capacitor","floor":44,"key":"SMITH"},{"floor":49,"key":"REST"}],"path_taken":["M","?","M","?","M","M","M","E","T","M","R","M","E","M","R","BOSS","M","$","M","?","?","E","R","E","T","$","M","M","?","M","R","BOSS","M","M","M","M","$","E","R","M","T","R","$","M","?","M","R","BOSS"],"build_version":"2018-06-14v2","seed_source_timestamp":0,"purchased_purges":0,"victory":false,"master_deck":["Zap+1","Dualcast","Ghostly Armor","Ghostly Armor","Ghostly Armor","BootSequence","BootSequence","Backflip","Backflip","Backflip","Body Slam+1","Body Slam+1","Body Slam","Acrobatics","Acrobatics","Acrobatics","Conserve Battery","Conserve Battery","Conserve Battery","Stack","Stack","Stack","Reaper","Reaper","Reaper","Wild Strike","Wild Strike","Wild Strike","Flying Knee","Flying Knee","Flying Knee","Acrobatics+1","Acrobatics","Acrobatics","Flex","Flex","Flex","Perfected Strike","Perfected Strike","Perfected Strike","Hologram","Hologram","Hologram","Anger","Anger","Anger","Second Wind","Second Wind","Second Wind","Loop","Loop","Loop","Cleave","Cleave","Cleave","Writhe","Writhe","Writhe","FTL","FTL","FTL","Underhanded Strike+1","Underhanded Strike+1","Underhanded Strike+1","Capacitor+1","Capacitor","Capacitor+1","White Noise","White Noise","White Noise","Leap","Leap","Leap","Rip and Tear+1","Rip and Tear+1","Rip and Tear+1","Inflame","Inflame","Inflame","Backflip+1","Backflip+1","Backflip+1","Cold Snap","Cold Snap","Cold Snap"],"max_hp_per_floor":[75,80,80,80,80,80,80,80,80,80,80,80,80,80,80,80,80,80,80,80,80,80,80,80,80,80,87,87,87,87,87,87,87,87,87,87,87,87,87,87,82,82,82,82,82,82,82,82,77,77],"special_seed":17703,"relics":["Cracked Core","Vajra","Boot","Oddly Smooth Stone","Pandora\u0027s Box","Emotion Chip","Ancient Tea Set","Bag of Preparation","Potion Belt","Blue Candle","Omamori","Lee\u0027s Waffle","Busted Crown","Happy Flower","Du-Vu Doll","Dream Catcher","Bronze Scales"],"card_choices":[{"not_picked":["Scrape","Doom and Gloom","Rupture"],"picked":"SKIP","floor":1},{"not_picked":["Armaments","Clothesline"],"picked":"Ghostly Armor","floor":3},{"not_picked":["Armaments","Iron Wave"],"picked":"BootSequence","floor":5},{"not_picked":["Consume","Chaos","Pommel Strike"],"picked":"SKIP","floor":6},{"not_picked":["Deflect","Disarm"],"picked":"Backflip","floor":7},{"not_picked":["Go for the Eyes","BootSequence"],"picked":"Body Slam","floor":8},{"not_picked":["Spot Weakness","Outmaneuver"],"picked":"Acrobatics","floor":10},{"not_picked":["Redo","Combust"],"picked":"Conserve Battery","floor":12},{"not_picked":["Quick Slash","Armaments","Doppelganger"],"picked":"SKIP","floor":13},{"not_picked":["Dagger Throw","Conserve Battery"],"picked":"Stack","floor":14},{"not_picked":["Meteor Strike","Berserk"],"picked":"Reaper","floor":16},{"not_picked":["Anger","Rebound","Rupture"],"picked":"SKIP","floor":18},{"not_picked":["Iron Wave","Clothesline+1"],"picked":"Cleave","floor":20},{"not_picked":["Infernal Blade","Conserve Battery"],"picked":"FTL","floor":23},{"not_picked":["Double Tap","Static Discharge"],"picked":"Underhanded Strike+1","floor":25},{"not_picked":["Dodge and Roll+1","Reprogram"],"picked":"Capacitor","floor":28},{"not_picked":["Conserve Battery","Quick Slash","Carnage+1"],"picked":"SKIP","floor":29},{"not_picked":["Searing Blow+1","Bane","Gash"],"picked":"SKIP","floor":31},{"not_picked":[],"picked":"White Noise","floor":35},{"not_picked":["Heavy Blade"],"picked":"SKIP","floor":36},{"not_picked":["Thunderclap"],"picked":"SKIP","floor":37},{"not_picked":[],"picked":"Leap","floor":38},{"not_picked":["Slice+1"],"picked":"SKIP","floor":40},{"not_picked":[],"picked":"Rip and Tear+1","floor":42},{"not_picked":[],"picked":"Backflip+1","floor":46},{"not_picked":["Beam Cell"],"picked":"SKIP","floor":48},{"not_picked":[],"picked":"Cold Snap","floor":49}],"player_experience":1390838,"potions_floor_usage":[6,8,13,13,14,16,25,29,33,33,40,50,50],"damage_taken":[{"damage":3,"enemies":"Jaw Worm","floor":1,"turns":4},{"damage":0,"enemies":"Small Slimes","floor":3,"turns":2},{"damage":1,"enemies":"2 Louse","floor":5,"turns":2},{"damage":1,"enemies":"Exordium Thugs","floor":6,"turns":5},{"damage":5,"enemies":"Lots of Slimes","floor":7,"turns":4},{"damage":1,"enemies":"Lagavulin","floor":8,"turns":9},{"damage":0,"enemies":"Blue Slaver","floor":10,"turns":1},{"damage":0,"enemies":"2 Fungi Beasts","floor":12,"turns":2},{"damage":0,"enemies":"3 Sentries","floor":13,"turns":7},{"damage":1,"enemies":"Gremlin Gang","floor":14,"turns":5},{"damage":9,"enemies":"Hexaghost","floor":16,"turns":11},{"damage":4,"enemies":"Shell Parasite","floor":18,"turns":5},{"damage":8,"enemies":"Spheric Guardian","floor":20,"turns":4},{"damage":5,"enemies":"Book of Stabbing","floor":23,"turns":6},{"damage":27,"enemies":"Slavers","floor":25,"turns":5},{"damage":22,"enemies":"Snecko","floor":28,"turns":5},{"damage":11,"enemies":"3 Cultists","floor":29,"turns":5},{"damage":10,"enemies":"Cultist and Chosen","floor":31,"turns":6},{"damage":50,"enemies":"Collector","floor":33,"turns":11},{"damage":6,"enemies":"3 Shapes","floor":35,"turns":4},{"damage":42,"enemies":"3 Darklings","floor":36,"turns":5},{"damage":13,"enemies":"4 Shapes","floor":37,"turns":6},{"damage":4,"enemies":"Maw","floor":38,"turns":9},{"damage":64,"enemies":"2 Orb Walkers","floor":40,"turns":7},{"damage":0,"enemies":"Sphere and 2 Shapes","floor":42,"turns":5},{"damage":7,"enemies":"4 Shapes","floor":46,"turns":6},{"damage":11,"enemies":"Maw","floor":48,"turns":9},{"damage":88,"enemies":"Time Eater","floor":50,"turns":8}],"relics_obtained":[{"floor":8,"key":"Vajra"},{"floor":9,"key":"Boot"},{"floor":13,"key":"Oddly Smooth Stone"},{"floor":22,"key":"Bag of Preparation"},{"floor":23,"key":"Potion Belt"},{"floor":25,"key":"Blue Candle"},{"floor":26,"key":"Omamori"},{"floor":40,"key":"Du-Vu Doll"},{"floor":43,"key":"Dream Catcher"}],"event_choices":[{"event_name":"Big Fish","player_choice":"Donut","floor":2,"damage_taken":0},{"event_name":"Accursed Blacksmith","player_choice":"Forge","floor":4,"damage_taken":0},{"event_name":"The Mausoleum","player_choice":"Yes","floor":21,"damage_taken":0},{"event_name":"Nest","player_choice":"Stole From Cult","floor":30,"damage_taken":0},{"event_name":"Falling","player_choice":"Removed Skill","floor":47,"damage_taken":0}],"boss_relics":[{"not_picked":["Coffee Dripper","Orrery"],"picked":"Pandora\u0027s Box"},{"not_picked":["Snecko Eye","Runic Pyramid"],"picked":"Busted Crown"}],"items_purged_floors":[],"is_endless":false,"potions_floor_spawned":[1,5,7,8,12,14,20,28,29,31,36,42,46],"seed_played":"-2047804934668331113","killed_by":"Time Eater","ascension_level":0,"potions_obtained":[{"floor":1,"key":"Poison Potion"},{"floor":5,"key":"Dexterity Potion"},{"floor":7,"key":"Fire Potion"},{"floor":8,"key":"EssenceOfSteel"},{"floor":12,"key":"Poison Potion"},{"floor":14,"key":"Energy Potion"},{"floor":20,"key":"FocusPotion"},{"floor":28,"key":"Fire Potion"},{"floor":29,"key":"Strength Potion"},{"floor":31,"key":"AttackPotion"},{"floor":36,"key":"Block Potion"},{"floor":42,"key":"Energy Potion"},{"floor":46,"key":"SkillPotion"}],"is_trial":false}