{"gold_per_floor":[119,138,151,171,8,39,39,39,63,63,63,97,97,135,135,135],"floor_reached":16,"playtime":548,"items_purged":[],"score":216,"play_id":"444ed5c0-d9ed-4775-a5ed-1290e350e1f4","local_time":"20190512021512","is_ascension_mode":true,"campfire_choices":[{"floor":7,"key":"REST"},{"data":"Electrodynamics","floor":10,"key":"SMITH"},{"floor":13,"key":"REST"},{"data":"Defragment","floor":15,"key":"SMITH"}],"neow_cost":"NONE","seed_source_timestamp":2790006126688763,"circlet_count":0,"master_deck":["AscendersBane","Strike_B","Strike_B","Strike_B","Strike_B","Defend_B","Defend_B","Defend_B","Defend_B","Zap","Dualcast","Electrodynamics+1","Steam","Chill","Genetic Algorithm","Doom and Gloom","Conserve Battery","Compile Driver","Defragment+1","Capacitor"],"relics":["Cracked Core","Potion Belt","Dream Catcher","Boot","Golden Idol","Omamori","Odd Mushroom"],"potions_floor_usage":[16,16,16],"damage_taken":[{"damage":0,"enemies":"Small Slimes","floor":1,"turns":2},{"damage":1,"enemies":"Jaw Worm","floor":2,"turns":3},{"damage":0,"enemies":"Cultist","floor":3,"turns":3},{"damage":4,"enemies":"Exordium Wildlife","floor":4,"turns":4},{"damage":29,"enemies":"Gremlin Nob","floor":6,"turns":4},{"damage":24,"enemies":"Lagavulin","floor":12,"turns":6},{"damage":9,"enemies":"The Mushroom Lair","floor":14,"turns":3},{"damage":41,"enemies":"Hexaghost","floor":16,"turns":9}],"seed_played":"3705039975427688252","potions_obtained":[{"floor":6,"key":"FocusPotion"},{"floor":12,"key":"Poison Potion"},{"floor":14,"key":"Swift Potion"}],"is_trial":false,"path_per_floor":["M","M","M","M","$","E","R","$","T","R","?","E","R","?","R","B"],"character_chosen":"DEFECT","items_purchased":["Potion Belt"],"campfire_rested":2,"item_purchase_floors":[5],"current_hp_per_floor":[64,63,63,59,59,30,51,51,51,51,51,27,46,37,37,0],"gold":135,"neow_bonus":"ONE_RANDOM_RARE_CARD","is_prod":false,"is_daily":false,"chose_seed":false,"campfire_upgraded":2,"win_rate":0,"timestamp":1557641712,"path_taken":["M","M","M","M","$","E","R","$","T","R","?","E","R","?","R","BOSS"],"build_version":"2019-01-23","purchased_purges":0,"victory":false,"max_hp_per_floor":[71,71,71,71,71,71,71,71,71,71,64,64,64,64,64,64],"card_choices":[{"not_picked":["Redo","Stack"],"picked":"Steam","floor":1},{"not_picked":["Conserve Battery","Auto Shields"],"picked":"Chill","floor":2},{"not_picked":["Blizzard","Chill"],"picked":"Genetic Algorithm","floor":3},{"not_picked":["Reprogram","Stack"],"picked":"Doom and Gloom","floor":4},{"not_picked":["Ball Lightning","Rebound"],"picked":"Conserve Battery","floor":6},{"not_picked":["Aggregate","Steam"],"picked":"Compile Driver","floor":12},{"not_picked":["Hologram","Sunder"],"picked":"Defragment","floor":13},{"not_picked":["Hologram","Leap"],"picked":"Capacitor","floor":14}],"player_experience":3656677,"relics_obtained":[{"floor":6,"key":"Dream Catcher"},{"floor":9,"key":"Boot"},{"floor":12,"key":"Omamori"},{"floor":14,"key":"Odd Mushroom"}],"event_choices":[{"damage_healed":0,"gold_gain":0,"player_choice":"Lose Max HP","damage_taken":0,"relics_obtained":["Golden Idol"],"max_hp_gain":0,"max_hp_loss":7,"event_name":"Golden Idol","floor":11,"gold_loss":0},{"damage_healed":0,"gold_gain":0,"player_choice":"Fought Mushrooms","damage_taken":0,"max_hp_gain":0,"max_hp_loss":0,"event_name":"Mushrooms","floor":14,"gold_loss":0}],"is_beta":false,"boss_relics":[],"items_purged_floors":[],"is_endless":false,"potions_floor_spawned":[6,12,14],"killed_by":"Hexaghost","ascension_level":20}