{"gold_per_floor":[115,17,30,30,30,30,30,60,86,104,118,118,128,178,178,252,252,271,17,35,85,85,85,85],"floor_reached":24,"playtime":1096,"items_purged":[],"score":388,"play_id":"1ff3f9be-b5da-4adc-82ff-4dfd974a0bba","local_time":"20181125131301","is_ascension_mode":true,"campfire_choices":[{"data":"Deadly Poison","floor":7,"key":"SMITH"},{"data":"Neutralize","floor":12,"key":"SMITH"},{"data":"Flying Knee","floor":15,"key":"SMITH"},{"floor":23,"key":"REST"}],"neow_cost":"NONE","seed_source_timestamp":1003203792064986,"circlet_count":0,"master_deck":["AscendersBane","Survivor","Neutralize+1","Slice","Predator","Deadly Poison+1","Flying Knee+1","Sucker Punch+1","Blur","Deflect","Well Laid Plans","Glass Knife+1","Cloak And Dagger","Leg Sweep","Cloak And Dagger","Prepared","Acrobatics","Setup","Bane+1","Slice+1","PiercingWail","Blade Dance","Riddle With Holes+1","Backstab+1","Glass Knife+1","Dodge and Roll","Backflip"],"relics":["Ring of the Snake","Molten Egg 2","PreservedInsect","Pandora\u0027s Box"],"potions_floor_usage":[8,16],"damage_taken":[{"damage":0,"enemies":"2 Louse","floor":1,"turns":5},{"damage":4,"enemies":"Jaw Worm","floor":3,"turns":3},{"damage":3,"enemies":"Gremlin Nob","floor":8,"turns":3},{"damage":0,"enemies":"Cultist","floor":10,"turns":2},{"damage":5,"enemies":"Large Slime","floor":11,"turns":5},{"damage":6,"enemies":"Looter","floor":13,"turns":3},{"damage":40,"enemies":"Hexaghost","floor":16,"turns":10},{"damage":21,"enemies":"Spheric Guardian","floor":18,"turns":6},{"damage":21,"enemies":"Shell Parasite","floor":20,"turns":3},{"damage":37,"enemies":"Slavers","floor":24,"turns":2}],"seed_played":"-2774186130635945301","potions_obtained":[{"floor":3,"key":"SteroidPotion"},{"floor":13,"key":"FearPotion"}],"is_trial":false,"path_per_floor":["M","$","M","?","?","$","R","E","T","M","M","R","M","?","R","B",null,"M","$","M","?","?","R","E"],"character_chosen":"THE_SILENT","items_purchased":["Predator","Deadly Poison","Backstab+1","Glass Knife+1","Dodge and Roll"],"campfire_rested":1,"item_purchase_floors":[2,2,19,19,19],"current_hp_per_floor":[65,65,61,39,63,63,63,60,60,60,55,55,49,49,49,9,56,35,35,14,14,14,35,0],"gold":85,"neow_bonus":"TEN_PERCENT_HP_BONUS","is_prod":false,"is_daily":false,"chose_seed":false,"campfire_upgraded":3,"win_rate":0,"timestamp":1543169581,"path_taken":["M","$","M","?","?","$","R","E","T","M","M","R","M","?","R","BOSS","M","?","M","?","?","R","E"],"build_version":"2018-11-15","purchased_purges":0,"victory":false,"max_hp_per_floor":[72,72,72,72,72,72,72,72,72,72,72,72,72,72,72,72,72,72,72,72,72,72,72,72],"card_choices":[{"not_picked":["Choke","Expertise"],"picked":"Slice","floor":1},{"not_picked":["Dagger Spray","Quick Slash"],"picked":"Flying Knee","floor":3},{"not_picked":["Backflip","Slice"],"picked":"Sucker Punch","floor":8},{"not_picked":["Bane+1","Outmaneuver"],"picked":"Blur","floor":10},{"not_picked":["Predator+1","Cloak And Dagger"],"picked":"Deflect","floor":11},{"not_picked":["Prepared","Sucker Punch+1"],"picked":"Well Laid Plans","floor":13},{"not_picked":["After Image","Venomology"],"picked":"Glass Knife+1","floor":16},{"not_picked":["Outmaneuver+1","Prepared"],"picked":"Riddle With Holes+1","floor":18},{"not_picked":["Prepared","Eviscerate+1"],"picked":"Backflip","floor":20}],"player_experience":2491618,"relics_obtained":[{"floor":8,"key":"Molten Egg 2"},{"floor":9,"key":"PreservedInsect"}],"event_choices":[{"damage_healed":0,"gold_gain":0,"player_choice":"Entered Light","damage_taken":22,"max_hp_gain":0,"max_hp_loss":0,"event_name":"Shining Light","floor":4,"gold_loss":0,"cards_upgraded":["Strike_G","Defend_G"]},{"damage_healed":24,"gold_gain":0,"player_choice":"Banana","damage_taken":0,"max_hp_gain":0,"max_hp_loss":0,"event_name":"Big Fish","floor":5,"gold_loss":0},{"damage_healed":0,"gold_gain":50,"player_choice":"Pray","damage_taken":0,"max_hp_gain":0,"max_hp_loss":0,"event_name":"Golden Shrine","floor":14,"gold_loss":0},{"damage_healed":0,"gold_gain":50,"player_choice":"Stole From Cult","damage_taken":0,"max_hp_gain":0,"max_hp_loss":0,"event_name":"Nest","floor":21,"gold_loss":0},{"damage_healed":0,"gold_gain":0,"player_choice":"Ignored","damage_taken":0,"max_hp_gain":0,"max_hp_loss":0,"event_name":"Cursed Tome","floor":22,"gold_loss":0}],"is_beta":false,"boss_relics":[{"not_picked":["Runic Pyramid","Tiny House"],"picked":"Pandora\u0027s Box"}],"items_purged_floors":[],"is_endless":false,"potions_floor_spawned":[3,13],"killed_by":"Slavers","ascension_level":20}