{"gold_per_floor":[113,263,275,275,275,304,304,304,304,318,318,318,343,21,21,94,94,106,106,156,166,79,79,93,113,113,126,139,159,159,33,33,111,111,123,143,1142,747,760,760,795,814,841,841,855,855,157,172,172,172,172],"floor_reached":52,"playtime":3553,"items_purged":["Strike_G","Normality","Normality"],"score":1959,"play_id":"202196cb-4e3b-401f-b60e-3bdfcd57aa91","local_time":"20190718171030","is_ascension_mode":true,"campfire_choices":[{"data":"Dodge and Roll","floor":8,"key":"SMITH"},{"data":"Neutralize","floor":12,"key":"SMITH"},{"data":"Footwork","floor":15,"key":"SMITH"},{"floor":23,"key":"REST"},{"floor":30,"key":"REST"},{"floor":32,"key":"REST"},{"floor":40,"key":"REST"},{"floor":44,"key":"REST"},{"floor":49,"key":"REST"}],"neow_cost":"NONE","seed_source_timestamp":2078671135123777,"circlet_count":0,"master_deck":["AscendersBane","Survivor+1","Neutralize+1","Dodge and Roll+1","Flying Knee","Footwork+1","Dodge and Roll+1","Leg Sweep+1","Poisoned Stab","Prepared+1","Bouncing Flask+1","Quick Slash+1","Leg Sweep+1","Footwork","Cloak And Dagger+1","Bouncing Flask+1","Burst+1","Masterful Stab","Finisher","Riddle With Holes","Dagger Spray","Doppelganger+1","Blade Dance+1","A Thousand Cuts","Poisoned Stab","Noxious Fumes","PiercingWail+1","Cloak And Dagger+1","Noxious Fumes","Prepared+1","Discovery+1","Well Laid Plans+1","Backflip+1","Dash","PiercingWail+1","Bandage Up+1","Tactician+1","PiercingWail+1"],"relics":["Ring of the Snake","NeowsBlessing","Bronze Scales","Toxic Egg 2","Bag of Preparation","Orichalcum","Membership Card","War Paint","Fusion Hammer","Strawberry","Sundial","Pandora\u0027s Box","Juzu Bracelet","Pantograph","Letter Opener","Vajra","OrangePellets","Tough Bandages","Dead Branch"],"potions_floor_usage":[13,42,47,51,51],"damage_taken":[{"damage":0,"enemies":"Jaw Worm","floor":1,"turns":1},{"damage":0,"enemies":"Small Slimes","floor":3,"turns":1},{"damage":0,"enemies":"Gremlin Nob","floor":6,"turns":1},{"damage":0,"enemies":"2 Louse","floor":10,"turns":2},{"damage":11,"enemies":"3 Sentries","floor":13,"turns":10},{"damage":0,"enemies":"The Guardian","floor":16,"turns":22},{"damage":0,"enemies":"Shell Parasite","floor":18,"turns":9},{"damage":0,"enemies":"Spheric Guardian","floor":21,"turns":10},{"damage":12,"enemies":"Snake Plant","floor":24,"turns":6},{"damage":12,"enemies":"3 Cultists","floor":25,"turns":9},{"damage":0,"enemies":"Shelled Parasite and Fungi","floor":27,"turns":6},{"damage":0,"enemies":"Centurion and Healer","floor":28,"turns":8},{"damage":4,"enemies":"Snecko","floor":29,"turns":5},{"damage":36,"enemies":"Champ","floor":33,"turns":15},{"damage":14,"enemies":"3 Shapes","floor":35,"turns":4},{"damage":2,"enemies":"Orb Walker","floor":36,"turns":3},{"damage":43,"enemies":"Spire Growth","floor":39,"turns":5},{"damage":20,"enemies":"Nemesis","floor":41,"turns":7},{"damage":0,"enemies":"Jaw Worm Horde","floor":42,"turns":5},{"damage":7,"enemies":"3 Darklings","floor":45,"turns":3},{"damage":5,"enemies":"Sphere and 2 Shapes","floor":48,"turns":6},{"damage":45,"enemies":"Donu and Deca","floor":50,"turns":9},{"damage":60,"enemies":"Awakened One","floor":51,"turns":13}],"seed_played":"-2288492099638697369","potions_obtained":[{"floor":6,"key":"Explosive Potion"},{"floor":7,"key":"Swift Potion"},{"floor":13,"key":"Explosive Potion"},{"floor":16,"key":"EssenceOfSteel"},{"floor":45,"key":"FearPotion"}],"is_trial":false,"path_per_floor":["M","?","M","?","?","E","?","R","T","M","T","R","E","$","R","B",null,"M","?","?","M","$","R","M","M","T","M","M","M","R","$","R","B",null,"M","M","?","$","M","R","E","M","T","R","M","?","$","M","R","B","B",null],"character_chosen":"THE_SILENT","items_purchased":["Membership Card","War Paint","Dodge and Roll+1","Strawberry","Footwork","Cloak And Dagger+1","Bouncing Flask+1","Juzu Bracelet","Pantograph","Cloak And Dagger+1","Noxious Fumes","Prepared+1","Discovery+1","Fruit Juice","SteroidPotion","OrangePellets","Tough Bandages","Dead Branch","PiercingWail+1","Bandage Up+1","Tactician+1"],"campfire_rested":6,"item_purchase_floors":[14,14,14,22,31,31,31,38,38,38,38,38,38,47,47,47,47,47,47,47,47],"current_hp_per_floor":[59,59,59,59,39,39,39,39,39,39,39,39,28,28,28,28,57,57,57,57,57,64,73,61,49,49,49,49,45,66,66,73,37,64,50,48,48,48,5,26,6,6,6,27,20,20,25,26,49,33,4],"gold":172,"neow_bonus":"THREE_ENEMY_KILL","is_prod":false,"is_daily":false,"chose_seed":false,"campfire_upgraded":3,"win_rate":0,"timestamp":1563466230,"path_taken":["M","?","M","?","?","E","?","R","T","?","?","R","E","$","R","BOSS","M","?","?","M","$","R","M","M","T","?","M","M","R","$","R","BOSS","M","M","?","$","M","R","E","M","T","R","M","?","$","M","R","BOSS","BOSS"],"build_version":"2019-07-17","purchased_purges":3,"victory":true,"max_hp_per_floor":[66,66,66,66,66,66,66,66,66,66,66,66,66,66,66,66,66,66,66,66,66,73,73,73,73,73,73,73,73,73,73,73,73,73,73,73,73,73,73,73,73,73,73,73,73,73,78,78,78,78,78],"card_choices":[{"not_picked":["Acrobatics","Sucker Punch","PiercingWail"],"picked":"SKIP","floor":1},{"not_picked":["Bane","Riddle With Holes","Dagger Throw"],"picked":"SKIP","floor":3},{"not_picked":["Riddle With Holes","Flechettes"],"picked":"Dodge and Roll","floor":6},{"not_picked":["Eviscerate","Outmaneuver+1"],"picked":"Flying Knee","floor":10},{"not_picked":["Cloak And Dagger+1","Deflect+1"],"picked":"Footwork","floor":13},{"not_picked":["Prepared+1","Dodge and Roll+1"],"picked":"Leg Sweep+1","floor":18},{"not_picked":["Underhanded Strike","Deflect+1"],"picked":"Poisoned Stab","floor":21},{"not_picked":["Expertise+1","Prepared+1","Calculated Gamble+1"],"picked":"SKIP","floor":24},{"not_picked":["Expertise+1","Calculated Gamble+1"],"picked":"Prepared+1","floor":24},{"not_picked":["Flying Knee","Dagger Throw"],"picked":"Bouncing Flask+1","floor":25},{"not_picked":["Expertise+1","Flying Knee"],"picked":"Quick Slash+1","floor":27},{"not_picked":["Outmaneuver+1","Calculated Gamble+1","Blade Dance+1"],"picked":"SKIP","floor":28},{"not_picked":["Flying Knee","Quick Slash"],"picked":"Leg Sweep+1","floor":29},{"not_picked":["Envenom","Tools of the Trade"],"picked":"Burst+1","floor":33},{"not_picked":["Acrobatics+1","Backstab+1","Underhanded Strike+1"],"picked":"SKIP","floor":35},{"not_picked":["Sucker Punch","Flying Knee+1"],"picked":"PiercingWail+1","floor":36},{"not_picked":["Setup+1","Acrobatics+1"],"picked":"Well Laid Plans+1","floor":39},{"not_picked":["Expertise+1","Accuracy"],"picked":"Backflip+1","floor":41},{"not_picked":["All Out Attack","Dagger Spray","Well Laid Plans"],"picked":"SKIP","floor":42},{"not_picked":["Accuracy","Setup+1"],"picked":"Dash","floor":45},{"not_picked":["Dagger Throw","Eviscerate"],"picked":"PiercingWail+1","floor":48}],"player_experience":888037,"relics_obtained":[{"floor":6,"key":"Bronze Scales"},{"floor":9,"key":"Toxic Egg 2"},{"floor":11,"key":"Bag of Preparation"},{"floor":13,"key":"Orichalcum"},{"floor":26,"key":"Sundial"},{"floor":41,"key":"Letter Opener"},{"floor":43,"key":"Vajra"}],"event_choices":[{"damage_healed":0,"gold_gain":150,"player_choice":"AGREE","damage_taken":0,"max_hp_gain":0,"max_hp_loss":0,"event_name":"Liars Game","floor":2,"gold_loss":0,"cards_obtained":["Doubt"]},{"cards_removed":["Doubt"],"damage_healed":0,"gold_gain":0,"player_choice":"Forget","damage_taken":0,"max_hp_gain":0,"max_hp_loss":0,"event_name":"Living Wall","floor":4,"gold_loss":0},{"damage_healed":0,"gold_gain":0,"player_choice":"Entered Light","damage_taken":20,"max_hp_gain":0,"max_hp_loss":0,"event_name":"Shining Light","floor":5,"gold_loss":0,"cards_upgraded":["Strike_G","Defend_G"]},{"damage_healed":0,"gold_gain":0,"player_choice":"Got Potions","damage_taken":0,"max_hp_gain":0,"max_hp_loss":0,"event_name":"Lab","floor":7,"gold_loss":0},{"damage_healed":0,"gold_gain":0,"player_choice":"Ignored","damage_taken":0,"max_hp_gain":0,"max_hp_loss":0,"event_name":"The Mausoleum","floor":19,"gold_loss":0},{"damage_healed":0,"gold_gain":100,"player_choice":"Bet on Murderer","damage_taken":0,"max_hp_gain":0,"max_hp_loss":0,"event_name":"The Joust","floor":20,"gold_loss":50},{"damage_healed":0,"gold_gain":999,"player_choice":"Gold","damage_taken":0,"max_hp_gain":0,"max_hp_loss":0,"event_name":"MindBloom","floor":37,"gold_loss":0,"cards_obtained":["Normality","Normality"]},{"damage_healed":0,"gold_gain":0,"player_choice":"Ignored","damage_taken":0,"max_hp_gain":0,"max_hp_loss":0,"event_name":"Tomb of Lord Red Mask","floor":46,"gold_loss":0}],"is_beta":false,"boss_relics":[{"not_picked":["Sozu","Eternal Feather"],"picked":"Fusion Hammer"},{"not_picked":["Coffee Dripper","HoveringKite"],"picked":"Pandora\u0027s Box"}],"items_purged_floors":[31,38,47],"is_endless":false,"potions_floor_spawned":[6,13,16,21,27,28,36,39,45],"ascension_level":20}