{"gold_per_floor":[114,114,129,129,147,147,183,208,208,224,224,25,25,38,38,168,168,189,210,230,255,289,323,323,31,54,104,104,142,142,180,180,310,310,333,354,14,236,255,255,279,294,363,383,426,450,468,568,568,568],"floor_reached":51,"playtime":4084,"items_purged":[],"score":816,"play_id":"1a570f33-447b-43a5-b54f-704b0719cec7","local_time":"20190721123412","is_ascension_mode":false,"campfire_choices":[{"data":"Acrobatics","floor":6,"key":"SMITH"},{"data":"Malaise","floor":11,"key":"SMITH"},{"data":"Noxious Fumes","floor":13,"key":"SMITH"},{"data":"Bane","floor":15,"key":"SMITH"},{"floor":24,"key":"REST"},{"floor":28,"key":"REST"},{"floor":30,"key":"REST"},{"data":"Noxious Fumes","floor":32,"key":"SMITH"},{"data":"Noxious Fumes","floor":40,"key":"SMITH"},{"floor":49,"key":"REST"}],"neow_cost":"NONE","seed_source_timestamp":865271554710296,"circlet_count":0,"master_deck":["Strike_G","Strike_G","Strike_G","Strike_G+1","Strike_G","Defend_G","Defend_G","Defend_G","Defend_G","Defend_G","Survivor","Neutralize","Die Die Die+1","Acrobatics+1","Noxious Fumes+1","Well Laid Plans","Malaise+1","Well Laid Plans","PiercingWail+1","Deadly Poison+1","Bane+1","Doppelganger+1","Deadly Poison+1","Noxious Fumes+1","Dash+1","Choke+1","Backflip+1","Noxious Fumes+1","After Image","Dash","Backflip+1","Catalyst+1","Dash+1","After Image","Acrobatics+1","Backflip+1"],"relics":["Ring of the Snake","Golden Idol","Anchor","Toxic Egg 2","Strawberry","Snecko Eye","Red Mask","WingedGreaves","Mango","Whetstone","PreservedInsect","Pen Nib","Lizard Tail","TwistedFunnel","Snake Skull","Ninja Scroll","Regal Pillow"],"potions_floor_usage":[7,8,16,20,22,22,29,42,44,46,46],"damage_taken":[{"damage":0,"enemies":"Cultist","floor":1,"turns":4},{"damage":4,"enemies":"Jaw Worm","floor":3,"turns":5},{"damage":0,"enemies":"2 Louse","floor":5,"turns":1},{"damage":32,"enemies":"Lagavulin","floor":7,"turns":8},{"damage":0,"enemies":"Looter","floor":8,"turns":2},{"damage":0,"enemies":"Lots of Slimes","floor":10,"turns":1},{"damage":4,"enemies":"Exordium Thugs","floor":14,"turns":4},{"damage":16,"enemies":"Hexaghost","floor":16,"turns":8},{"damage":17,"enemies":"Spheric Guardian","floor":18,"turns":5},{"damage":0,"enemies":"3 Byrds","floor":19,"turns":4},{"damage":10,"enemies":"Snecko","floor":20,"turns":4},{"damage":15,"enemies":"Sentry and Sphere","floor":21,"turns":4},{"damage":2,"enemies":"Masked Bandits","floor":22,"turns":5},{"damage":28,"enemies":"Book of Stabbing","floor":23,"turns":5},{"damage":40,"enemies":"Slavers","floor":29,"turns":6},{"damage":13,"enemies":"Gremlin Leader","floor":31,"turns":4},{"damage":20,"enemies":"Champ","floor":33,"turns":10},{"damage":18,"enemies":"3 Shapes","floor":35,"turns":3},{"damage":5,"enemies":"Orb Walker","floor":36,"turns":3},{"damage":0,"enemies":"Spire Growth","floor":39,"turns":4},{"damage":13,"enemies":"3 Darklings","floor":41,"turns":4},{"damage":11,"enemies":"Writhing Mass","floor":42,"turns":5},{"damage":11,"enemies":"Spire Growth","floor":44,"turns":4},{"damage":0,"enemies":"Giant Head","floor":45,"turns":5},{"damage":22,"enemies":"Transient","floor":46,"turns":5},{"damage":3,"enemies":"4 Shapes","floor":47,"turns":3},{"damage":20,"enemies":"Time Eater","floor":50,"turns":8}],"seed_played":"2294244484646541588","potions_obtained":[{"floor":3,"key":"Weak Potion"},{"floor":4,"key":"Fire Potion"},{"floor":4,"key":"FairyPotion"},{"floor":7,"key":"SkillPotion"},{"floor":16,"key":"Weak Potion"},{"floor":19,"key":"FearPotion"},{"floor":21,"key":"GamblersBrew"},{"floor":23,"key":"PowerPotion"},{"floor":35,"key":"Explosive Potion"},{"floor":39,"key":"LiquidBronze"},{"floor":41,"key":"Block Potion"},{"floor":42,"key":"SteroidPotion"}],"is_trial":false,"path_per_floor":["M","?","M","?","M","R","E","M","T","M","R","$","R","M","R","B",null,"M","M","M","M","?","E","R","$","T","?","R","E","R","E","R","B",null,"M","M","$","?","M","R","M","M","T","M","E","M","M","?","R","B",null],"character_chosen":"THE_SILENT","items_purchased":["Deadly Poison+1","Strawberry","Mango","TwistedFunnel","Snake Skull"],"campfire_rested":4,"item_purchase_floors":[12,12,25,37,37],"current_hp_per_floor":[70,65,61,61,61,61,29,29,29,29,29,36,36,32,32,16,72,55,55,45,30,28,7,28,42,42,42,67,27,52,39,39,19,86,68,63,63,63,63,63,50,39,39,28,28,6,3,3,43,23],"gold":568,"neow_bonus":"ONE_RANDOM_RARE_CARD","is_prod":false,"is_daily":false,"chose_seed":false,"campfire_upgraded":6,"win_rate":0.0,"timestamp":1563730452,"path_taken":["M","?","M","?","M","R","E","M","T","M","R","$","R","?","R","BOSS","M","M","M","M","?","E","R","$","T","?","R","E","R","E","R","BOSS","M","M","?","?","M","R","M","M","T","M","E","M","M","?","R","BOSS"],"build_version":"2019-07-17","purchased_purges":0,"victory":true,"max_hp_per_floor":[70,65,65,65,65,65,65,65,65,65,65,72,72,72,72,72,72,72,72,72,72,72,72,72,86,86,86,86,86,86,86,86,86,86,86,86,86,86,86,86,86,86,86,86,86,86,86,86,86,86],"card_choices":[{"not_picked":["Sucker Punch","Distraction"],"picked":"Acrobatics","floor":1},{"not_picked":["Terror","Masterful Stab"],"picked":"Noxious Fumes","floor":3},{"not_picked":["Dagger Throw","Deflect"],"picked":"Well Laid Plans","floor":5},{"not_picked":["Prepared","Terror"],"picked":"Malaise","floor":7},{"not_picked":["Riddle With Holes","Prepared"],"picked":"Well Laid Plans","floor":8},{"not_picked":["All Out Attack","Flying Knee"],"picked":"PiercingWail+1","floor":10},{"not_picked":["Slice","Endless Agony"],"picked":"Bane","floor":14},{"not_picked":["Phantasmal Killer+1","Die Die Die"],"picked":"Doppelganger+1","floor":16},{"not_picked":["Slice","Cloak And Dagger+1"],"picked":"Deadly Poison+1","floor":18},{"not_picked":["Terror+1","Infinite Blades"],"picked":"Noxious Fumes","floor":19},{"not_picked":["Prepared+1","PiercingWail+1"],"picked":"Dash+1","floor":20},{"not_picked":["Cloak And Dagger+1","Flechettes+1"],"picked":"Choke+1","floor":21},{"not_picked":["Cloak And Dagger+1","Accuracy","Finisher"],"picked":"SKIP","floor":23},{"not_picked":["Flying Knee+1","All Out Attack"],"picked":"Backflip+1","floor":29},{"not_picked":["Tools of the Trade","Skewer"],"picked":"Noxious Fumes","floor":31},{"not_picked":["Storm of Steel+1","Envenom"],"picked":"After Image","floor":33},{"not_picked":["Underhanded Strike+1","Well Laid Plans"],"picked":"Dash","floor":35},{"not_picked":["Blur+1","Sucker Punch"],"picked":"Backflip+1","floor":36},{"not_picked":["Dagger Spray+1","PiercingWail+1"],"picked":"Catalyst+1","floor":39},{"not_picked":["Sucker Punch+1","Dagger Spray","Quick Slash+1"],"picked":"SKIP","floor":41},{"not_picked":["PiercingWail+1","Outmaneuver+1"],"picked":"Dash+1","floor":42},{"not_picked":["Terror+1","Flying Knee+1","Slice"],"picked":"SKIP","floor":44},{"not_picked":["Cloak And Dagger+1","Tactician+1"],"picked":"After Image","floor":45},{"not_picked":["Distraction+1","Sucker Punch"],"picked":"Acrobatics+1","floor":46},{"not_picked":["PiercingWail+1","Escape Plan+1"],"picked":"Backflip+1","floor":47}],"player_experience":49887,"relics_obtained":[{"floor":7,"key":"Anchor"},{"floor":9,"key":"Toxic Egg 2"},{"floor":22,"key":"Red Mask"},{"floor":23,"key":"WingedGreaves"},{"floor":26,"key":"Whetstone"},{"floor":29,"key":"PreservedInsect"},{"floor":31,"key":"Pen Nib"},{"floor":43,"key":"Ninja Scroll"},{"floor":45,"key":"Regal Pillow"}],"event_choices":[{"damage_healed":0,"gold_gain":0,"player_choice":"Lose Max HP","damage_taken":0,"relics_obtained":["Golden Idol"],"max_hp_gain":0,"max_hp_loss":5,"event_name":"Golden Idol","floor":2,"gold_loss":0},{"damage_healed":0,"gold_gain":0,"player_choice":"Got Potions","damage_taken":0,"max_hp_gain":0,"max_hp_loss":0,"event_name":"Lab","floor":4,"gold_loss":0},{"damage_healed":0,"gold_gain":0,"player_choice":"Fought Bandits","damage_taken":0,"max_hp_gain":0,"max_hp_loss":0,"event_name":"Masked Bandits","floor":22,"gold_loss":0},{"damage_healed":0,"gold_gain":100,"player_choice":"Bet on Murderer","damage_taken":0,"max_hp_gain":0,"max_hp_loss":0,"event_name":"The Joust","floor":27,"gold_loss":50},{"damage_healed":0,"gold_gain":222,"player_choice":"Wore Mask","damage_taken":0,"max_hp_gain":0,"max_hp_loss":0,"event_name":"Tomb of Lord Red Mask","floor":38,"gold_loss":0},{"damage_healed":0,"gold_gain":100,"player_choice":"Pray","damage_taken":0,"max_hp_gain":0,"max_hp_loss":0,"event_name":"Golden Shrine","floor":48,"gold_loss":0}],"is_beta":false,"boss_relics":[{"not_picked":["Tiny House","Orrery"],"picked":"Snecko Eye"},{"not_picked":["Cursed Key","Velvet Choker"],"picked":"Lizard Tail"}],"items_purged_floors":[],"is_endless":false,"potions_floor_spawned":[3,5,7,16,19,21,23,35,39,41,42],"ascension_level":0}