{"path_per_floor":["M","$","?","M","M","R","M","M","T","?","R","M","M","M","R","B",null,"M","M","?","M","?","R","M","M","T","M","R","?","$","?","R","B",null,"M","$","?","M","?","E","R","?","T","R","M","M","M","M","R","B"],"character_chosen":"THE_SILENT","items_purchased":["Footwork","Bag of Preparation","PiercingWail"],"gold_per_floor":[113,38,38,54,74,74,93,107,107,107,107,125,139,158,158,260,260,280,290,290,310,310,310,324,341,366,385,385,285,53,53,53,150,150,168,18,0,17,17,46,46,101,101,101,117,136,152,163,163,163],"floor_reached":51,"campfire_rested":4,"playtime":10114,"current_hp_per_floor":[70,70,63,62,61,61,61,70,70,70,70,70,68,68,68,35,70,68,49,80,64,64,64,56,20,20,20,44,44,44,44,44,6,80,77,77,77,74,64,37,61,47,47,71,54,51,48,41,65,62],"items_purged":["Strike_G","Strike_G"],"gold":163,"play_id":"cbee3d07-8b9e-41ef-b235-13aa7caf4085","is_prod":false,"is_daily":false,"is_ascension_mode":true,"campfire_upgraded":5,"path_taken":["M","$","?","M","M","R","M","M","T","?","R","M","M","M","R","BOSS","M","M","?","M","?","R","M","?","T","M","R","?","$","?","R","BOSS","M","$","?","M","?","E","R","?","T","R","M","M","M","M","R","BOSS"],"build_version":"2018-01-25-PROD3","purchased_purges":2,"victory":true,"master_deck":["Defend_G","Defend_G","Defend_G","Defend_G","Defend_G","Strike_G","Strike_G","Strike_G","Survivor","Neutralize+1","Acrobatics+1","Well Laid Plans","Prepared","Neutralize","Caltrops+1","Adrenaline+1","Prepared","Prepared","Backflip","Escape Plan+1","J.A.X.","Footwork+1","Footwork","Tactician","Deadly Poison+1","PiercingWail","Outmaneuver+1","Madness","Madness","Distraction","Poisoned Stab+1","Escape Plan+1","Blur","Escape Plan+1","Prepared+1","Malaise"],"max_hp_per_floor":[70,70,70,70,70,70,70,70,70,70,70,70,70,70,70,70,70,70,70,80,80,80,80,80,80,80,80,80,80,80,80,80,80,80,80,80,80,80,80,80,80,80,80,80,80,80,80,80,80,80],"relics":["Ring of the Snake","Paper Crane","Ginger","Lizard Tail","Oddly Smooth Stone","Bag of Preparation","Sozu","Red Mask","Prayer Wheel","Calipers","Frozen Eye"],"card_choices":[{"not_picked":["Poisoned Stab","Prepared"],"picked":"Acrobatics"},{"not_picked":["Choke","PiercingWail"],"picked":"Well Laid Plans"},{"not_picked":["Sucker Punch","Deadly Poison"],"picked":"Prepared"},{"not_picked":["Dodge and Roll","Endless Agony"],"picked":"Caltrops"},{"not_picked":["Tactician","Tools of the Trade"],"picked":"Adrenaline"},{"not_picked":["Dagger Throw","Bane"],"picked":"Prepared"},{"not_picked":["Leg Sweep","Bane"],"picked":"Prepared"},{"not_picked":["Prepared","Outmaneuver"],"picked":"Backflip"},{"not_picked":["Cloak And Dagger","Acrobatics"],"picked":"Escape Plan"},{"not_picked":["Burst","Venomology"],"picked":"Tactician"},{"not_picked":["Choke","Dagger Spray"],"picked":"Deadly Poison"},{"not_picked":["Acrobatics","Masterful Stab"],"picked":"Outmaneuver"},{"not_picked":["Dagger Throw","Poisoned Stab"],"picked":"Distraction"},{"not_picked":["Backflip","A Thousand Cuts"],"picked":"Poisoned Stab"},{"not_picked":["Acrobatics","Dagger Spray"],"picked":"Escape Plan"},{"not_picked":["Sucker Punch","Bane"],"picked":"Blur"},{"not_picked":["Concentrate","Reflex"],"picked":"Escape Plan"},{"not_picked":["PiercingWail","Sucker Punch"],"picked":"Prepared"},{"not_picked":["Well Laid Plans","Corpse Explosion"],"picked":"Malaise"}],"player_experience":434587,"potions_floor_usage":[8,12,13,16,19,21,24,33],"damage_taken":[{"damage":0,"enemies":"Blue Slaver","floor":1,"turns":7},{"damage":1,"enemies":"2 Louse","floor":4,"turns":3},{"damage":1,"enemies":"Cultist","floor":5,"turns":6},{"damage":0,"enemies":"Exordium Wildlife","floor":7,"turns":6},{"damage":5,"enemies":"Red Slaver","floor":8,"turns":6},{"damage":10,"enemies":"2 Fungi Beasts","floor":12,"turns":7},{"damage":2,"enemies":"3 Louse","floor":13,"turns":3},{"damage":0,"enemies":"Exordium Thugs","floor":14,"turns":7},{"damage":33,"enemies":"Slime Boss","floor":16,"turns":17},{"damage":2,"enemies":"3 Byrds","floor":18,"turns":4},{"damage":19,"enemies":"Spheric Guardian","floor":19,"turns":7},{"damage":31,"enemies":"Slaver and Parasite","floor":21,"turns":9},{"damage":23,"enemies":"Centurion and Healer","floor":24,"turns":14},{"damage":95,"enemies":"3 Cultists","floor":25,"turns":9},{"damage":0,"enemies":"Snake Plant","floor":27,"turns":7},{"damage":38,"enemies":"Champ","floor":33,"turns":32},{"damage":3,"enemies":"3 Shapes","floor":35,"turns":8},{"damage":3,"enemies":"3 Darklings","floor":38,"turns":6},{"damage":27,"enemies":"Nemesis","floor":40,"turns":19},{"damage":14,"enemies":"Mysterious Sphere","floor":42,"turns":12},{"damage":17,"enemies":"Sphere and 2 Shapes","floor":45,"turns":8},{"damage":3,"enemies":"4 Shapes","floor":46,"turns":12},{"damage":3,"enemies":"Maw","floor":47,"turns":8},{"damage":7,"enemies":"3 Darklings","floor":48,"turns":8},{"damage":3,"enemies":"Time Eater","floor":50,"turns":21}],"event_choices":[{"event_name":"Scrap Ooze","player_choice":"success","floor":3,"damage_taken":7},{"event_name":"Match and Keep!","player_choice":"2 cards matched","floor":10,"damage_taken":0},{"event_name":"Bonfire Elementals","player_choice":"RARE","floor":20,"damage_taken":0},{"event_name":"Vampires","player_choice":"Ignored","floor":22,"damage_taken":0},{"event_name":"Drug Dealer","player_choice":"Got JAXXED","floor":29,"damage_taken":0},{"event_name":"The Library","player_choice":"Read","floor":31,"damage_taken":0},{"event_name":"Tomb of Lord Red Mask","player_choice":"Paid","floor":37,"damage_taken":0},{"event_name":"Winding Halls","player_choice":"Embrace Madness","floor":39,"damage_taken":0},{"event_name":"Mysterious Sphere","player_choice":"Fight","floor":42,"damage_taken":0}],"boss_relics":[{"not_picked":["The Specimen","Eternal Feather"],"picked":"Lizard Tail"},{"not_picked":["Black Star","Orrery"],"picked":"Sozu"}],"potions_floor_spawned":[7,8,12,14,16,19,21,25,33,35,40,42,45],"seed_played":"7726934068071512272","ascension_level":2,"is_trial":false}