{"gold_per_floor":[118,14,14,14,14,34,64,75,75,75,19,83,83,83,83,83],"floor_reached":16,"playtime":536,"items_purged":["Strike_R"],"score":192,"play_id":"54a497dd-8ada-4f2e-b2bf-bfc3e9572ce0","local_time":"20190502232931","is_ascension_mode":true,"campfire_choices":[{"floor":10,"key":"REST"},{"data":"Shockwave","floor":13,"key":"SMITH"},{"floor":15,"key":"REST"}],"neow_cost":"NONE","seed_source_timestamp":2002474684314070,"circlet_count":0,"master_deck":["AscendersBane","Strike_R","Strike_R","Strike_R","Strike_R","Defend_R","Defend_R","Defend_R","Defend_R","Bash","Flame Barrier","Twin Strike","Spot Weakness","Shockwave+1","Sword Boomerang","Heavy Blade"],"relics":["Burning Blood","Dream Catcher","Darkstone Periapt","Lantern","Bronze Scales","Ancient Tea Set","Golden Idol"],"potions_floor_usage":[7,12,12,16],"damage_taken":[{"damage":2,"enemies":"2 Louse","floor":1,"turns":4},{"damage":7,"enemies":"Small Slimes","floor":6,"turns":3},{"damage":43,"enemies":"Lagavulin","floor":7,"turns":8},{"damage":0,"enemies":"Jaw Worm","floor":8,"turns":2},{"damage":34,"enemies":"Lagavulin Event","floor":12,"turns":6},{"damage":40,"enemies":"Hexaghost","floor":16,"turns":9}],"seed_played":"-1832313466746340582","potions_obtained":[{"floor":1,"key":"Weak Potion"},{"floor":8,"key":"FearPotion"},{"floor":12,"key":"Fire Potion"}],"is_trial":false,"path_per_floor":["M","$","?","?","?","M","E","M","T","R","$","?","R","?","R","B"],"character_chosen":"IRONCLAD","items_purchased":["Twin Strike","PowerPotion"],"campfire_rested":2,"item_purchase_floors":[2,11],"current_hp_per_floor":[72,72,72,46,51,50,13,19,19,43,43,15,15,15,36,0],"gold":83,"neow_bonus":"RANDOM_COMMON_RELIC","is_prod":false,"is_daily":false,"chose_seed":false,"campfire_upgraded":1,"win_rate":0,"timestamp":1556854171,"path_taken":["M","$","?","?","?","M","E","?","T","R","$","?","R","?","R","BOSS"],"build_version":"2019-01-23","purchased_purges":1,"victory":false,"max_hp_per_floor":[75,75,75,75,80,80,80,80,80,80,80,80,80,72,72,72],"card_choices":[{"not_picked":["Rage","Pommel Strike"],"picked":"Flame Barrier","floor":1},{"not_picked":["Power Through","Wild Strike"],"picked":"Spot Weakness","floor":6},{"not_picked":["Warcry","Second Wind","Infernal Blade"],"picked":"SKIP","floor":7},{"not_picked":["Bloodletting","Whirlwind"],"picked":"Shockwave","floor":8},{"not_picked":["Sever Soul","Headbutt"],"picked":"Sword Boomerang","floor":10},{"not_picked":["Entrench","Flame Barrier"],"picked":"Heavy Blade","floor":15}],"player_experience":3577416,"relics_obtained":[{"floor":7,"key":"Lantern"},{"floor":9,"key":"Bronze Scales"},{"floor":12,"key":"Ancient Tea Set"}],"event_choices":[{"damage_healed":0,"gold_gain":0,"player_choice":"Leave","damage_taken":0,"max_hp_gain":0,"max_hp_loss":0,"event_name":"The Cleric","floor":3,"gold_loss":0},{"damage_healed":0,"gold_gain":0,"player_choice":"Success","damage_taken":26,"relics_obtained":["Darkstone Periapt"],"max_hp_gain":0,"max_hp_loss":0,"event_name":"Scrap Ooze","floor":4,"gold_loss":0},{"damage_healed":0,"gold_gain":0,"player_choice":"Donut","damage_taken":0,"max_hp_gain":5,"max_hp_loss":0,"event_name":"Big Fish","floor":5,"gold_loss":0},{"damage_healed":0,"gold_gain":0,"player_choice":"Searched \u00271\u0027 times","damage_taken":0,"max_hp_gain":0,"max_hp_loss":0,"event_name":"Dead Adventurer","floor":12,"gold_loss":0},{"damage_healed":0,"gold_gain":0,"player_choice":"Lose Max HP","damage_taken":0,"relics_obtained":["Golden Idol"],"max_hp_gain":0,"max_hp_loss":8,"event_name":"Golden Idol","floor":14,"gold_loss":0}],"is_beta":false,"boss_relics":[],"items_purged_floors":[2],"is_endless":false,"potions_floor_spawned":[1,8,12],"killed_by":"Hexaghost","ascension_level":20}