{"gold_per_floor":[110,125,125,20,36,36,66,66,92,156,172,185,185,203,203,203],"floor_reached":16,"playtime":1225,"items_purged":[],"score":224,"play_id":"6285a7f7-50bc-4008-acce-32ef0d27331e","local_time":"20190428104541","is_ascension_mode":true,"campfire_choices":[{"data":"Chaos","floor":6,"key":"SMITH"},{"floor":8,"key":"REST"},{"data":"Defragment","floor":15,"key":"SMITH"}],"neow_cost":"NONE","seed_source_timestamp":1610355563427961,"circlet_count":0,"master_deck":["AscendersBane","Strike_B","Strike_B","Strike_B","Strike_B","Defend_B","Defend_B","Defend_B","Defend_B","Zap+1","Dualcast","Chaos+1","Hologram","Leap","Conserve Battery","Coolheaded","Sunder","Coolheaded","Conserve Battery","Defragment+1"],"relics":["Cracked Core","Orichalcum","Blood Vial","Tiny Chest","Mercury Hourglass"],"potions_floor_usage":[7,16],"damage_taken":[{"damage":0,"enemies":"Small Slimes","floor":1,"turns":3},{"damage":7,"enemies":"Jaw Worm","floor":2,"turns":4},{"damage":0,"enemies":"Cultist","floor":5,"turns":4},{"damage":13,"enemies":"Lagavulin","floor":7,"turns":12},{"damage":17,"enemies":"3 Sentries","floor":10,"turns":10},{"damage":2,"enemies":"Blue Slaver","floor":11,"turns":3},{"damage":6,"enemies":"Exordium Wildlife","floor":12,"turns":3},{"damage":0,"enemies":"3 Louse","floor":14,"turns":2},{"damage":55,"enemies":"Hexaghost","floor":16,"turns":14}],"seed_played":"4095421908891248854","potions_obtained":[{"floor":1,"key":"Block Potion"},{"floor":12,"key":"Strength Potion"},{"floor":14,"key":"SteroidPotion"}],"is_trial":false,"path_per_floor":["M","M","?","$","M","R","E","R","T","E","M","M","?","M","R","B"],"character_chosen":"DEFECT","items_purchased":["Leap","Conserve Battery"],"campfire_rested":1,"item_purchase_floors":[4,4],"current_hp_per_floor":[64,57,57,57,57,57,44,65,65,50,50,46,46,48,48,0],"gold":203,"neow_bonus":"UPGRADE_CARD","is_prod":false,"is_daily":false,"chose_seed":false,"campfire_upgraded":2,"win_rate":0,"timestamp":1556462741,"path_taken":["M","M","?","$","M","R","E","R","T","E","M","M","?","?","R","BOSS"],"build_version":"2019-01-23","purchased_purges":0,"victory":false,"max_hp_per_floor":[71,71,71,71,71,71,71,71,71,71,71,71,71,71,71,71],"card_choices":[{"not_picked":["Auto Shields","Compile Driver"],"picked":"Chaos","floor":1},{"not_picked":["Beam Cell","Storm"],"picked":"Hologram","floor":2},{"not_picked":["Sweeping Beam","Barrage"],"picked":"Coolheaded","floor":5},{"not_picked":["Stack","Leap"],"picked":"Sunder","floor":7},{"not_picked":["Reinforced Body","Fusion"],"picked":"Coolheaded","floor":10},{"not_picked":["Rip and Tear","Stack"],"picked":"Conserve Battery","floor":11},{"not_picked":["Cold Snap","Coolheaded"],"picked":"Defragment","floor":12},{"not_picked":["Stack","Cold Snap","Conserve Battery"],"picked":"SKIP","floor":14}],"player_experience":3504984,"relics_obtained":[{"floor":7,"key":"Orichalcum"},{"floor":9,"key":"Blood Vial"},{"floor":10,"key":"Tiny Chest"}],"event_choices":[{"damage_healed":0,"gold_gain":0,"player_choice":"Ignored","damage_taken":0,"max_hp_gain":0,"max_hp_loss":0,"event_name":"Shining Light","floor":3,"gold_loss":0},{"damage_healed":0,"gold_gain":0,"player_choice":"Gave Potion","damage_taken":0,"relics_obtained":["Mercury Hourglass"],"max_hp_gain":0,"max_hp_loss":0,"event_name":"WeMeetAgain","floor":13,"gold_loss":0}],"is_beta":false,"boss_relics":[],"items_purged_floors":[],"is_endless":false,"potions_floor_spawned":[1,12,14],"killed_by":"Hexaghost","ascension_level":20}