{"gold_per_floor":[114,129,144,69,69,84,99,99,99,114,114,129,129,159,159,259,259,274,74,74,89,104,134,134,149,149,164,164,179,194,194,194,294,294,309,36,51,0,15,45,45,60,60,75,75,90,90,105,105,105],"floor_reached":50,"playtime":4746,"items_purged":["Strike_G","Strike_G"],"score":525,"play_id":"68a97f60-834f-4d6c-9f97-aafda33ebc57","local_time":"20181019105455","daily_mods":["Allstar","Uncertain Future","Terminal"],"is_ascension_mode":false,"campfire_choices":[{"data":"Footwork","floor":11,"key":"SMITH"},{"data":"Crippling Poison","floor":13,"key":"SMITH"},{"data":"Dagger Spray","floor":15,"key":"SMITH"},{"data":"Bouncing Flask","floor":24,"key":"SMITH"},{"data":"Thinking Ahead","floor":28,"key":"SMITH"},{"data":"Forethought","floor":32,"key":"SMITH"},{"floor":41,"key":"REST"},{"data":"Backflip","floor":47,"key":"SMITH"},{"floor":49,"key":"REST"}],"neow_cost":"","seed_source_timestamp":0,"circlet_count":0,"master_deck":["Defend_G","Defend_G","Defend_G","Defend_G","Defend_G","Strike_G","Strike_G+1","Survivor","Neutralize+1","Madness","Forethought+1","Purity","Thinking Ahead+1","Discovery+1","Backflip+1","Dagger Throw","Deadly Poison","Dagger Spray+1","Heel Hook","Footwork+1","Crippling Poison+1","After Image","Die Die Die","Bouncing Flask+1","Footwork","Caltrops+1","Cloak And Dagger","Acrobatics","PiercingWail","Shame","Noxious Fumes+1","Writhe","Footwork+1"],"special_seed":17823,"relics":["Ring of the Snake","Kunai","Strawberry","Odd Mushroom","Bag of Preparation","Busted Crown","TwistedFunnel","MutagenicStrength","Dream Catcher","Whetstone","Cursed Key","Anchor","Red Mask","Darkstone Periapt","Question Card"],"potions_floor_usage":[2,12,12,14,16,33,33,33,42,50,50],"damage_taken":[{"damage":0,"enemies":"2 Louse","floor":1,"turns":3},{"damage":0,"enemies":"Small Slimes","floor":2,"turns":3},{"damage":0,"enemies":"Cultist","floor":3,"turns":5},{"damage":1,"enemies":"3 Louse","floor":6,"turns":4},{"damage":0,"enemies":"Large Slime","floor":7,"turns":5},{"damage":0,"enemies":"Exordium Thugs","floor":10,"turns":4},{"damage":9,"enemies":"The Mushroom Lair","floor":12,"turns":4},{"damage":8,"enemies":"Lagavulin","floor":14,"turns":6},{"damage":4,"enemies":"Slime Boss","floor":16,"turns":7},{"damage":9,"enemies":"Spheric Guardian","floor":18,"turns":4},{"damage":0,"enemies":"3 Byrds","floor":21,"turns":3},{"damage":0,"enemies":"Snake Plant","floor":22,"turns":4},{"damage":0,"enemies":"Book of Stabbing","floor":23,"turns":5},{"damage":0,"enemies":"Shelled Parasite and Fungi","floor":25,"turns":4},{"damage":0,"enemies":"Centurion and Healer","floor":27,"turns":4},{"damage":0,"enemies":"Snecko","floor":29,"turns":4},{"damage":0,"enemies":"Chosen and Byrds","floor":30,"turns":4},{"damage":16,"enemies":"Automaton","floor":33,"turns":9},{"damage":0,"enemies":"3 Darklings","floor":35,"turns":4},{"damage":3,"enemies":"3 Shapes","floor":37,"turns":4},{"damage":4,"enemies":"Transient","floor":39,"turns":5},{"damage":28,"enemies":"Nemesis","floor":40,"turns":7},{"damage":0,"enemies":"Maw","floor":42,"turns":6},{"damage":0,"enemies":"Jaw Worm Horde","floor":44,"turns":3},{"damage":0,"enemies":"4 Shapes","floor":46,"turns":2},{"damage":24,"enemies":"Spire Growth","floor":48,"turns":6},{"damage":33,"enemies":"Donu and Deca","floor":50,"turns":8}],"seed_played":"-7407834617241982638","potions_obtained":[{"floor":1,"key":"AttackPotion"},{"floor":6,"key":"Weak Potion"},{"floor":7,"key":"PowerPotion"},{"floor":12,"key":"GamblersBrew"},{"floor":14,"key":"PowerPotion"},{"floor":25,"key":"Dexterity Potion"},{"floor":29,"key":"Strength Potion"},{"floor":30,"key":"FearPotion"},{"floor":40,"key":"PowerPotion"},{"floor":44,"key":"FearPotion"},{"floor":46,"key":"SteroidPotion"}],"is_trial":false,"path_per_floor":["M","M","M","$","?","M","M","?","T","M","R","?","R","E","R","B",null,"M","$","?","M","M","E","R","M","T","M","R","M","M","?","R","B",null,"M","$","M","?","M","E","R","M","T","M","?","M","R","M","R"],"character_chosen":"THE_SILENT","items_purchased":["TwistedFunnel","Anchor","Acrobatics"],"campfire_rested":2,"item_purchase_floors":[19,36,36],"current_hp_per_floor":[68,67,66,65,62,61,61,61,67,66,65,56,56,48,48,44,59,50,50,50,50,50,50,50,50,50,49,48,47,46,45,44,28,42,41,40,37,37,33,5,15,15,21,21,37,37,37,13,25,0],"gold":105,"neow_bonus":"","is_prod":false,"is_daily":true,"chose_seed":false,"campfire_upgraded":7,"win_rate":0,"timestamp":1539960895,"path_taken":["M","M","M","$","?","M","M","?","T","M","R","?","R","E","R","BOSS","M","$","?","M","M","E","R","?","T","M","R","M","M","?","R","BOSS","M","$","M","?","M","E","R","M","T","M","?","?","R","M","R","BOSS"],"build_version":"2018-10-18","purchased_purges":2,"victory":false,"max_hp_per_floor":[68,67,66,65,64,63,62,61,67,66,65,64,63,62,61,60,59,58,57,56,55,54,53,52,51,50,49,48,47,46,45,44,43,42,41,40,39,38,37,36,35,34,39,38,43,42,41,40,39,39],"card_choices":[{"not_picked":["Flechettes","Prepared"],"picked":"Backflip","floor":1},{"not_picked":["Sucker Punch","Dagger Spray"],"picked":"Dagger Throw","floor":2},{"not_picked":["Deflect","Riddle With Holes"],"picked":"Deadly Poison","floor":3},{"not_picked":["Acrobatics","Quick Slash"],"picked":"Dagger Spray","floor":6},{"not_picked":["Dagger Spray","Endless Agony"],"picked":"Heel Hook","floor":7},{"not_picked":["Burst","Bane"],"picked":"Footwork","floor":10},{"not_picked":["Blade Dance","Backflip"],"picked":"Crippling Poison","floor":12},{"not_picked":["Storm of Steel","Masterful Stab"],"picked":"After Image","floor":14},{"not_picked":["Doppelganger","Phantasmal Killer"],"picked":"Die Die Die","floor":16},{"not_picked":["All Out Attack"],"picked":"SKIP","floor":18},{"not_picked":["Slice"],"picked":"SKIP","floor":21},{"not_picked":[],"picked":"Bouncing Flask","floor":22},{"not_picked":["Masterful Stab"],"picked":"SKIP","floor":23},{"not_picked":[],"picked":"Footwork","floor":25},{"not_picked":[],"picked":"Caltrops+1","floor":27},{"not_picked":["Blade Dance"],"picked":"SKIP","floor":29},{"not_picked":["Acrobatics"],"picked":"SKIP","floor":30},{"not_picked":["Flechettes+1"],"picked":"SKIP","floor":35},{"not_picked":[],"picked":"PiercingWail","floor":37},{"not_picked":["Blade Dance"],"picked":"SKIP","floor":39},{"not_picked":["Slice+1"],"picked":"SKIP","floor":40},{"not_picked":["Outmaneuver"],"picked":"SKIP","floor":42},{"not_picked":["Catalyst"],"picked":"Noxious Fumes+1","floor":44},{"not_picked":["Dagger Throw","Cloak And Dagger"],"picked":"SKIP","floor":46},{"not_picked":["Blade Dance","PiercingWail"],"picked":"SKIP","floor":48},{"not_picked":["Choke+1"],"picked":"Footwork+1","floor":49}],"player_experience":2099937,"relics_obtained":[{"floor":9,"key":"Strawberry"},{"floor":12,"key":"Odd Mushroom"},{"floor":14,"key":"Bag of Preparation"},{"floor":23,"key":"Dream Catcher"},{"floor":26,"key":"Whetstone"},{"floor":40,"key":"Darkstone Periapt"},{"floor":43,"key":"Question Card"}],"event_choices":[{"damage_healed":0,"gold_gain":0,"player_choice":"Success","damage_taken":3,"relics_obtained":["Kunai"],"max_hp_gain":0,"max_hp_loss":0,"event_name":"Scrap Ooze","floor":5,"gold_loss":0},{"damage_healed":0,"gold_gain":0,"player_choice":"Grow","damage_taken":0,"max_hp_gain":0,"max_hp_loss":0,"event_name":"Living Wall","floor":8,"gold_loss":0,"cards_upgraded":["Discovery"]},{"damage_healed":0,"gold_gain":0,"player_choice":"Fought Mushrooms","damage_taken":0,"max_hp_gain":0,"max_hp_loss":0,"event_name":"Mushrooms","floor":12,"gold_loss":0},{"damage_healed":0,"gold_gain":0,"player_choice":"Inject Mutagens","damage_taken":0,"relics_obtained":["MutagenicStrength"],"max_hp_gain":0,"max_hp_loss":0,"event_name":"Drug Dealer","floor":20,"gold_loss":0},{"damage_healed":0,"gold_gain":0,"cards_transformed":["Strike_G"],"player_choice":"Transformed","damage_taken":0,"max_hp_gain":0,"max_hp_loss":0,"event_name":"Transmorgrifier","floor":31,"gold_loss":0,"cards_obtained":["Cloak And Dagger"]},{"damage_healed":0,"gold_gain":0,"player_choice":"Paid","damage_taken":0,"relics_obtained":["Red Mask"],"max_hp_gain":0,"max_hp_loss":0,"event_name":"Tomb of Lord Red Mask","floor":38,"gold_loss":51},{"damage_healed":10,"gold_gain":0,"player_choice":"Writhe","damage_taken":0,"max_hp_gain":0,"max_hp_loss":0,"event_name":"Winding Halls","floor":45,"gold_loss":0,"cards_obtained":["Writhe"]}],"is_beta":false,"boss_relics":[{"not_picked":["Pandora\u0027s Box","Eternal Feather"],"picked":"Busted Crown"},{"not_picked":["Snecko Eye","Lizard Tail"],"picked":"Cursed Key"}],"items_purged_floors":[4,36],"is_endless":false,"potions_floor_spawned":[1,6,7,12,14,25,29,30,40,44,46],"killed_by":"Donu and Deca","ascension_level":0}