{"gold_per_floor":[11,11,11,21,41,41,61,61,61,61,36,36,55,69,69,163,163,181,8,29,44,2,2,2,18,18,18,36,61,61,61,61,61],"floor_reached":33,"playtime":2389,"items_purged":["Strike_G"],"score":442,"play_id":"dad18743-d8d5-4b97-bf5d-8e242670fc0a","local_time":"20181109215217","is_ascension_mode":true,"campfire_choices":[{"data":"Bouncing Flask","floor":6,"key":"SMITH"},{"data":"Neutralize","floor":8,"key":"SMITH"},{"floor":15,"key":"REST"},{"floor":23,"key":"REST"},{"data":"Footwork","floor":27,"key":"SMITH"},{"floor":30,"key":"REST"},{"data":"Flechettes","floor":32,"key":"SMITH"}],"neow_cost":"NO_GOLD","seed_source_timestamp":444107374412458,"circlet_count":0,"master_deck":["AscendersBane","Defend_G","Defend_G","Defend_G+1","Defend_G","Defend_G","Strike_G","Survivor+1","Neutralize+1","Bouncing Flask+1","Sucker Punch","Backflip","Backflip","PiercingWail","Dodge and Roll","Die Die Die","Flying Knee","Dark Shackles","PiercingWail","Catalyst+1","Flechettes+1","Footwork+1","Blur"],"relics":["Ring of the Snake","Question Card","Sundial","Bloody Idol","Sozu","Meat on the Bone"],"potions_floor_usage":[13,14,28],"damage_taken":[{"damage":2,"enemies":"Jaw Worm","floor":1,"turns":9},{"damage":2,"enemies":"Small Slimes","floor":4,"turns":6},{"damage":1,"enemies":"Cultist","floor":5,"turns":3},{"damage":4,"enemies":"2 Fungi Beasts","floor":7,"turns":4},{"damage":3,"enemies":"Lots of Slimes","floor":13,"turns":7},{"damage":2,"enemies":"Gremlin Gang","floor":14,"turns":5},{"damage":10,"enemies":"Hexaghost","floor":16,"turns":9},{"damage":16,"enemies":"3 Byrds","floor":18,"turns":7},{"damage":6,"enemies":"2 Thieves","floor":20,"turns":4},{"damage":10,"enemies":"Shelled Parasite and Fungi","floor":21,"turns":8},{"damage":1,"enemies":"Snecko","floor":25,"turns":4},{"damage":10,"enemies":"Sentry and Sphere","floor":28,"turns":6},{"damage":4,"enemies":"Snake Plant","floor":29,"turns":5},{"damage":59,"enemies":"Collector","floor":33,"turns":6}],"seed_played":"5781737152872127550","potions_obtained":[{"floor":5,"key":"Energy Potion"},{"floor":7,"key":"Fire Potion"},{"floor":16,"key":"Swift Potion"}],"is_trial":false,"path_per_floor":["M","?","?","M","M","R","M","R","T","?","$","?","M","M","R","B",null,"M","$","M","M","$","R","?","M","T","R","M","M","R","?","R","B"],"character_chosen":"THE_SILENT","items_purchased":["Backflip","Dark Shackles","Flechettes"],"campfire_rested":3,"item_purchase_floors":[11,19,22],"current_hp_per_floor":[57,37,37,35,34,34,30,30,30,30,30,30,27,25,43,33,53,37,37,31,21,21,39,39,38,38,38,40,36,54,54,54,0],"gold":61,"neow_bonus":"REMOVE_TWO","is_prod":false,"is_daily":false,"chose_seed":false,"campfire_upgraded":4,"win_rate":0,"timestamp":1541818337,"path_taken":["M","?","?","?","M","R","M","R","T","?","$","?","M","M","R","BOSS","M","?","M","M","$","R","?","?","T","R","M","M","R","?","R","BOSS"],"build_version":"2018-11-08","purchased_purges":1,"victory":false,"max_hp_per_floor":[66,66,66,66,66,66,66,66,66,60,60,60,60,60,60,60,60,60,60,60,60,60,60,60,60,60,60,60,60,60,60,60,60],"card_choices":[{"not_picked":["Eviscerate","Bane"],"picked":"Blade Dance","floor":1},{"not_picked":["Deadly Poison","Blade Dance","Escape Plan"],"picked":"Bouncing Flask","floor":4},{"not_picked":["Flying Knee","All Out Attack","Prepared"],"picked":"Sucker Punch","floor":5},{"not_picked":["Leg Sweep","Setup","Underhanded Strike"],"picked":"Backflip","floor":7},{"not_picked":["Cloak And Dagger","Night Terror","Bane"],"picked":"PiercingWail","floor":13},{"not_picked":["All Out Attack","Prepared","Finisher"],"picked":"Dodge and Roll","floor":14},{"not_picked":["Night Terror","Glass Knife","Phantasmal Killer"],"picked":"Die Die Die","floor":16},{"not_picked":["Blade Dance","Poisoned Stab","All Out Attack"],"picked":"Flying Knee","floor":18},{"not_picked":["Poisoned Stab","Flechettes","Outmaneuver"],"picked":"PiercingWail","floor":20},{"not_picked":["Slice","Predator","Outmaneuver"],"picked":"Catalyst","floor":21},{"not_picked":["Dodge and Roll","Venomology","Flying Knee+1"],"picked":"Footwork","floor":25},{"not_picked":["Slice","Bane","Outmaneuver"],"picked":"Blur","floor":28},{"not_picked":["Infinite Blades","Accuracy+1","Endless Agony","Heel Hook"],"picked":"SKIP","floor":29}],"player_experience":2165053,"relics_obtained":[{"floor":9,"key":"Sundial"},{"floor":26,"key":"Meat on the Bone"}],"event_choices":[{"damage_healed":0,"gold_gain":0,"player_choice":"Entered Light","damage_taken":20,"max_hp_gain":0,"max_hp_loss":0,"event_name":"Shining Light","floor":2,"gold_loss":0,"cards_upgraded":["Survivor","Defend_G"]},{"cards_removed":["Blade Dance"],"damage_healed":0,"gold_gain":0,"player_choice":"Gave Card","damage_taken":0,"relics_obtained":["Question Card"],"max_hp_gain":0,"max_hp_loss":0,"event_name":"WeMeetAgain","floor":3,"gold_loss":0},{"damage_healed":0,"gold_gain":0,"player_choice":"Lose Max HP","damage_taken":0,"relics_obtained":["Golden Idol"],"max_hp_gain":0,"max_hp_loss":6,"event_name":"Golden Idol","floor":10,"gold_loss":0},{"cards_removed":["Strike_G"],"damage_healed":0,"gold_gain":0,"player_choice":"Card Removal","damage_taken":0,"max_hp_gain":0,"max_hp_loss":0,"event_name":"Wheel of Change","floor":12,"gold_loss":0},{"damage_healed":0,"gold_gain":0,"player_choice":"Upgraded","damage_taken":0,"max_hp_gain":0,"max_hp_loss":0,"event_name":"Upgrade Shrine","floor":24,"gold_loss":0,"cards_upgraded":["Catalyst"]},{"damage_healed":0,"gold_gain":0,"player_choice":"Gave Idol","damage_taken":0,"relics_obtained":["Bloody Idol"],"max_hp_gain":0,"max_hp_loss":0,"event_name":"Forgotten Altar","floor":31,"relics_lost":["Golden Idol"],"gold_loss":0}],"is_beta":false,"boss_relics":[{"not_picked":["Snecko Eye","Calling Bell"],"picked":"Sozu"}],"items_purged_floors":[19],"is_endless":false,"potions_floor_spawned":[5,7,16,21,25,28],"killed_by":"Collector","ascension_level":17}