{"gold_per_floor":[114,129,144,159,26,56,56,86,136,166,341,341,341,441,441,541,541,556,556,571,26,41,71,71,101,176,176,206,221,236,4,4,104,104,119,134,149,32,0,0,30,30,80,110,110,125,140,170,170,170],"floor_reached":51,"playtime":2533,"items_purged":[],"score":1113,"play_id":"bd5e24d4-e8ab-4828-b445-3b308c2f18bb","local_time":"20190508112440","daily_mods":["Insanity","Uncertain Future","Elite Swarm"],"is_ascension_mode":false,"campfire_choices":[{"data":"Battle Trance","floor":7,"key":"SMITH"},{"data":"Offering","floor":12,"key":"SMITH"},{"data":"Corruption","floor":15,"key":"SMITH"},{"data":"Mind Blast","floor":24,"key":"SMITH"},{"data":"Disarm","floor":27,"key":"SMITH"},{"floor":32,"key":"DIG"},{"floor":40,"key":"DIG"},{"floor":42,"key":"DIG"},{"floor":49,"key":"DIG"}],"neow_cost":"","seed_source_timestamp":2474409205778866,"circlet_count":0,"master_deck":["Cleave","Evolve","Pommel Strike","Ghostly Armor","Warcry+1","Seeing Red","Wild Strike","Blood for Blood","Flex","Armaments","Iron Wave","Shockwave","Perfected Strike","Anger","Dual Wield","Clash","Armaments","Sword Boomerang","Blood for Blood","Body Slam","Iron Wave","Body Slam","Twin Strike","Perfected Strike+1","Inflame","True Grit","Havoc","Flex","Flame Barrier","Rupture","Sword Boomerang","Cleave","Warcry","Whirlwind","Iron Wave","Searing Blow","Bloodletting","Headbutt","Reckless Charge+1","Battle Trance+1","Body Slam","Rage","Battle Trance","Inflame","Hemokinesis","Second Wind","Iron Wave","Armaments","Armaments+1","Sword Boomerang","Corruption+1","Offering+1","Mind Blast+1","Exhume","Barricade+1","Dark Embrace+1","Doubt","Juggernaut+1","Disarm+1","Mind Blast+1","Reaper","Feed","Armaments+1","Apotheosis","Shockwave","Offering","Shrug It Off","Disarm+1","Mind Blast","Shrug It Off","Fiend Fire","Pain","Exhume","Shrug It Off+1","Spot Weakness+1","Limit Break"],"special_seed":18024,"relics":["Burning Blood","War Paint","Frozen Egg 2","Vajra","Orichalcum","Sozu","Shuriken","ClockworkSouvenir","Anchor","Darkstone Periapt","Self Forming Clay","Shovel","Strawberry","Cursed Key","Red Mask","Bottled Flame","Charon\u0027s Ashes","Whetstone","Centennial Puzzle","Question Card","Pear","Happy Flower"],"potions_floor_usage":[8,23,50,50],"damage_taken":[{"damage":8,"enemies":"Jaw Worm","floor":1,"turns":4},{"damage":8,"enemies":"Small Slimes","floor":2,"turns":3},{"damage":1,"enemies":"Cultist","floor":3,"turns":3},{"damage":10,"enemies":"Lots of Slimes","floor":4,"turns":4},{"damage":13,"enemies":"3 Sentries","floor":6,"turns":4},{"damage":3,"enemies":"Lagavulin","floor":8,"turns":1},{"damage":8,"enemies":"3 Sentries","floor":10,"turns":4},{"damage":13,"enemies":"Slime Boss","floor":16,"turns":7},{"damage":5,"enemies":"2 Thieves","floor":18,"turns":2},{"damage":8,"enemies":"3 Byrds","floor":20,"turns":5},{"damage":3,"enemies":"Centurion and Healer","floor":22,"turns":2},{"damage":0,"enemies":"Gremlin Leader","floor":23,"turns":1},{"damage":2,"enemies":"Slavers","floor":25,"turns":3},{"damage":17,"enemies":"Gremlin Leader","floor":28,"turns":2},{"damage":0,"enemies":"Snake Plant","floor":29,"turns":1},{"damage":0,"enemies":"Cultist and Chosen","floor":30,"turns":2},{"damage":9,"enemies":"Automaton","floor":33,"turns":5},{"damage":0,"enemies":"Orb Walker","floor":35,"turns":1},{"damage":8,"enemies":"3 Shapes","floor":36,"turns":5},{"damage":0,"enemies":"Spire Growth","floor":37,"turns":2},{"damage":0,"enemies":"Reptomancer","floor":41,"turns":1},{"damage":0,"enemies":"Nemesis","floor":44,"turns":1},{"damage":0,"enemies":"Sphere and 2 Shapes","floor":46,"turns":1},{"damage":6,"enemies":"Transient","floor":47,"turns":5},{"damage":0,"enemies":"Reptomancer","floor":48,"turns":1},{"damage":39,"enemies":"Awakened One","floor":50,"turns":7}],"seed_played":"-4311989270380069136","potions_obtained":[{"floor":2,"key":"BloodPotion"},{"floor":4,"key":"EssenceOfSteel"},{"floor":6,"key":"FearPotion"},{"floor":8,"key":"BloodPotion"},{"floor":10,"key":"FearPotion"}],"is_trial":false,"path_per_floor":["M","M","M","M","$","E","R","E","T","E","?","R","?","?","R","B",null,"M","?","M","$","M","E","R","E","T","R","E","M","M","$","R","B",null,"M","M","M","$","?","R","E","R","T","E","?","M","M","E","R","B",null],"character_chosen":"IRONCLAD","items_purchased":["Mind Blast","PowerPotion","Shuriken","Mind Blast","ClockworkSouvenir","Apotheosis","Shockwave","Mind Blast","Shrug It Off"],"campfire_rested":0,"item_purchase_floors":[5,5,21,21,21,31,31,38,38],"current_hp_per_floor":[78,76,80,76,76,69,69,72,72,70,70,70,70,70,70,63,80,80,80,78,78,80,80,80,80,80,80,69,75,80,80,87,87,87,87,85,87,87,87,87,87,87,93,93,84,90,90,103,103,81],"gold":170,"neow_bonus":"","is_prod":false,"is_daily":true,"chose_seed":false,"campfire_upgraded":5,"win_rate":0,"timestamp":1557329080,"path_taken":["M","M","M","M","$","E","R","E","T","E","?","R","?","?","R","BOSS","M","?","M","$","M","E","R","E","T","R","E","M","?","?","R","BOSS","M","M","M","$","?","R","E","R","T","E","?","M","?","E","R","BOSS"],"build_version":"2019-01-23","purchased_purges":0,"victory":true,"max_hp_per_floor":[80,80,80,80,80,80,80,80,80,80,80,80,80,80,80,80,80,80,80,80,80,80,80,80,80,80,80,80,80,80,80,87,87,87,87,87,87,87,87,87,87,87,93,93,93,93,93,103,103,103],"card_choices":[{"not_picked":["Clothesline","Perfected Strike","Armaments"],"picked":"SKIP","floor":1},{"not_picked":["Warcry","Shrug It Off"],"picked":"Corruption","floor":2},{"not_picked":["Whirlwind","Thunderclap","Evolve"],"picked":"SKIP","floor":3},{"not_picked":["Cleave","Combust"],"picked":"Offering","floor":4},{"not_picked":["Fiend Fire","Offering"],"picked":"Exhume","floor":6},{"not_picked":["Bludgeon","Limit Break"],"picked":"Barricade","floor":8},{"not_picked":["Offering","Demon Form+1"],"picked":"Dark Embrace+1","floor":10},{"not_picked":["Barricade+1","Bludgeon"],"picked":"Juggernaut+1","floor":16},{"not_picked":["Warcry","Twin Strike+1","Thunderclap"],"picked":"SKIP","floor":18},{"not_picked":["Warcry","True Grit"],"picked":"Disarm","floor":20},{"not_picked":["Heavy Blade","Fire Breathing+1","Anger"],"picked":"SKIP","floor":22},{"not_picked":["Double Tap","Brutality+1","Dark Embrace+1"],"picked":"SKIP","floor":23},{"not_picked":["Bludgeon","Demon Form+1"],"picked":"Reaper","floor":25},{"not_picked":["Offering","Brutality+1"],"picked":"Feed","floor":28},{"not_picked":["Clothesline","Dropkick"],"picked":"Armaments+1","floor":29},{"not_picked":["Clash","Reckless Charge","Anger"],"picked":"SKIP","floor":30},{"not_picked":["Double Tap","Reaper"],"picked":"Offering","floor":33},{"not_picked":["Perfected Strike","Heavy Blade","Flex"],"picked":"SKIP","floor":35},{"not_picked":["Exhume","Corruption+1"],"picked":"Shrug It Off","floor":36},{"not_picked":["Anger+1","Armaments+1"],"picked":"Disarm+1","floor":37},{"not_picked":["Immolate","Offering"],"picked":"Fiend Fire","floor":41},{"not_picked":["Barricade+1","Feed"],"picked":"Exhume","floor":44},{"not_picked":["Wild Strike","Armaments+1","Power Through"],"picked":"Shrug It Off+1","floor":46},{"not_picked":["Clothesline","Infernal Blade+1","Evolve+1"],"picked":"Spot Weakness+1","floor":47},{"not_picked":["Brutality+1","Immolate","Barricade+1"],"picked":"Limit Break","floor":48}],"player_experience":3627733,"relics_obtained":[{"floor":6,"key":"War Paint"},{"floor":8,"key":"Frozen Egg 2"},{"floor":9,"key":"Vajra"},{"floor":10,"key":"Orichalcum"},{"floor":23,"key":"Anchor"},{"floor":25,"key":"Darkstone Periapt"},{"floor":26,"key":"Self Forming Clay"},{"floor":28,"key":"Shovel"},{"floor":32,"key":"Strawberry"},{"floor":40,"key":"Bottled Flame"},{"floor":41,"key":"Charon\u0027s Ashes"},{"floor":42,"key":"Whetstone"},{"floor":43,"key":"Centennial Puzzle"},{"floor":44,"key":"Question Card"},{"floor":48,"key":"Pear"},{"floor":49,"key":"Happy Flower"}],"event_choices":[{"damage_healed":0,"gold_gain":175,"player_choice":"AGREE","damage_taken":0,"max_hp_gain":0,"max_hp_loss":0,"event_name":"Liars Game","floor":11,"gold_loss":0,"cards_obtained":["Doubt"]},{"damage_healed":0,"gold_gain":0,"player_choice":"Grow","damage_taken":0,"max_hp_gain":0,"max_hp_loss":0,"event_name":"Living Wall","floor":13,"gold_loss":0,"cards_upgraded":["Mind Blast"]},{"damage_healed":0,"gold_gain":100,"player_choice":"Pray","damage_taken":0,"max_hp_gain":0,"max_hp_loss":0,"event_name":"Golden Shrine","floor":14,"gold_loss":0},{"damage_healed":0,"gold_gain":0,"player_choice":"Bought 0 Potions","damage_taken":0,"max_hp_gain":0,"max_hp_loss":0,"event_name":"The Woman in Blue","floor":19,"gold_loss":0},{"damage_healed":0,"gold_gain":0,"player_choice":"Paid","damage_taken":0,"relics_obtained":["Red Mask"],"max_hp_gain":0,"max_hp_loss":0,"event_name":"Tomb of Lord Red Mask","floor":39,"gold_loss":32},{"damage_healed":0,"gold_gain":0,"player_choice":"Damaged","damage_taken":9,"max_hp_gain":0,"max_hp_loss":0,"event_name":"Wheel of Change","floor":45,"gold_loss":0}],"is_beta":false,"boss_relics":[{"not_picked":["Tiny House","Lizard Tail"],"picked":"Sozu"},{"not_picked":["Eternal Feather","Snecko Eye"],"picked":"Cursed Key"}],"items_purged_floors":[],"is_endless":false,"potions_floor_spawned":[2,4,6,8,10,22,23,25,30,33,35,36,44,46,48],"ascension_level":0}