{"gold_per_floor":[110,110,110,121,121,153,153,170,170,205,222,222,232,232,232,304,304,314,294,19,34,52,52,78,78,78,78,93,93],"floor_reached":29,"playtime":1174,"items_purged":[],"score":556,"play_id":"01f93746-a942-408d-89a1-15a2ce15515a","local_time":"20181121161353","is_ascension_mode":true,"campfire_choices":[{"data":"Noxious Fumes","floor":7,"key":"SMITH"},{"data":"Noxious Fumes","floor":12,"key":"SMITH"},{"floor":15,"key":"REST"},{"data":"After Image","floor":23,"key":"SMITH"},{"data":"Mayhem","floor":25,"key":"SMITH"},{"data":"Terror","floor":27,"key":"SMITH"}],"neow_cost":"NONE","seed_source_timestamp":668376433769585,"circlet_count":0,"master_deck":["AscendersBane","Defend_G","Defend_G","Defend_G","Defend_G","Defend_G","Strike_G","Strike_G","Strike_G","Survivor","Neutralize","Noxious Fumes+1","Terror+1","Unload","Dagger Spray","Poisoned Stab","Noxious Fumes+1","Dagger Spray","After Image+1","Mayhem+1","Leg Sweep","PiercingWail","Backflip"],"relics":["Ring of the Snake","NeowsBlessing","Mango","StoneCalendar","Torii","Eternal Feather","Happy Flower","The Courier"],"potions_floor_usage":[10,13,22,24],"damage_taken":[{"damage":0,"enemies":"Jaw Worm","floor":1,"turns":1},{"damage":0,"enemies":"2 Louse","floor":4,"turns":2},{"damage":0,"enemies":"Gremlin Nob","floor":6,"turns":1},{"damage":0,"enemies":"Cultist","floor":8,"turns":3},{"damage":17,"enemies":"Lagavulin","floor":10,"turns":4},{"damage":6,"enemies":"3 Louse","floor":11,"turns":3},{"damage":0,"enemies":"Lots of Slimes","floor":13,"turns":2},{"damage":20,"enemies":"Slime Boss","floor":16,"turns":7},{"damage":15,"enemies":"Shell Parasite","floor":18,"turns":6},{"damage":9,"enemies":"Spheric Guardian","floor":21,"turns":4},{"damage":15,"enemies":"Snake Plant","floor":22,"turns":6},{"damage":23,"enemies":"Gremlin Leader","floor":24,"turns":7},{"damage":18,"enemies":"Centurion and Healer","floor":28,"turns":5},{"damage":26,"enemies":"Book of Stabbing","floor":29,"turns":5}],"seed_played":"4469640498087504674","potions_obtained":[{"floor":1,"key":"SteroidPotion"},{"floor":10,"key":"Energy Potion"},{"floor":18,"key":"Fire Potion"},{"floor":19,"key":"AttackPotion"}],"is_trial":false,"path_per_floor":["M","?","?","M","?","E","R","M","T","E","M","R","M","?","R","B",null,"M","?","$","M","M","R","E","R","T","R","M","E"],"character_chosen":"THE_SILENT","items_purchased":["Mayhem","Leg Sweep"],"campfire_rested":1,"item_purchase_floors":[20,20],"current_hp_per_floor":[59,52,52,52,52,66,66,66,66,49,43,43,43,25,49,29,67,52,52,52,43,28,40,17,29,29,41,23,0],"gold":93,"neow_bonus":"THREE_ENEMY_KILL","is_prod":false,"is_daily":false,"chose_seed":false,"campfire_upgraded":5,"win_rate":0,"timestamp":1542834833,"path_taken":["M","?","?","?","?","E","R","M","T","E","?","R","M","?","R","BOSS","M","?","?","M","?","R","E","R","T","R","M","E"],"build_version":"2018-11-15","purchased_purges":0,"victory":false,"max_hp_per_floor":[66,66,66,66,66,80,80,80,80,80,80,80,80,80,80,80,80,80,80,80,80,80,80,80,80,80,80,80,80],"card_choices":[{"not_picked":["Leg Sweep","Deadly Poison"],"picked":"Noxious Fumes","floor":1},{"not_picked":["Underhanded Strike","Blade Dance","Outmaneuver"],"picked":"SKIP","floor":4},{"not_picked":["Infinite Blades","Acrobatics"],"picked":"Dagger Spray","floor":6},{"not_picked":["Eviscerate","Calculated Gamble"],"picked":"Poisoned Stab","floor":8},{"not_picked":["Escape Plan","Dagger Spray"],"picked":"Noxious Fumes","floor":10},{"not_picked":["Prepared","Outmaneuver","Deadly Poison"],"picked":"SKIP","floor":11},{"not_picked":["Slice","Backflip"],"picked":"Dagger Spray","floor":13},{"not_picked":["Night Terror","Envenom"],"picked":"After Image","floor":16},{"not_picked":["Flying Knee","Deflect","Underhanded Strike"],"picked":"SKIP","floor":18},{"not_picked":["Slice","Deflect","Calculated Gamble"],"picked":"SKIP","floor":21},{"not_picked":["Deadly Poison","Prepared"],"picked":"PiercingWail","floor":22},{"not_picked":["Underhanded Strike","Slice","Bane"],"picked":"SKIP","floor":24},{"not_picked":["Sucker Punch","Blade Dance"],"picked":"Backflip","floor":28}],"player_experience":2469481,"relics_obtained":[{"floor":6,"key":"Mango"},{"floor":10,"key":"StoneCalendar"},{"floor":24,"key":"Happy Flower"},{"floor":26,"key":"The Courier"}],"event_choices":[{"cards_removed":["Strike_G"],"damage_healed":0,"gold_gain":0,"player_choice":"Card Removal","damage_taken":7,"max_hp_gain":0,"max_hp_loss":0,"event_name":"Golden Wing","floor":2,"gold_loss":0},{"damage_healed":0,"gold_gain":0,"player_choice":"2 cards matched","damage_taken":0,"max_hp_gain":0,"max_hp_loss":0,"event_name":"Match and Keep!","floor":3,"gold_loss":0,"cards_obtained":["Terror","Unload"]},{"cards_removed":["Strike_G"],"damage_healed":0,"gold_gain":0,"player_choice":"Offered Basic","damage_taken":0,"max_hp_gain":0,"max_hp_loss":0,"event_name":"Bonfire Elementals","floor":5,"gold_loss":0},{"damage_healed":0,"gold_gain":0,"player_choice":"Success","damage_taken":18,"relics_obtained":["Torii"],"max_hp_gain":0,"max_hp_loss":0,"event_name":"Scrap Ooze","floor":14,"gold_loss":0},{"damage_healed":0,"gold_gain":0,"player_choice":"Bought 1 Potion","damage_taken":0,"max_hp_gain":0,"max_hp_loss":0,"event_name":"The Woman in Blue","floor":19,"gold_loss":0}],"is_beta":false,"boss_relics":[{"not_picked":["Coffee Dripper","Tiny House"],"picked":"Eternal Feather"}],"items_purged_floors":[],"is_endless":false,"potions_floor_spawned":[1,10,18],"killed_by":"Book of Stabbing","ascension_level":20}