{"gold_per_floor":[213,225,225,235,248,283,295,307,319,331,355,367,409,439,451,563,575,600,623,302,302,321,321,350,350,350,385,399,410,439,439],"floor_reached":31,"playtime":1734,"items_purged":["Strike_G"],"score":307,"play_id":"e9ce3d92-6411-43f8-bf10-ac339dde6354","local_time":"20190626092241","is_ascension_mode":false,"campfire_choices":[{"data":"Neutralize","floor":7,"key":"SMITH"},{"data":"Caltrops","floor":10,"key":"SMITH"},{"floor":12,"key":"REST"},{"data":"Poisoned Stab","floor":15,"key":"SMITH"},{"data":"A Thousand Cuts","floor":23,"key":"SMITH"},{"floor":25,"key":"REST"}],"neow_cost":"NONE","seed_source_timestamp":1154902021934491,"circlet_count":0,"master_deck":["Defend_G","Defend_G","Defend_G","Defend_G","Defend_G","Strike_G","Strike_G","Survivor","Neutralize+1","Dagger Spray","Poisoned Stab+1","Well Laid Plans","Caltrops+1","Bullet Time","A Thousand Cuts+1","Crippling Poison","Leg Sweep+1","PiercingWail","Acrobatics+1"],"relics":["Ring of the Snake","MawBank","Dodecahedron","Sundial","Empty Cage","Paper Crane","PreservedInsect","Anchor","Regal Pillow","Molten Egg 2"],"potions_floor_usage":[6,16,22,24,24,29,30,31],"damage_taken":[{"damage":0,"enemies":"Jaw Worm","floor":1,"turns":4},{"damage":0,"enemies":"2 Louse","floor":2,"turns":3},{"damage":0,"enemies":"Cultist","floor":4,"turns":3},{"damage":6,"enemies":"Lots of Slimes","floor":5,"turns":3},{"damage":27,"enemies":"Lagavulin","floor":6,"turns":6},{"damage":2,"enemies":"Exordium Wildlife","floor":11,"turns":4},{"damage":19,"enemies":"3 Sentries","floor":13,"turns":7},{"damage":8,"enemies":"Red Slaver","floor":14,"turns":3},{"damage":11,"enemies":"Hexaghost","floor":16,"turns":10},{"damage":18,"enemies":"2 Thieves","floor":18,"turns":4},{"damage":0,"enemies":"Chosen","floor":19,"turns":6},{"damage":1,"enemies":"Centurion and Healer","floor":22,"turns":10},{"damage":27,"enemies":"Gremlin Leader","floor":24,"turns":7},{"damage":9,"enemies":"Book of Stabbing","floor":27,"turns":6},{"damage":6,"enemies":"Sentry and Sphere","floor":28,"turns":7},{"damage":10,"enemies":"Cultist and Chosen","floor":29,"turns":8},{"damage":17,"enemies":"Slavers","floor":30,"turns":6},{"damage":9,"enemies":"Centurion and Healer","floor":31,"turns":4}],"seed_played":"-624315284326830106","potions_obtained":[{"floor":4,"key":"Strength Potion"},{"floor":5,"key":"Fire Potion"},{"floor":6,"key":"Dexterity Potion"},{"floor":11,"key":"AttackPotion"},{"floor":18,"key":"Poison Potion"},{"floor":24,"key":"Fire Potion"},{"floor":27,"key":"Weak Potion"},{"floor":30,"key":"Ancient Potion"}],"is_trial":false,"path_per_floor":["M","M","?","M","M","E","R","?","T","R","M","R","E","M","R","B",null,"M","M","$","?","M","R","E","R","T","E","M","M","E","M"],"character_chosen":"THE_SILENT","items_purchased":["Paper Crane"],"campfire_rested":2,"item_purchase_floors":[20],"current_hp_per_floor":[70,70,75,75,69,42,42,42,42,42,40,62,43,35,35,24,75,57,57,57,57,56,56,29,51,51,42,36,26,9,0],"gold":439,"neow_bonus":"HUNDRED_GOLD","is_prod":false,"is_daily":false,"chose_seed":false,"campfire_upgraded":4,"win_rate":0,"timestamp":1561555361,"path_taken":["M","M","?","M","M","E","R","?","T","R","?","R","E","M","R","BOSS","M","?","$","?","M","R","E","R","T","E","?","M","E","M"],"build_version":"2019-01-23","purchased_purges":1,"victory":false,"max_hp_per_floor":[70,70,75,75,75,75,75,75,75,75,75,75,75,75,75,75,75,75,75,75,75,75,75,75,75,75,75,75,75,75,75],"card_choices":[{"not_picked":["Acrobatics","Backflip"],"picked":"Dagger Spray","floor":1},{"not_picked":["Prepared","Deflect"],"picked":"Poisoned Stab","floor":2},{"not_picked":["Outmaneuver","Calculated Gamble"],"picked":"Well Laid Plans","floor":4},{"not_picked":["Deadly Poison","Blade Dance"],"picked":"Caltrops","floor":5},{"not_picked":["Reflex","Blade Dance","Concentrate"],"picked":"SKIP","floor":6},{"not_picked":["Sucker Punch","Outmaneuver","Endless Agony"],"picked":"SKIP","floor":11},{"not_picked":["Caltrops","Expertise","Blade Dance"],"picked":"SKIP","floor":13},{"not_picked":["Sucker Punch","Deadly Poison"],"picked":"Bullet Time","floor":14},{"not_picked":["Grand Finale","Adrenaline"],"picked":"A Thousand Cuts","floor":16},{"not_picked":["Prepared","Concentrate"],"picked":"Crippling Poison","floor":18},{"not_picked":["Deadly Poison","Terror"],"picked":"Leg Sweep+1","floor":19},{"not_picked":["Underhanded Strike","Sucker Punch","Deflect"],"picked":"SKIP","floor":22},{"not_picked":["Caltrops","Deflect+1"],"picked":"PiercingWail","floor":24},{"not_picked":["Quick Slash+1","Dodge and Roll","Tactician"],"picked":"SKIP","floor":27},{"not_picked":["Heel Hook","Infinite Blades"],"picked":"Acrobatics+1","floor":28},{"not_picked":["Blade Dance","Expertise","Prepared"],"picked":"SKIP","floor":29},{"not_picked":["Doppelganger","Underhanded Strike","Blade Dance"],"picked":"SKIP","floor":30}],"player_experience":3836233,"relics_obtained":[{"floor":6,"key":"MawBank"},{"floor":9,"key":"Dodecahedron"},{"floor":13,"key":"Sundial"},{"floor":24,"key":"PreservedInsect"},{"floor":26,"key":"Anchor"},{"floor":27,"key":"Regal Pillow"},{"floor":30,"key":"Molten Egg 2"}],"event_choices":[{"damage_healed":0,"gold_gain":0,"player_choice":"Donut","damage_taken":0,"max_hp_gain":5,"max_hp_loss":0,"event_name":"Big Fish","floor":3,"gold_loss":0},{"damage_healed":0,"gold_gain":0,"player_choice":"Ignored","damage_taken":0,"max_hp_gain":0,"max_hp_loss":0,"event_name":"NoteForYourself","floor":8,"gold_loss":0},{"damage_healed":0,"gold_gain":0,"player_choice":"Bought 0 Potions","damage_taken":0,"max_hp_gain":0,"max_hp_loss":0,"event_name":"The Woman in Blue","floor":21,"gold_loss":0}],"is_beta":false,"boss_relics":[{"not_picked":["Velvet Choker","Lizard Tail"],"picked":"Empty Cage"}],"items_purged_floors":[20],"is_endless":false,"potions_floor_spawned":[4,5,6,11,18,24,27,30],"killed_by":"Centurion and Healer","ascension_level":0}