{"path_per_floor":["M","?","T","?","$","M","R","E","T","?","R","M","$","M","R","B",null,"M","M","?","M"],"character_chosen":"THE_SILENT","items_purchased":["Sucker Punch","Flash of Steel","Secret Technique","Infinite Blades","Deadly Poison"],"gold_per_floor":[217,292,292,542,25,42,42,72,99,99,99,111,11,29,29,126,126,145,155,55,73],"floor_reached":22,"campfire_rested":0,"playtime":1318,"current_hp_per_floor":[70,59,59,59,59,59,59,46,46,67,67,67,67,63,63,46,81,68,51,51,16],"items_purged":["Regret","Parasite"],"gold":73,"score":184,"play_id":"62b17405-67c8-450a-8954-0d033d8b530b","local_time":"20180312133815","is_prod":false,"is_daily":false,"is_ascension_mode":false,"campfire_upgraded":3,"timestamp":1520876295,"path_taken":["M","?","?","?","$","M","R","E","T","?","R","M","?","M","R","BOSS","M","M","?","M","M"],"build_version":"2018-03-09","purchased_purges":2,"victory":false,"master_deck":["Defend_G","Defend_G","Defend_G","Defend_G","Defend_G","Strike_G","Strike_G","Strike_G","Strike_G","Strike_G","Survivor","Neutralize+1","Terror+1","Sucker Punch","Flash of Steel","Secret Technique","Infinite Blades","Deadly Poison","Noxious Fumes+1","Flying Knee","Prepared","Burst","Slice+1","J.A.X.","Blur+1"],"max_hp_per_floor":[70,70,70,70,70,70,70,84,84,84,84,84,81,81,81,81,81,81,81,81,81],"relics":["Ring of the Snake","Sundial","Mango","Prayer Wheel","Sozu"],"card_choices":[{"not_picked":["Crippling Poison","Masterful Stab"],"picked":"Terror"},{"not_picked":["PiercingWail","Backflip"],"picked":"Noxious Fumes"},{"not_picked":["Crippling Poison","Dash"],"picked":"Flying Knee"},{"not_picked":["Eviscerate","Poisoned Stab"],"picked":"Prepared"},{"not_picked":["Phantasmal Killer","Grand Finale"],"picked":"Burst"},{"not_picked":["Distraction","Sucker Punch"],"picked":"Slice"},{"not_picked":["Dagger Throw","Dodge and Roll"],"picked":"Blur"}],"player_experience":989936,"potions_floor_usage":[8,16,19],"damage_taken":[{"damage":0,"enemies":"Jaw Worm","floor":1,"turns":5},{"damage":0,"enemies":"Small Slimes","floor":6,"turns":4},{"damage":27,"enemies":"Gremlin Nob","floor":8,"turns":4},{"damage":0,"enemies":"2 Louse","floor":12,"turns":3},{"damage":4,"enemies":"Red Slaver","floor":14,"turns":4},{"damage":17,"enemies":"The Guardian","floor":16,"turns":9},{"damage":13,"enemies":"Chosen","floor":18,"turns":5},{"damage":29,"enemies":"2 Thieves","floor":19,"turns":4},{"damage":35,"enemies":"Snake Plant","floor":21,"turns":5},{"damage":22,"enemies":"3 Cultists","floor":22,"turns":4}],"event_choices":[{"event_name":"World of Goop","player_choice":"Gather Gold","floor":2,"damage_taken":0},{"event_name":"Golden Shrine","player_choice":"Desecrate","floor":4,"damage_taken":0},{"event_name":"Mushrooms","player_choice":"Healed and dodged fight","floor":10,"damage_taken":0},{"event_name":"Drug Dealer","player_choice":"Got JAXXED","floor":20,"damage_taken":0}],"boss_relics":[{"not_picked":["The Specimen","Velvet Choker"],"picked":"Sozu"}],"potions_floor_spawned":[1,8,16,21],"seed_played":"-4059126134323274249","killed_by":"3 Cultists","ascension_level":0,"is_trial":false}