{"path_per_floor":["M","M","M","M","M","R","M","M","T","?","R","M","E","M","R","B",null,"M","T","M","M","?","R","?","R","T","E","$","?","E","$","R","B",null,"M","M","M","M","M","E","$","R","T","?","M","R","M","$","R"],"character_chosen":"DEFECT","items_purchased":["Bottled Lightning","Capacitor","Bag of Marbles","Defragment"],"gold_per_floor":[114,124,141,151,168,168,179,198,250,250,250,268,299,310,310,412,412,422,422,438,455,370,370,370,370,370,401,30,30,55,5,5,103,103,117,131,144,154,169,194,0,0,54,54,72,72,87,5,5,5],"floor_reached":50,"campfire_rested":7,"playtime":70800,"item_purchase_floors":[28,28,41,48],"current_hp_per_floor":[74,66,66,61,46,68,62,57,57,57,75,74,43,37,37,22,75,71,71,69,63,63,63,47,69,69,35,35,35,17,17,39,5,75,66,53,53,41,37,15,15,37,37,37,34,56,53,53,75,0],"items_purged":["Strike_B","Strike_B","Strike_B"],"gold":5,"score":518,"play_id":"8bdd024b-be93-4e99-a0d9-78e4e33ed134","local_time":"20180603122452","is_prod":false,"is_daily":false,"chose_seed":false,"is_ascension_mode":false,"campfire_upgraded":2,"win_rate":0.0,"timestamp":1528043092,"campfire_choices":[{"floor":6,"key":"REST"},{"floor":11,"key":"REST"},{"data":"Defragment","floor":15,"key":"SMITH"},{"data":"Loop","floor":23,"key":"SMITH"},{"floor":25,"key":"REST"},{"floor":32,"key":"REST"},{"floor":42,"key":"REST"},{"floor":46,"key":"REST"},{"floor":49,"key":"REST"}],"path_taken":["M","M","M","M","M","R","?","M","T","?","R","?","E","M","R","BOSS","M","?","M","M","?","R","?","R","T","E","$","?","E","$","R","BOSS","M","M","M","M","M","E","$","R","T","?","M","R","M","$","R","BOSS"],"build_version":"2018-05-31","seed_source_timestamp":417458255376290,"purchased_purges":3,"victory":false,"master_deck":["Defend_B","Defend_B","Defend_B","Defend_B","Zap","Dualcast","Coolheaded","Reinforced Body","Stack","Capacitor","Melter","Lockon+1","Hologram","Ball Lightning","Compile Driver+1","Defragment+1","Electrodynamics","Chaos+1","Loop+1","Leap","Skim","Capacitor","Reboot","Fission","Auto Shields+1","Stack+1","Hologram+1","Leap+1","Cold Snap+1","Defragment"],"max_hp_per_floor":[75,75,75,75,75,75,75,75,75,75,75,75,75,75,75,75,75,75,75,75,75,75,75,75,75,75,75,75,75,75,75,75,75,75,75,75,75,75,75,75,75,75,75,75,75,75,75,75,75,75],"relics":["Cracked Core","Ancient Tea Set","Bronze Scales","Sozu","Bottled Flame","Orichalcum","Enchiridion","Smiling Mask","Letter Opener","Bottled Lightning","Bag of Preparation","Nuclear Battery","Whetstone","Bag of Marbles","Potion Belt"],"card_choices":[{"not_picked":["Compile Driver","Storm"],"picked":"Coolheaded","floor":1},{"not_picked":["Sweeping Beam","Lockon"],"picked":"Reinforced Body","floor":2},{"not_picked":["Conserve Battery","Cold Snap"],"picked":"Stack","floor":3},{"not_picked":["Steam","Heatsinks"],"picked":"Capacitor","floor":4},{"not_picked":["Coolheaded","All For One"],"picked":"Melter","floor":5},{"not_picked":["Hello World","Go for the Eyes"],"picked":"Lockon","floor":7},{"not_picked":["Storm","Steam Power"],"picked":"Hologram","floor":8},{"not_picked":["Hologram","Gash"],"picked":"Ball Lightning","floor":12},{"not_picked":["Beam Cell","Conserve Battery"],"picked":"Compile Driver","floor":13},{"not_picked":["Compile Driver","Gash"],"picked":"Defragment","floor":14},{"not_picked":["Thunder Strike","Amplify"],"picked":"Electrodynamics","floor":16},{"not_picked":["Sweeping Beam+1","Streamline"],"picked":"Chaos+1","floor":18},{"not_picked":["Redo","Streamline"],"picked":"Loop","floor":20},{"not_picked":["Cold Snap","Coolheaded"],"picked":"Leap","floor":21},{"not_picked":["Gash","Steam"],"picked":"Skim","floor":27},{"not_picked":["Compile Driver","Amplify"],"picked":"Reboot","floor":30},{"not_picked":["Rainbow","Buffer"],"picked":"Fission","floor":33},{"not_picked":["Storm","White Noise"],"picked":"Auto Shields+1","floor":35},{"not_picked":["Compile Driver+1","Cold Snap+1"],"picked":"Stack+1","floor":36},{"not_picked":["Melter+1","Conserve Battery","Stack"],"picked":"SKIP","floor":37},{"not_picked":["Heatsinks","Blizzard"],"picked":"Hologram+1","floor":38},{"not_picked":["Compile Driver+1","Doom and Gloom+1"],"picked":"Leap+1","floor":39},{"not_picked":["Hologram","Fission"],"picked":"Cold Snap+1","floor":40},{"not_picked":["Streamline+1","Compile Driver","Loop"],"picked":"SKIP","floor":45},{"not_picked":["Heatsinks","Streamline","FTL"],"picked":"SKIP","floor":47}],"player_experience":1227415,"potions_floor_usage":[13,14,16,16],"damage_taken":[{"damage":1,"enemies":"Cultist","floor":1,"turns":4},{"damage":8,"enemies":"Small Slimes","floor":2,"turns":3},{"damage":0,"enemies":"2 Louse","floor":3,"turns":2},{"damage":5,"enemies":"Blue Slaver","floor":4,"turns":4},{"damage":15,"enemies":"Large Slime","floor":5,"turns":6},{"damage":6,"enemies":"Looter","floor":7,"turns":3},{"damage":5,"enemies":"Blue Slaver","floor":8,"turns":4},{"damage":1,"enemies":"Red Slaver","floor":12,"turns":4},{"damage":43,"enemies":"Lagavulin","floor":13,"turns":7},{"damage":6,"enemies":"Lots of Slimes","floor":14,"turns":3},{"damage":15,"enemies":"Hexaghost","floor":16,"turns":7},{"damage":4,"enemies":"Chosen","floor":18,"turns":5},{"damage":2,"enemies":"Spheric Guardian","floor":20,"turns":4},{"damage":6,"enemies":"Chosen and Byrds","floor":21,"turns":5},{"damage":34,"enemies":"Book of Stabbing","floor":27,"turns":5},{"damage":18,"enemies":"Slavers","floor":30,"turns":4},{"damage":34,"enemies":"Champ","floor":33,"turns":8},{"damage":9,"enemies":"Orb Walker","floor":35,"turns":3},{"damage":13,"enemies":"3 Darklings","floor":36,"turns":3},{"damage":0,"enemies":"Maw","floor":37,"turns":7},{"damage":12,"enemies":"4 Shapes","floor":38,"turns":2},{"damage":11,"enemies":"3 Darklings","floor":39,"turns":3},{"damage":22,"enemies":"Nemesis","floor":40,"turns":6},{"damage":3,"enemies":"Sphere and 2 Shapes","floor":45,"turns":4},{"damage":3,"enemies":"4 Shapes","floor":47,"turns":4},{"damage":75,"enemies":"Awakened One","floor":50,"turns":6}],"relics_obtained":[{"floor":9,"key":"Ancient Tea Set"},{"floor":13,"key":"Bronze Scales"},{"floor":19,"key":"Bottled Flame"},{"floor":24,"key":"Enchiridion"},{"floor":26,"key":"Smiling Mask"},{"floor":27,"key":"Letter Opener"},{"floor":30,"key":"Bag of Preparation"},{"floor":40,"key":"Whetstone"},{"floor":43,"key":"Potion Belt"}],"event_choices":[{"event_name":"The Lab","player_choice":"Got Potions","floor":10,"damage_taken":0},{"event_name":"Addict","player_choice":"Obtained Relic","floor":22,"damage_taken":0},{"event_name":"Cursed Tome","player_choice":"Obtained Book","floor":24,"damage_taken":0},{"event_name":"Vampires","player_choice":"Ignored","floor":29,"damage_taken":0},{"event_name":"Bonfire Elementals","player_choice":"BASIC","floor":44,"damage_taken":0}],"boss_relics":[{"not_picked":["Philosopher\u0027s Stone","Orrery"],"picked":"Sozu"},{"not_picked":["Inserter","Black Star"],"picked":"Nuclear Battery"}],"items_purged_floors":[28,31,41],"potions_floor_spawned":[3,5,7,8,12,14,27,30,33,36,37,38,40],"seed_played":"-3354543256829860717","killed_by":"Awakened One","ascension_level":0,"potions_obtained":[{"floor":3,"key":"GamblersBrew"},{"floor":5,"key":"Swift Potion"},{"floor":7,"key":"Weak Potion"},{"floor":8,"key":"LiquidBronze"},{"floor":10,"key":"Regen Potion"},{"floor":10,"key":"Fire Potion"},{"floor":14,"key":"Poison Potion"}],"is_trial":false}