{"gold_per_floor":[112,128,128,138,150,184,198,198,198,198,275,275,289,307,307,406,406,418,434,179,196,5,32,32,46,69,69],"floor_reached":27,"playtime":3042,"items_purged":["Strike_G","Strike_G"],"score":237,"play_id":"28bd70ec-12ec-4960-96b8-1211e17d99fe","local_time":"20190629094937","is_ascension_mode":false,"campfire_choices":[{"floor":10,"key":"REST"},{"data":"Caltrops","floor":12,"key":"SMITH"},{"floor":15,"key":"REST"},{"floor":24,"key":"REST"}],"neow_cost":"NONE","seed_source_timestamp":640059111470359,"circlet_count":0,"master_deck":["Defend_G","Defend_G","Defend_G","Defend_G","Defend_G","Strike_G","Strike_G","Strike_G","Survivor","Neutralize+1","Dagger Throw","All Out Attack","Noxious Fumes","Deadly Poison","Caltrops+1","Backflip","Dagger Throw","Skewer","Envenom","Riddle With Holes","Quick Slash","Dash+1","Poisoned Stab","Infinite Blades","Noxious Fumes"],"relics":["Ring of the Snake","Vajra","Juzu Bracelet","Ninja Scroll","White Beast Statue","Bronze Scales","Nunchaku","Snake Skull"],"potions_floor_usage":[],"damage_taken":[{"damage":0,"enemies":"2 Louse","floor":1,"turns":3},{"damage":0,"enemies":"Cultist","floor":2,"turns":5},{"damage":0,"enemies":"Small Slimes","floor":4,"turns":2},{"damage":17,"enemies":"Exordium Thugs","floor":5,"turns":6},{"damage":18,"enemies":"3 Sentries","floor":6,"turns":7},{"damage":0,"enemies":"2 Fungi Beasts","floor":7,"turns":3},{"damage":2,"enemies":"Large Slime","floor":13,"turns":5},{"damage":3,"enemies":"3 Louse","floor":14,"turns":3},{"damage":35,"enemies":"Slime Boss","floor":16,"turns":10},{"damage":0,"enemies":"3 Byrds","floor":18,"turns":3},{"damage":2,"enemies":"Shell Parasite","floor":19,"turns":6},{"damage":36,"enemies":"Centurion and Healer","floor":21,"turns":5},{"damage":35,"enemies":"Slavers","floor":23,"turns":4},{"damage":18,"enemies":"3 Cultists","floor":25,"turns":4},{"damage":10,"enemies":"Snecko","floor":27,"turns":2}],"seed_played":"5665455008061928629","potions_obtained":[{"floor":2,"key":"Regen Potion"},{"floor":4,"key":"Block Potion"},{"floor":6,"key":"LiquidBronze"},{"floor":13,"key":"SneckoOil"}],"is_trial":false,"path_per_floor":["M","M","?","M","M","E","M","?","T","R","?","R","M","M","R","B",null,"M","M","$","M","$","E","R","M","T","M"],"character_chosen":"THE_SILENT","items_purchased":["Bronze Scales","Quick Slash","Poisoned Stab","Infinite Blades"],"campfire_rested":3,"item_purchase_floors":[20,20,22,22],"current_hp_per_floor":[77,77,77,77,60,42,42,42,42,65,65,65,63,60,77,42,77,77,75,75,39,39,4,27,9,9,0],"gold":69,"neow_bonus":"TEN_PERCENT_HP_BONUS","is_prod":false,"is_daily":false,"chose_seed":false,"campfire_upgraded":1,"win_rate":0.0,"timestamp":1561823377,"path_taken":["M","M","?","?","M","E","M","?","T","R","?","R","M","M","R","BOSS","M","M","$","M","$","E","R","M","T","M"],"build_version":"2019-01-23","purchased_purges":2,"victory":false,"max_hp_per_floor":[77,77,77,77,77,77,77,77,77,77,77,77,77,77,77,77,77,77,77,77,77,77,77,77,77,77,77],"card_choices":[{"not_picked":["Flying Knee","Calculated Gamble"],"picked":"Dagger Throw","floor":1},{"not_picked":["Dagger Spray","Acrobatics"],"picked":"All Out Attack","floor":2},{"not_picked":["All Out Attack","Underhanded Strike"],"picked":"Noxious Fumes","floor":4},{"not_picked":["Underhanded Strike","Deflect"],"picked":"Deadly Poison","floor":5},{"not_picked":["Eviscerate","Noxious Fumes"],"picked":"Caltrops","floor":6},{"not_picked":["Acrobatics","PiercingWail"],"picked":"Backflip","floor":7},{"not_picked":["Distraction","Flying Knee"],"picked":"Dagger Throw","floor":13},{"not_picked":["Underhanded Strike","Dodge and Roll"],"picked":"Skewer","floor":14},{"not_picked":["After Image","Glass Knife"],"picked":"Envenom","floor":16},{"not_picked":["Heel Hook","Sucker Punch+1"],"picked":"Riddle With Holes","floor":18},{"not_picked":["Acrobatics","Blade Dance","Predator"],"picked":"SKIP","floor":19},{"not_picked":["Deadly Poison","Outmaneuver"],"picked":"Dash+1","floor":21},{"not_picked":["Blade Dance","Riddle With Holes"],"picked":"Noxious Fumes","floor":23},{"not_picked":["Heel Hook","Blade Dance+1","Finisher"],"picked":"SKIP","floor":25}],"player_experience":7731,"relics_obtained":[{"floor":6,"key":"Vajra"},{"floor":9,"key":"Ninja Scroll"},{"floor":23,"key":"Nunchaku"},{"floor":26,"key":"Snake Skull"}],"event_choices":[{"damage_healed":0,"gold_gain":0,"player_choice":"Upgraded","damage_taken":0,"max_hp_gain":0,"max_hp_loss":0,"event_name":"Upgrade Shrine","floor":3,"gold_loss":0,"cards_upgraded":["Neutralize"]},{"damage_healed":0,"gold_gain":0,"player_choice":"Gave Potion","damage_taken":0,"relics_obtained":["Juzu Bracelet"],"max_hp_gain":0,"max_hp_loss":0,"event_name":"WeMeetAgain","floor":8,"gold_loss":0},{"damage_healed":0,"gold_gain":77,"player_choice":"Gained Gold","damage_taken":0,"max_hp_gain":0,"max_hp_loss":0,"event_name":"Golden Wing","floor":11,"gold_loss":0}],"is_beta":false,"boss_relics":[{"not_picked":["HoveringKite","Velvet Choker"],"picked":"White Beast Statue"}],"items_purged_floors":[20,22],"is_endless":false,"potions_floor_spawned":[2,4,6,7,13,18,19,21,23,25],"killed_by":"Snecko","ascension_level":0}