{"gold_per_floor":[114,125,125,140,158,158,174,193,219,219,236,236,236,266,266,365,365,380,380,27,45,57,87,87,87,87,106,106,140,150,50,50,146,196,211,1210,1210,1223,615,615,634,634,634,484,484,484,11,29,29,29,29,29,29,62,62],"floor_reached":55,"playtime":4250,"items_purged":["Strike_G","Writhe","Strike_G","Strike_G","Strike_G"],"score":837,"play_id":"1976aee4-a261-4172-8c25-e97f097101e0","local_time":"20181118152017","is_ascension_mode":false,"campfire_choices":[{"data":"Neutralize","floor":6,"key":"SMITH"},{"data":"Skewer","floor":10,"key":"SMITH"},{"data":"Dash","floor":13,"key":"SMITH"},{"floor":15,"key":"REST"},{"floor":24,"key":"REST"},{"data":"Calculated Gamble","floor":28,"key":"SMITH"},{"floor":32,"key":"REST"},{"data":"Noxious Fumes","floor":40,"key":"SMITH"},{"data":"Chrysalis","floor":42,"key":"SMITH"},{"data":"Burst","floor":45,"key":"SMITH"},{"floor":49,"key":"RECALL"},{"data":"Malaise","floor":52,"key":"SMITH"}],"neow_cost":"NONE","seed_source_timestamp":401547988200610,"circlet_count":0,"master_deck":["Defend_G+1","Defend_G","Defend_G+1","Defend_G","Defend_G","Strike_G","Survivor","Neutralize+1","Leg Sweep+1","PiercingWail","Skewer+1","Dash+1","Deadly Poison+1","Prepared","Malaise+1","Calculated Gamble+1","RitualDagger","Blur","Caltrops+1","Dagger Spray+1","Blur","Flechettes","Prepared+1","Burst+1","PiercingWail","Blur+1","Noxious Fumes+1","Chrysalis+1","Setup","Crippling Poison","Catalyst+1","Backstab","PiercingWail","Escape Plan+1","Concentrate"],"relics":["Ring of the Snake","Vajra","Darkstone Periapt","Runic Pyramid","TwistedFunnel","Happy Flower","Bag of Preparation","Bottled Flame","Regal Pillow","Tiny House","Lantern","Strange Spoon","War Paint"],"potions_floor_usage":[8,22,33,33,33,50,55,55,55,55,55],"damage_taken":[{"damage":3,"enemies":"Jaw Worm","floor":1,"turns":6},{"damage":0,"enemies":"Small Slimes","floor":2,"turns":5},{"damage":0,"enemies":"2 Louse","floor":4,"turns":2},{"damage":1,"enemies":"2 Fungi Beasts","floor":5,"turns":5},{"damage":0,"enemies":"Looter","floor":7,"turns":4},{"damage":0,"enemies":"Gremlin Gang","floor":8,"turns":6},{"damage":0,"enemies":"Exordium Thugs","floor":11,"turns":5},{"damage":30,"enemies":"Lagavulin","floor":14,"turns":8},{"damage":35,"enemies":"Slime Boss","floor":16,"turns":17},{"damage":5,"enemies":"3 Byrds","floor":18,"turns":8},{"damage":0,"enemies":"Spheric Guardian","floor":21,"turns":4},{"damage":3,"enemies":"Snake Plant","floor":22,"turns":4},{"damage":40,"enemies":"Book of Stabbing","floor":23,"turns":7},{"damage":0,"enemies":"Centurion and Healer","floor":27,"turns":8},{"damage":0,"enemies":"Gremlin Leader","floor":29,"turns":7},{"damage":10,"enemies":"Cultist and Chosen","floor":30,"turns":5},{"damage":31,"enemies":"Champ","floor":33,"turns":20},{"damage":1,"enemies":"3 Darklings","floor":35,"turns":5},{"damage":0,"enemies":"3 Shapes","floor":38,"turns":7},{"damage":0,"enemies":"3 Darklings","floor":41,"turns":4},{"damage":0,"enemies":"Jaw Worm Horde","floor":48,"turns":2},{"damage":41,"enemies":"Awakened One","floor":50,"turns":11},{"damage":32,"enemies":"Shield and Spear","floor":54,"turns":9},{"damage":98,"enemies":"The Heart","floor":55,"turns":8}],"seed_played":"6284874022532787020","potions_obtained":[{"floor":1,"key":"Weak Potion"},{"floor":2,"key":"Energy Potion"},{"floor":4,"key":"Dexterity Potion"},{"floor":16,"key":"FairyPotion"},{"floor":18,"key":"LiquidBronze"},{"floor":22,"key":"GhostInAJar"},{"floor":29,"key":"LiquidBronze"},{"floor":33,"key":"Explosive Potion"},{"floor":34,"key":"Block Potion"},{"floor":35,"key":"EntropicBrew"}],"is_trial":false,"path_per_floor":["M","M","?","M","M","R","M","M","T","R","M","?","R","E","R","B",null,"M","?","$","M","M","E","R","?","T","M","R","E","M","$","R","B",null,"M","?","?","M","$","R","M","R","T","$","R","?","$","M","R","B",null,"R","$","E","B"],"character_chosen":"THE_SILENT","items_purchased":["TwistedFunnel","Blur","Chrysalis","Lantern","Setup","Crippling Poison","Dexterity Potion","Strange Spoon","Backstab","PiercingWail"],"campfire_rested":3,"item_purchase_floors":[20,20,39,39,39,39,39,47,47,47],"current_hp_per_floor":[74,74,79,79,78,78,78,78,78,78,78,78,78,48,72,37,82,77,71,71,71,68,28,52,58,58,58,58,58,48,48,88,57,93,92,104,104,104,104,104,104,104,104,104,104,104,104,104,104,63,105,105,105,73,0],"gold":62,"neow_bonus":"TEN_PERCENT_HP_BONUS","is_prod":false,"is_daily":false,"chose_seed":false,"campfire_upgraded":8,"win_rate":0,"timestamp":1542572417,"path_taken":["M","M","?","M","M","R","M","M","T","R","M","?","R","E","R","BOSS","M","?","$","M","M","E","R","?","T","M","R","E","M","$","R","BOSS","M","?","?","M","$","R","?","R","T","?","R","?","$","?","R","BOSS","R","$","E","BOSS"],"build_version":"2018-11-15","purchased_purges":5,"victory":false,"max_hp_per_floor":[77,77,82,82,82,82,82,82,82,82,82,82,82,82,82,82,82,82,82,82,82,82,82,82,88,88,88,88,88,88,88,88,88,93,93,105,105,105,105,105,105,105,105,105,105,105,105,105,105,105,105,105,105,105,105],"card_choices":[{"not_picked":["Slice","Prepared"],"picked":"Leg Sweep","floor":1},{"not_picked":["Deflect","Prepared"],"picked":"PiercingWail","floor":2},{"not_picked":["Dodge and Roll","Deflect"],"picked":"Skewer","floor":4},{"not_picked":["Concentrate","Flying Knee"],"picked":"Dash","floor":5},{"not_picked":["Eviscerate","Catalyst"],"picked":"Deadly Poison","floor":7},{"not_picked":["Underhanded Strike","Masterful Stab"],"picked":"Prepared","floor":8},{"not_picked":["Bane","Unload","Blade Dance"],"picked":"SKIP","floor":11},{"not_picked":["Blade Dance","Expertise","Flying Knee"],"picked":"SKIP","floor":14},{"not_picked":["Corpse Explosion","Glass Knife"],"picked":"Malaise","floor":16},{"not_picked":["Deflect","Flying Knee+1"],"picked":"Calculated Gamble","floor":18},{"not_picked":["Backflip+1","Masterful Stab"],"picked":"Caltrops+1","floor":21},{"not_picked":["Blade Dance+1","Underhanded Strike"],"picked":"Dagger Spray+1","floor":22},{"not_picked":["Bane","Terror"],"picked":"Blur","floor":23},{"not_picked":["Finisher","Blade Dance+1","Deadly Poison"],"picked":"SKIP","floor":27},{"not_picked":["PiercingWail+1","Escape Plan"],"picked":"Flechettes","floor":29},{"not_picked":["Dodge and Roll","Flying Knee"],"picked":"Prepared+1","floor":30},{"not_picked":["Wraith Form v2","Malaise"],"picked":"Burst","floor":33},{"not_picked":["Poisoned Stab","Deadly Poison+1"],"picked":"PiercingWail","floor":34},{"not_picked":["Poisoned Stab+1","Heel Hook"],"picked":"Blur+1","floor":35},{"not_picked":["Dagger Throw+1","Deadly Poison"],"picked":"Noxious Fumes","floor":38},{"not_picked":["Deflect","Blade Dance+1"],"picked":"Catalyst+1","floor":41},{"not_picked":["Dodge and Roll","Flying Knee"],"picked":"Escape Plan+1","floor":48},{"not_picked":["Sucker Punch","Heel Hook+1"],"picked":"Concentrate","floor":54}],"player_experience":2353989,"relics_obtained":[{"floor":9,"key":"Vajra"},{"floor":14,"key":"Darkstone Periapt"},{"floor":23,"key":"Happy Flower"},{"floor":26,"key":"Bottled Flame"},{"floor":29,"key":"Regal Pillow"},{"floor":54,"key":"War Paint"}],"event_choices":[{"damage_healed":0,"gold_gain":0,"player_choice":"Donut","damage_taken":0,"max_hp_gain":5,"max_hp_loss":0,"event_name":"Big Fish","floor":3,"gold_loss":0},{"damage_healed":0,"gold_gain":0,"player_choice":"Grow","damage_taken":0,"max_hp_gain":0,"max_hp_loss":0,"event_name":"Living Wall","floor":12,"gold_loss":0,"cards_upgraded":["Leg Sweep"]},{"damage_healed":0,"gold_gain":0,"player_choice":"Joined the Cult","damage_taken":6,"max_hp_gain":0,"max_hp_loss":0,"event_name":"Nest","floor":19,"gold_loss":0,"cards_obtained":["RitualDagger"]},{"damage_healed":0,"gold_gain":0,"player_choice":"Opened","damage_taken":0,"relics_obtained":["Bag of Preparation"],"max_hp_gain":0,"max_hp_loss":0,"event_name":"The Mausoleum","floor":25,"gold_loss":0,"cards_obtained":["Writhe"]},{"damage_healed":0,"gold_gain":999,"player_choice":"Gold","damage_taken":0,"max_hp_gain":0,"max_hp_loss":0,"event_name":"MindBloom","floor":36,"gold_loss":0,"cards_obtained":["Normality","Normality"]},{"cards_removed":["Normality","Normality"],"damage_healed":0,"gold_gain":0,"player_choice":"Removed Curses","damage_taken":0,"max_hp_gain":0,"max_hp_loss":0,"event_name":"Fountain of Cleansing","floor":37,"gold_loss":0},{"damage_healed":0,"gold_gain":0,"player_choice":"Ignored","damage_taken":0,"max_hp_gain":0,"max_hp_loss":0,"event_name":"SecretPortal","floor":46,"gold_loss":0}],"is_beta":false,"boss_relics":[{"not_picked":["Orrery","Black Star"],"picked":"Runic Pyramid"},{"not_picked":["Lizard Tail","Empty Cage"],"picked":"Tiny House"}],"items_purged_floors":[20,31,39,44,47],"is_endless":false,"potions_floor_spawned":[1,2,4,16,18,21,22,29,33,35],"killed_by":"The Heart","ascension_level":0}