{"gold_per_floor":[209,229,239,239,29,29,61,71,71,71,90,107,32,66,66,145,145,165,165,90,90,67,67,96,112,112,0,0,11,11,11],"floor_reached":31,"playtime":9279,"items_purged":[],"score":504,"play_id":"e2221631-e9c4-4e54-9dde-da532279a9fe","local_time":"20181111211231","is_ascension_mode":true,"campfire_choices":[{"data":"Footwork","floor":6,"key":"SMITH"},{"floor":10,"key":"REST"},{"floor":15,"key":"REST"},{"floor":23,"key":"REST"},{"floor":28,"key":"REST"}],"neow_cost":"NONE","seed_source_timestamp":607612355048856,"circlet_count":0,"master_deck":["AscendersBane","Defend_G","Defend_G","Defend_G","Defend_G","Defend_G","Strike_G","Strike_G","Strike_G","Survivor","Neutralize","Footwork+1","Escape Plan","Noxious Fumes+1","Footwork+1","Catalyst","Dagger Spray","Backstab","Night Terror","Calculated Gamble","PiercingWail","Backstab","Backflip+1","Deflect","Dodge and Roll"],"relics":["Ring of the Serpent","DollysMirror","Ancient Tea Set","Vajra","Shuriken","Dream Catcher","Pear"],"potions_floor_usage":[7,7,14,14,24,31],"damage_taken":[{"damage":0,"enemies":"2 Louse","floor":1,"turns":5},{"damage":0,"enemies":"Small Slimes","floor":2,"turns":5},{"damage":1,"enemies":"Cultist","floor":3,"turns":4},{"damage":11,"enemies":"3 Sentries","floor":7,"turns":6},{"damage":3,"enemies":"Blue Slaver","floor":8,"turns":6},{"damage":1,"enemies":"Looter","floor":11,"turns":4},{"damage":1,"enemies":"Exordium Thugs","floor":12,"turns":5},{"damage":50,"enemies":"Gremlin Nob","floor":14,"turns":6},{"damage":29,"enemies":"The Guardian","floor":16,"turns":12},{"damage":8,"enemies":"Chosen","floor":18,"turns":6},{"damage":9,"enemies":"2 Thieves","floor":22,"turns":4},{"damage":36,"enemies":"Book of Stabbing","floor":24,"turns":7},{"damage":8,"enemies":"Snake Plant","floor":25,"turns":7},{"damage":36,"enemies":"3 Cultists","floor":29,"turns":8},{"damage":4,"enemies":"Centurion and Healer","floor":31,"turns":2}],"seed_played":"5256130272380414530","potions_obtained":[{"floor":2,"key":"AttackPotion"},{"floor":3,"key":"Poison Potion"},{"floor":8,"key":"AttackPotion"},{"floor":12,"key":"PowerPotion"},{"floor":16,"key":"LiquidBronze"},{"floor":29,"key":"Weak Potion"}],"is_trial":false,"path_per_floor":["M","M","M","?","$","R","E","M","T","R","M","M","?","E","R","B",null,"M","?","?","?","M","R","E","M","T","?","R","M","$","M"],"character_chosen":"THE_SILENT","items_purchased":["DollysMirror"],"campfire_rested":4,"item_purchase_floors":[5],"current_hp_per_floor":[59,59,58,58,58,58,47,44,44,63,62,61,61,11,30,1,50,42,42,42,42,33,52,16,8,18,18,40,4,4,0],"gold":11,"neow_bonus":"HUNDRED_GOLD","is_prod":false,"is_daily":false,"chose_seed":false,"campfire_upgraded":1,"win_rate":0,"timestamp":1541988751,"path_taken":["M","M","M","?","$","R","E","M","T","R","M","M","?","E","R","BOSS","M","?","?","?","M","R","E","?","T","?","R","M","$","M"],"build_version":"2018-11-08","purchased_purges":0,"victory":false,"max_hp_per_floor":[66,66,66,66,66,66,66,66,66,66,66,66,66,66,66,66,66,66,66,66,66,66,66,66,66,76,76,76,76,76,76],"card_choices":[{"not_picked":["Prepared","Bane"],"picked":"Footwork","floor":1},{"not_picked":["Deadly Poison","Flechettes"],"picked":"Escape Plan","floor":2},{"not_picked":["Sucker Punch","Outmaneuver"],"picked":"Noxious Fumes","floor":3},{"not_picked":["Flying Knee","Backflip"],"picked":"Catalyst","floor":7},{"not_picked":["Cloak And Dagger","Deadly Poison","Corpse Explosion"],"picked":"SKIP","floor":8},{"not_picked":["Leg Sweep","Underhanded Strike"],"picked":"Dagger Spray","floor":11},{"not_picked":["Dodge and Roll","Deflect"],"picked":"Backstab","floor":12},{"not_picked":["Prepared","Dagger Throw","Cloak And Dagger"],"picked":"SKIP","floor":14},{"not_picked":["Storm of Steel","Tools of the Trade"],"picked":"Night Terror","floor":16},{"not_picked":["All Out Attack","Endless Agony"],"picked":"Calculated Gamble","floor":18},{"not_picked":["Calculated Gamble","Flying Knee"],"picked":"PiercingWail","floor":22},{"not_picked":["Riddle With Holes","Acrobatics"],"picked":"Backstab","floor":24},{"not_picked":["Dodge and Roll","Crippling Poison"],"picked":"Backflip+1","floor":25},{"not_picked":["Sucker Punch","Underhanded Strike+1"],"picked":"Deflect","floor":28},{"not_picked":["Acrobatics","Poisoned Stab"],"picked":"Dodge and Roll","floor":29}],"player_experience":2206721,"relics_obtained":[{"floor":7,"key":"Ancient Tea Set"},{"floor":9,"key":"Vajra"},{"floor":14,"key":"Shuriken"},{"floor":24,"key":"Dream Catcher"},{"floor":26,"key":"Pear"}],"event_choices":[{"damage_healed":0,"gold_gain":0,"player_choice":"Grow","damage_taken":0,"max_hp_gain":0,"max_hp_loss":0,"event_name":"Living Wall","floor":4,"gold_loss":0,"cards_upgraded":["Noxious Fumes"]},{"cards_removed":["Strike_G"],"damage_healed":0,"gold_gain":0,"player_choice":"Card Removal","damage_taken":0,"max_hp_gain":0,"max_hp_loss":0,"event_name":"The Cleric","floor":13,"gold_loss":75},{"damage_healed":0,"gold_gain":0,"player_choice":"Ignored","damage_taken":0,"max_hp_gain":0,"max_hp_loss":0,"event_name":"Vampires","floor":19,"gold_loss":0},{"cards_removed":["Strike_G"],"damage_healed":0,"gold_gain":0,"player_choice":"Gave Gold","damage_taken":0,"max_hp_gain":0,"max_hp_loss":0,"event_name":"Beggar","floor":20,"gold_loss":75},{"damage_healed":0,"gold_gain":0,"player_choice":"Upgraded","damage_taken":0,"max_hp_gain":0,"max_hp_loss":0,"event_name":"Upgrade Shrine","floor":21,"gold_loss":0,"cards_upgraded":["Footwork"]},{"damage_healed":0,"gold_gain":0,"player_choice":"Paid Fearfully","damage_taken":0,"max_hp_gain":0,"max_hp_loss":0,"event_name":"Masked Bandits","floor":27,"gold_loss":112}],"is_beta":false,"boss_relics":[{"not_picked":["Tiny House","Pandora\u0027s Box"],"picked":"Ring of the Serpent"}],"items_purged_floors":[],"is_endless":false,"potions_floor_spawned":[2,3,8,12,16,29],"killed_by":"Centurion and Healer","ascension_level":18}