{"gold_per_floor":[116,130,146,162,177,177,159,159,159,174,188,199,169,181,181,181],"floor_reached":16,"playtime":2544,"items_purged":[],"score":100,"play_id":"77b5d4e0-8ded-48c4-a32a-15a605cef6d3","local_time":"20190709085204","is_ascension_mode":false,"campfire_choices":[{"floor":6,"key":"REST"},{"floor":15,"key":"REST"}],"neow_cost":"NONE","seed_source_timestamp":6761075137710,"circlet_count":0,"master_deck":["Strike_R","Strike_R","Strike_R","Strike_R","Strike_R","Defend_R","Defend_R","Defend_R","Defend_R","Bash+1","Intimidate","Shockwave","Shrug It Off","Cleave","Rage","Rupture","Body Slam","Barricade","Combust","Twin Strike","Body Slam"],"relics":["Burning Blood","Sundial"],"potions_floor_usage":[16],"damage_taken":[{"damage":12,"enemies":"2 Louse","floor":1,"turns":3},{"damage":8,"enemies":"Cultist","floor":2,"turns":5},{"damage":3,"enemies":"Jaw Worm","floor":3,"turns":3},{"damage":5,"enemies":"2 Fungi Beasts","floor":4,"turns":5},{"damage":20,"enemies":"Large Slime","floor":5,"turns":13},{"damage":0,"enemies":"Exordium Thugs","floor":7,"turns":4},{"damage":1,"enemies":"Blue Slaver","floor":10,"turns":6},{"damage":7,"enemies":"Large Slime","floor":11,"turns":7},{"damage":37,"enemies":"Exordium Thugs","floor":12,"turns":12},{"damage":10,"enemies":"Looter","floor":13,"turns":4},{"damage":32,"enemies":"Gremlin Gang","floor":14,"turns":5},{"damage":47,"enemies":"Hexaghost","floor":16,"turns":12}],"seed_played":"-5075576521281399962","potions_obtained":[{"floor":3,"key":"Fire Potion"},{"floor":4,"key":"Swift Potion"},{"floor":5,"key":"Swift Potion"},{"floor":7,"key":"SkillPotion"}],"is_trial":false,"path_per_floor":["M","M","M","M","M","R","M","?","T","M","M","M","M","M","R","B"],"character_chosen":"IRONCLAD","items_purchased":[],"campfire_rested":2,"item_purchase_floors":[],"current_hp_per_floor":[74,72,75,76,62,80,80,80,80,80,79,48,44,18,42,0],"gold":181,"neow_bonus":"UPGRADE_CARD","is_prod":false,"is_daily":false,"chose_seed":false,"campfire_upgraded":0,"win_rate":0.0,"timestamp":1562655124,"path_taken":["M","M","M","M","M","R","M","?","T","M","M","M","?","M","R","BOSS"],"build_version":"2019-07-05","purchased_purges":0,"victory":false,"max_hp_per_floor":[80,80,80,80,80,80,80,80,80,80,80,80,80,80,80,80],"card_choices":[{"not_picked":["Clash","Dual Wield"],"picked":"Intimidate","floor":1},{"not_picked":["Blood for Blood","Fire Breathing"],"picked":"Shockwave","floor":2},{"not_picked":["Pommel Strike","Perfected Strike"],"picked":"Shrug It Off","floor":3},{"not_picked":["Pummel","Bloodletting"],"picked":"Cleave","floor":4},{"not_picked":["Clothesline","Perfected Strike"],"picked":"Rage","floor":5},{"not_picked":["Disarm","Dropkick"],"picked":"Rupture","floor":7},{"not_picked":["Pummel","Burning Pact"],"picked":"Body Slam","floor":10},{"not_picked":["Iron Wave","Anger"],"picked":"Barricade","floor":11},{"not_picked":["Thunderclap","Twin Strike"],"picked":"Combust","floor":12},{"not_picked":["Clothesline","Perfected Strike"],"picked":"Twin Strike","floor":13},{"not_picked":["Intimidate","Perfected Strike"],"picked":"Body Slam","floor":14}],"player_experience":4396,"relics_obtained":[{"floor":9,"key":"Sundial"}],"event_choices":[{"damage_healed":0,"gold_gain":0,"player_choice":"Bought 0 Potions","damage_taken":0,"max_hp_gain":0,"max_hp_loss":0,"event_name":"The Woman in Blue","floor":8,"gold_loss":0}],"is_beta":false,"boss_relics":[],"items_purged_floors":[],"is_endless":false,"potions_floor_spawned":[3,4,5,7],"killed_by":"Hexaghost","ascension_level":0}