{"gold_per_floor":[14,24,24,24,24,24,44,44,44,44,44,72,72,90,90,164,164,141,141,159,171,221,221,221],"floor_reached":24,"playtime":1153,"items_purged":[],"score":372,"play_id":"aba436a8-3e74-412c-8cba-4e3b65a45aa8","local_time":"20190409152035","is_ascension_mode":true,"campfire_choices":[{"data":"Loop","floor":6,"key":"SMITH"},{"data":"Defragment","floor":8,"key":"SMITH"},{"data":"Coolheaded","floor":11,"key":"SMITH"},{"floor":13,"key":"DIG"},{"floor":15,"key":"DIG"},{"floor":23,"key":"REST"}],"neow_cost":"NO_GOLD","seed_source_timestamp":395872207999403,"circlet_count":0,"master_deck":["AscendersBane","Strike_B","Strike_B","Defend_B","Defend_B","Defend_B","Defend_B","Zap","Dualcast","Defragment+1","Loop+1","Steam","Coolheaded+1","Redo","Seek","Writhe","Capacitor","Conserve Battery"],"relics":["Cracked Core","Regal Pillow","Shuriken","Shovel","Darkstone Periapt","Pantograph","Sozu","Emotion Chip"],"potions_floor_usage":[10,16,16],"damage_taken":[{"damage":1,"enemies":"Cultist","floor":1,"turns":3},{"damage":0,"enemies":"2 Louse","floor":2,"turns":3},{"damage":0,"enemies":"Small Slimes","floor":7,"turns":3},{"damage":5,"enemies":"Gremlin Gang","floor":10,"turns":3},{"damage":6,"enemies":"Lagavulin","floor":12,"turns":9},{"damage":7,"enemies":"Large Slime","floor":14,"turns":5},{"damage":19,"enemies":"The Guardian","floor":16,"turns":18},{"damage":21,"enemies":"2 Thieves","floor":18,"turns":4},{"damage":19,"enemies":"Chosen","floor":20,"turns":5},{"damage":35,"enemies":"Snake Plant","floor":21,"turns":4},{"damage":62,"enemies":"Gremlin Leader","floor":24,"turns":4}],"seed_played":"-2904483362327118483","potions_obtained":[{"floor":1,"key":"SmokeBomb"},{"floor":12,"key":"Block Potion"},{"floor":14,"key":"SpeedPotion"}],"is_trial":false,"path_per_floor":["M","M","?","?","?","R","M","R","T","M","R","E","R","M","R","B",null,"M","?","M","M","?","R","E"],"character_chosen":"DEFECT","items_purchased":[],"campfire_rested":1,"item_purchase_floors":[],"current_hp_per_floor":[63,63,63,58,81,81,81,81,81,76,76,70,70,63,63,62,76,55,61,42,7,7,48,0],"gold":221,"neow_bonus":"TRANSFORM_TWO_CARDS","is_prod":false,"is_daily":false,"chose_seed":false,"campfire_upgraded":3,"win_rate":0,"timestamp":1554837635,"path_taken":["M","M","?","?","?","R","M","R","T","M","R","E","R","?","R","BOSS","M","?","M","M","?","R","E"],"build_version":"2019-01-23","purchased_purges":0,"victory":false,"max_hp_per_floor":[71,71,71,71,81,81,81,81,81,81,81,81,81,81,81,81,81,81,87,87,87,87,87,87],"card_choices":[{"not_picked":["Compile Driver","Steam"],"picked":"Loop","floor":1},{"not_picked":["Turbo","Scrape"],"picked":"Steam","floor":2},{"not_picked":["Gash","Hello World"],"picked":"Coolheaded","floor":7},{"not_picked":["Fission","Sweeping Beam"],"picked":"Redo","floor":12},{"not_picked":["Coolheaded","Ball Lightning","Hologram"],"picked":"SKIP","floor":14},{"not_picked":["Machine Learning","Amplify"],"picked":"Seek","floor":16},{"not_picked":["Recycle","Steam Power+1","Sweeping Beam"],"picked":"SKIP","floor":18},{"not_picked":["Recycle","Steam Power+1","Sweeping Beam"],"picked":"SKIP","floor":18},{"not_picked":["Compile Driver","Consume"],"picked":"Capacitor","floor":20},{"not_picked":["Streamline","Fusion"],"picked":"Conserve Battery","floor":21}],"player_experience":3323450,"relics_obtained":[{"floor":9,"key":"Shuriken"},{"floor":12,"key":"Shovel"},{"floor":13,"key":"Darkstone Periapt"},{"floor":15,"key":"Pantograph"}],"event_choices":[{"damage_healed":0,"gold_gain":0,"player_choice":"Leave","damage_taken":0,"max_hp_gain":0,"max_hp_loss":0,"event_name":"The Cleric","floor":3,"gold_loss":0},{"damage_healed":0,"gold_gain":0,"player_choice":"Success","damage_taken":5,"relics_obtained":["Regal Pillow"],"max_hp_gain":0,"max_hp_loss":0,"event_name":"Scrap Ooze","floor":4,"gold_loss":0},{"cards_removed":["Meteor Strike"],"damage_healed":13,"gold_gain":0,"player_choice":"Offered Rare","damage_taken":0,"max_hp_gain":10,"max_hp_loss":0,"event_name":"Bonfire Elementals","floor":5,"gold_loss":0},{"damage_healed":0,"gold_gain":0,"player_choice":"Opened","damage_taken":0,"relics_obtained":["Emotion Chip"],"max_hp_gain":0,"max_hp_loss":0,"event_name":"The Mausoleum","floor":19,"gold_loss":0,"cards_obtained":["Writhe"]},{"damage_healed":0,"gold_gain":50,"player_choice":"Stole From Cult","damage_taken":0,"max_hp_gain":0,"max_hp_loss":0,"event_name":"Nest","floor":22,"gold_loss":0}],"is_beta":false,"boss_relics":[{"not_picked":["Astrolabe","Cursed Key"],"picked":"Sozu"}],"items_purged_floors":[],"is_endless":false,"potions_floor_spawned":[1,12,14,20],"killed_by":"Gremlin Leader","ascension_level":18}