{"gold_per_floor":[111,111,111,36,57,57,98,110,122,134,146,192,225,43,43,169,169,189,233,233,33,33,33,77,77,77,115,115,115,115,115,115,244,244,268,63,82,82,105,105,105,105,154,154,174,174,174,299,299,423,423,446,507,13,13,0,0,0,0,46,46,46,46,65,65,65,189,189,202,202,222,26,26,26,40,65,104,104,119,119,119,139,139,260,260,281,356,370,30,30,30,30,46,87,39,261,280,280,293,293,417,417,442,292,142,142,203,203,203,217,253,59,59,59,59,59,59,182,182,203,203,11,11,11,11,11,35,68,68,68,68,86,127,127,247,247,261,69,69,69,90,90,90,90,134,84,84,98,29,29,29,29],"floor_reached":152,"playtime":17611,"items_purged":["Strike_R","Writhe","Writhe"],"score":3992,"play_id":"5ac4c00f-8936-476c-a920-1375cf5f2a62","local_time":"20190716211028","daily_mods":["Allstar","Colorless Cards","Heirloom","Time Dilation","Flight"],"is_ascension_mode":true,"campfire_choices":[{"data":"Mind Blast","floor":6,"key":"SMITH"},{"data":"Dramatic Entrance","floor":8,"key":"SMITH"},{"data":"Heavy Blade","floor":10,"key":"SMITH"},{"data":"Discovery","floor":15,"key":"SMITH"},{"data":"Mind Blast","floor":23,"key":"SMITH"},{"data":"Apotheosis","floor":29,"key":"SMITH"},{"data":"Ghostly","floor":30,"key":"SMITH"},{"data":"Exhume","floor":32,"key":"SMITH"},{"data":"Ghostly","floor":40,"key":"SMITH"},{"data":"Ghostly","floor":41,"key":"SMITH"},{"data":"Ghostly","floor":42,"key":"SMITH"},{"data":"Ghostly","floor":46,"key":"SMITH"},{"data":"Warcry","floor":47,"key":"SMITH"},{"data":"Panacea","floor":49,"key":"SMITH"},{"data":"Limit Break","floor":57,"key":"SMITH"},{"data":"Master of Strategy","floor":58,"key":"SMITH"},{"data":"Impatience","floor":59,"key":"SMITH"},{"data":"Sadistic Nature","floor":61,"key":"SMITH"},{"data":"Defend_R","floor":66,"key":"SMITH"},{"data":"Feed","floor":74,"key":"SMITH"},{"data":"Mind Blast","floor":78,"key":"SMITH"},{"data":"Shrug It Off","floor":80,"key":"SMITH"},{"data":"Finesse","floor":81,"key":"SMITH"},{"data":"Exhume","floor":83,"key":"SMITH"},{"data":"Fiend Fire","floor":91,"key":"SMITH"},{"data":"Bloodletting","floor":92,"key":"SMITH"},{"data":"Reaper","floor":98,"key":"SMITH"},{"data":"Feed","floor":100,"key":"SMITH"},{"data":"Secret Weapon","floor":108,"key":"SMITH"},{"data":"Twin Strike","floor":113,"key":"SMITH"},{"data":"Flash of Steel","floor":115,"key":"SMITH"},{"data":"Flash of Steel","floor":117,"key":"SMITH"},{"data":"Battle Trance","floor":125,"key":"SMITH"},{"data":"Impervious","floor":126,"key":"SMITH"},{"floor":129,"key":"REST"},{"data":"Good Instincts","floor":134,"key":"SMITH"},{"data":"Secret Technique","floor":142,"key":"SMITH"},{"floor":143,"key":"REST"},{"data":"Disarm","floor":151,"key":"SMITH"}],"neow_cost":"","seed_source_timestamp":486945611592457,"circlet_count":2,"master_deck":["Strike_R+1","Strike_R+1","Strike_R+1","Defend_R+1","Defend_R+1","Defend_R+1","Defend_R+1","Bash+1","Dramatic Entrance+1","Impatience+1","Sadistic Nature+1","Mind Blast+1","Trip+1","Mind Blast+1","Heavy Blade+1","Warcry+1","Discovery+1","Exhume+1","Decay","Pain","Mind Blast+1","Bloodletting+1","Shame","Good Instincts+1","Apotheosis+1","Ghostly+1","Ghostly+1","Ghostly+1","Ghostly+1","Master of Strategy+1","Sword Boomerang+1","Flash of Steel+1","Panacea+1","Ghostly Armor+1","Limit Break+1","Warcry+1","Twin Strike+1","Entrench+1","Shrug It Off+1","Flash of Steel+1","Exhume+1","Finesse+1","Mind Blast+1","Feed+1","Shrug It Off+1","Pommel Strike+1","Fiend Fire+1","Body Slam+1","Defend_G+1","Reaper+1","True Grit+1","Feed+1","Secret Weapon+1","Twin Strike+1","Parasite","Impervious+1","Sword Boomerang+1","Feed+1","Battle Trance+1","Good Instincts+1","Secret Technique+1","Flash of Steel","Seeing Red+1","Disarm+1"],"relics":["Burning Blood","FossilizedHelix","Golden Idol","MawBank","Mercury Hourglass","War Paint","Strange Spoon","Calling Bell","Smiling Mask","Blue Candle","Torii","Red Mask","Vajra","Regal Pillow","Boot","Self Forming Clay","Bronze Scales","Mark of Pain","PreservedInsect","Art of War","Du-Vu Doll","Orrery","Charon\u0027s Ashes","Happy Flower","Shuriken","Bag of Preparation","Philosopher\u0027s Stone","Anchor","White Beast Statue","Ancient Tea Set","ClockworkSouvenir","Runic Cube","Oddly Smooth Stone","Potion Belt","Circlet","Lee\u0027s Waffle","Lizard Tail","DollysMirror","Champion Belt","Busted Crown","Sling"],"potions_floor_usage":[7,12,16,33,50,50,50,50,71,84,86,94,94,101,152,152,152],"damage_taken":[{"damage":0,"enemies":"Small Slimes","floor":1,"turns":2},{"damage":0,"enemies":"2 Louse","floor":5,"turns":1},{"damage":13,"enemies":"3 Sentries","floor":7,"turns":8},{"damage":0,"enemies":"Gremlin Nob","floor":12,"turns":3},{"damage":0,"enemies":"Cultist","floor":13,"turns":2},{"damage":55,"enemies":"Hexaghost","floor":16,"turns":10},{"damage":13,"enemies":"2 Thieves","floor":18,"turns":3},{"damage":1,"enemies":"Masked Bandits","floor":19,"turns":3},{"damage":22,"enemies":"Slavers","floor":24,"turns":3},{"damage":12,"enemies":"Gremlin Leader","floor":27,"turns":5},{"damage":26,"enemies":"Collector","floor":33,"turns":9},{"damage":6,"enemies":"3 Shapes","floor":35,"turns":6},{"damage":0,"enemies":"Orb Walker","floor":37,"turns":1},{"damage":4,"enemies":"Transient","floor":39,"turns":5},{"damage":0,"enemies":"Sphere and 2 Shapes","floor":45,"turns":2},{"damage":0,"enemies":"Mind Bloom Boss Battle","floor":48,"turns":2},{"damage":15,"enemies":"Donu and Deca","floor":50,"turns":10},{"damage":0,"enemies":"Jaw Worm","floor":52,"turns":1},{"damage":0,"enemies":"Cultist","floor":64,"turns":1},{"damage":1,"enemies":"Slime Boss","floor":67,"turns":2},{"damage":0,"enemies":"Spheric Guardian","floor":69,"turns":1},{"damage":0,"enemies":"3 Byrds","floor":71,"turns":3},{"damage":0,"enemies":"Centurion and Healer","floor":75,"turns":1},{"damage":0,"enemies":"Chosen and Byrds","floor":76,"turns":2},{"damage":0,"enemies":"Gremlin Leader","floor":77,"turns":1},{"damage":0,"enemies":"Snecko","floor":79,"turns":1},{"damage":1,"enemies":"Sentry and Sphere","floor":82,"turns":3},{"damage":0,"enemies":"Collector","floor":84,"turns":2},{"damage":3,"enemies":"3 Shapes","floor":86,"turns":4},{"damage":0,"enemies":"Orb Walker","floor":88,"turns":1},{"damage":0,"enemies":"4 Shapes","floor":93,"turns":1},{"damage":1,"enemies":"Giant Head","floor":94,"turns":4},{"damage":0,"enemies":"Spire Growth","floor":97,"turns":1},{"damage":0,"enemies":"Writhing Mass","floor":99,"turns":1},{"damage":3,"enemies":"Awakened One","floor":101,"turns":8},{"damage":0,"enemies":"Jaw Worm","floor":103,"turns":1},{"damage":0,"enemies":"2 Louse","floor":110,"turns":1},{"damage":0,"enemies":"3 Sentries","floor":111,"turns":1},{"damage":0,"enemies":"Slime Boss","floor":118,"turns":1},{"damage":0,"enemies":"Spheric Guardian","floor":120,"turns":1},{"damage":0,"enemies":"Shell Parasite","floor":127,"turns":1},{"damage":0,"enemies":"Slavers","floor":128,"turns":1},{"damage":0,"enemies":"Snake Plant","floor":132,"turns":1},{"damage":0,"enemies":"Masked Bandits","floor":133,"turns":1},{"damage":2,"enemies":"Automaton","floor":135,"turns":3},{"damage":2,"enemies":"Orb Walker","floor":137,"turns":1},{"damage":0,"enemies":"3 Shapes","floor":141,"turns":1},{"damage":0,"enemies":"Nemesis","floor":145,"turns":1},{"damage":3,"enemies":"3 Darklings","floor":148,"turns":1},{"damage":145,"enemies":"Time Eater","floor":152,"turns":8}],"seed_played":"-5831482146062589398","potions_obtained":[{"floor":1,"key":"Fruit Juice"},{"floor":7,"key":"AttackPotion"},{"floor":13,"key":"Energy Potion"},{"floor":19,"key":"Ancient Potion"},{"floor":27,"key":"GamblersBrew"},{"floor":37,"key":"Strength Potion"},{"floor":39,"key":"EntropicBrew"},{"floor":50,"key":"SkillPotion"},{"floor":71,"key":"Fruit Juice"},{"floor":75,"key":"SteroidPotion"},{"floor":84,"key":"FairyPotion"},{"floor":86,"key":"EssenceOfSteel"},{"floor":88,"key":"Fire Potion"},{"floor":93,"key":"PowerPotion"},{"floor":94,"key":"Fruit Juice"},{"floor":99,"key":"Fire Potion"},{"floor":101,"key":"Energy Potion"},{"floor":110,"key":"Weak Potion"},{"floor":111,"key":"Dexterity Potion"},{"floor":120,"key":"GamblersBrew"},{"floor":127,"key":"Energy Potion"},{"floor":141,"key":"Strength Potion"}],"is_trial":true,"path_per_floor":["M","?","?","$","M","R","E","R","T","R","?","E","M","$","R","B",null,"M","?","?","$","?","R","E","$","T","E","?","R","R","?","R","B",null,"M","$","M","?","M","R","R","R","T","?","M","R","R","?","R","B",null,"M","?","$","?","?","R","R","R","T","R","$","?","M","?","R","B",null,"M","?","M","$","?","R","M","M","E","R","M","R","R","M","R","B",null,"M","?","M","$","?","R","R","M","E","$","?","M","R","M","R","B",null,"M","$","$","?","?","R","?","M","E","$","R","$","R","?","R","B",null,"M","?","$","?","?","R","R","M","E","R","$","?","M","?","R","B",null,"M","$","$","?","M","R","R","?","E","$","?","M","$","?","R","B"],"character_chosen":"IRONCLAD","items_purchased":["Strange Spoon","Vajra","PreservedInsect","PowerPotion","Charon\u0027s Ashes","Happy Flower","Swift Potion","Feed","Shrug It Off","Ancient Tea Set","ClockworkSouvenir","Strength Potion","Oddly Smooth Stone","Potion Belt","Lee\u0027s Waffle","DollysMirror","Sling","Disarm"],"campfire_rested":2,"item_purchase_floors":[14,21,36,36,54,54,54,72,72,89,89,95,104,105,112,122,138,149],"current_hp_per_floor":[80,64,64,64,70,70,68,68,68,68,68,74,79,79,79,30,79,72,77,77,77,77,77,61,61,61,55,39,39,39,39,39,19,39,39,39,39,39,39,39,39,39,39,39,39,39,39,39,39,30,39,39,39,39,32,32,32,32,32,32,32,32,32,38,38,38,39,39,39,39,44,44,44,44,44,44,44,44,44,44,44,44,44,44,44,48,44,48,48,48,48,48,48,53,53,53,53,53,53,53,53,53,53,53,53,40,40,40,40,53,53,60,60,60,60,60,60,60,60,60,60,60,60,50,50,50,60,66,69,69,69,69,69,69,69,69,69,69,69,69,69,69,69,69,69,69,69,69,69,69,69,0],"gold":29,"neow_bonus":"","is_prod":false,"is_daily":false,"chose_seed":false,"campfire_upgraded":37,"win_rate":0,"timestamp":1563325828,"path_taken":["M","?","?","$","M","R","E","R","T","R","?","E","?","?","R","BOSS","M","?","?","$","?","R","E","$","T","E","?","R","R","?","R","BOSS","M","$","M","?","M","R","R","R","T","?","?","R","R","?","R","BOSS","M","?","$","?","?","R","R","R","T","R","?","?","?","?","R","BOSS","M","?","?","$","?","R","M","M","E","R","?","R","R","M","R","BOSS","M","?","?","$","?","R","R","?","E","?","?","M","R","M","R","BOSS","M","$","$","?","?","R","?","?","E","$","R","?","R","?","R","BOSS","M","?","$","?","?","R","R","?","E","R","$","?","M","?","R","BOSS","M","$","$","?","?","R","R","?","E","$","?","M","?","?","R","BOSS"],"build_version":"2019-07-05","purchased_purges":3,"victory":false,"max_hp_per_floor":[80,80,74,74,74,74,79,79,79,79,79,79,79,79,79,79,79,79,79,79,79,79,79,79,79,79,79,39,39,39,39,39,39,39,39,39,39,39,39,39,39,39,39,39,39,39,39,39,39,39,39,39,39,39,39,39,39,39,39,39,39,39,39,39,39,39,39,39,39,39,44,44,44,44,44,44,44,44,44,44,44,44,44,44,44,48,48,48,48,48,48,48,48,53,53,53,53,53,53,53,53,53,53,53,53,53,53,53,53,53,53,60,60,60,60,60,60,60,60,60,60,60,60,65,65,65,69,69,69,69,69,69,69,69,69,69,69,69,69,69,69,69,69,69,69,69,69,69,69,69,69,69],"card_choices":[{"not_picked":["Cleave","Pommel Strike"],"picked":"Mind Blast","floor":1},{"not_picked":["Body Slam","Sword Boomerang","Warcry"],"picked":"SKIP","floor":5},{"not_picked":["Violence","Evolve"],"picked":"Heavy Blade","floor":7},{"not_picked":["Heavy Blade","Carnage"],"picked":"Warcry","floor":12},{"not_picked":["Blood for Blood","PanicButton"],"picked":"Discovery","floor":13},{"not_picked":["Bludgeon","Chrysalis"],"picked":"Exhume","floor":16},{"not_picked":["Pommel Strike+1","Flame Barrier"],"picked":"Mind Blast","floor":18},{"not_picked":["Jack Of All Trades","Wild Strike"],"picked":"Bloodletting","floor":19},{"not_picked":["Enlightenment","Body Slam"],"picked":"Good Instincts","floor":24},{"not_picked":["Enlightenment","Perfected Strike+1"],"picked":"Apotheosis","floor":27},{"not_picked":["Offering","Apotheosis"],"picked":"Master of Strategy","floor":33},{"not_picked":["Clash+1","Warcry"],"picked":"Sword Boomerang+1","floor":35},{"not_picked":["Clash+1","Power Through"],"picked":"Flash of Steel","floor":37},{"not_picked":["Deep Breath","Discovery"],"picked":"Panacea","floor":38},{"not_picked":["Cleave+1","Discovery","Twin Strike+1"],"picked":"SKIP","floor":39},{"not_picked":["Clash+1","Headbutt","Perfected Strike"],"picked":"SKIP","floor":45},{"not_picked":["Madness+1","Clothesline+1"],"picked":"Ghostly Armor+1","floor":48},{"not_picked":["Apotheosis","Metamorphosis"],"picked":"Limit Break","floor":50},{"not_picked":["Wild Strike","Iron Wave"],"picked":"Warcry+1","floor":51},{"not_picked":["Armaments","Headbutt+1"],"picked":"Twin Strike+1","floor":51},{"not_picked":["Twin Strike","Cleave"],"picked":"Entrench+1","floor":51},{"not_picked":["Searing Blow","Havoc"],"picked":"Shrug It Off+1","floor":51},{"not_picked":["Uppercut","Twin Strike"],"picked":"Flash of Steel","floor":52},{"not_picked":["Body Slam","Perfected Strike","Anger"],"picked":"SKIP","floor":64},{"not_picked":["Brutality","Metamorphosis"],"picked":"Exhume","floor":67},{"not_picked":["Thunderclap","Fire Breathing+1"],"picked":"Finesse","floor":69},{"not_picked":["Twin Strike","Wild Strike"],"picked":"Mind Blast","floor":71},{"not_picked":["Dark Shackles","Enlightenment"],"picked":"Pommel Strike+1","floor":75},{"not_picked":["Dropkick","Anger+1","Havoc"],"picked":"SKIP","floor":76},{"not_picked":["Iron Wave","Pommel Strike","Armaments"],"picked":"SKIP","floor":77},{"not_picked":["Iron Wave","Pommel Strike","Armaments"],"picked":"SKIP","floor":77},{"not_picked":["Wild Strike","Anger","Mayhem"],"picked":"SKIP","floor":79},{"not_picked":["Flex","Trip","Havoc"],"picked":"SKIP","floor":82},{"not_picked":["Juggernaut","Limit Break"],"picked":"Fiend Fire","floor":84},{"not_picked":["Anger","Twin Strike","Armaments+1"],"picked":"SKIP","floor":86},{"not_picked":["Perfected Strike+1","Armaments"],"picked":"Body Slam+1","floor":88},{"not_picked":["Clash+1","Clothesline"],"picked":"Reaper","floor":93},{"not_picked":["Heavy Blade","Uppercut+1"],"picked":"True Grit+1","floor":94},{"not_picked":["Reckless Charge","Clothesline+1","Perfected Strike+1"],"picked":"SKIP","floor":97},{"not_picked":["Headbutt","Good Instincts+1"],"picked":"Feed","floor":99},{"not_picked":["Double Tap","Secret Technique"],"picked":"Secret Weapon","floor":101},{"not_picked":["Shockwave","Thunderclap","True Grit"],"picked":"SKIP","floor":103},{"not_picked":["Bloodletting","Blood for Blood","Pummel"],"picked":"SKIP","floor":110},{"not_picked":["Body Slam","Spot Weakness","Dual Wield"],"picked":"SKIP","floor":111},{"not_picked":["Body Slam","Spot Weakness","Dual Wield"],"picked":"SKIP","floor":111},{"not_picked":["Offering","Fiend Fire"],"picked":"Impervious","floor":118},{"not_picked":["True Grit","Heavy Blade"],"picked":"Sword Boomerang+1","floor":120},{"not_picked":["Armaments","True Grit","Flame Barrier"],"picked":"SKIP","floor":127},{"not_picked":["Purity","Rage","Magnetism"],"picked":"SKIP","floor":128},{"not_picked":["Pommel Strike+1","Headbutt+1","Rupture"],"picked":"SKIP","floor":132},{"not_picked":["Body Slam","Heavy Blade+1"],"picked":"Good Instincts","floor":133},{"not_picked":["Magnetism","Dark Embrace"],"picked":"Secret Technique","floor":135},{"not_picked":["Enlightenment+1"],"picked":"SKIP","floor":137},{"not_picked":["Thunderclap"],"picked":"SKIP","floor":141},{"not_picked":["Anger"],"picked":"SKIP","floor":145},{"not_picked":[],"picked":"Flash of Steel","floor":147},{"not_picked":[],"picked":"Seeing Red+1","floor":148}],"player_experience":3986620,"relics_obtained":[{"floor":7,"key":"MawBank"},{"floor":9,"key":"Mercury Hourglass"},{"floor":12,"key":"War Paint"},{"floor":17,"key":"Smiling Mask"},{"floor":17,"key":"Blue Candle"},{"floor":17,"key":"Torii"},{"floor":19,"key":"Red Mask"},{"floor":24,"key":"Boot"},{"floor":26,"key":"Self Forming Clay"},{"floor":27,"key":"Bronze Scales"},{"floor":43,"key":"Art of War"},{"floor":48,"key":"Du-Vu Doll"},{"floor":60,"key":"Bag of Preparation"},{"floor":133,"key":"Circlet"}],"event_choices":[{"damage_healed":0,"gold_gain":0,"player_choice":"Entered Light","damage_taken":16,"max_hp_gain":0,"max_hp_loss":0,"event_name":"Shining Light","floor":2,"gold_loss":0,"cards_upgraded":["Bash","Mind Blast"]},{"damage_healed":0,"gold_gain":0,"player_choice":"Lose Max HP","damage_taken":0,"relics_obtained":["Golden Idol"],"max_hp_gain":0,"max_hp_loss":6,"event_name":"Golden Idol","floor":3,"gold_loss":0},{"damage_healed":0,"gold_gain":0,"player_choice":"Upgraded","damage_taken":0,"max_hp_gain":0,"max_hp_loss":0,"event_name":"Upgrade Shrine","floor":11,"gold_loss":0,"cards_upgraded":["Trip"]},{"damage_healed":0,"gold_gain":0,"player_choice":"Fought Bandits","damage_taken":0,"max_hp_gain":0,"max_hp_loss":0,"event_name":"Masked Bandits","floor":19,"gold_loss":0},{"damage_healed":0,"gold_gain":0,"player_choice":"Ignored","damage_taken":0,"max_hp_gain":0,"max_hp_loss":0,"event_name":"Vampires","floor":20,"gold_loss":0},{"damage_healed":0,"gold_gain":0,"player_choice":"Stole Relic","damage_taken":0,"relics_obtained":["Regal Pillow"],"max_hp_gain":0,"max_hp_loss":0,"event_name":"Addict","floor":22,"gold_loss":0,"cards_obtained":["Shame"]},{"damage_healed":0,"gold_gain":0,"player_choice":"Became a Ghost","damage_taken":0,"max_hp_gain":0,"max_hp_loss":40,"event_name":"Ghosts","floor":28,"gold_loss":0,"cards_obtained":["Ghostly","Ghostly","Ghostly","Ghostly","Ghostly"]},{"damage_healed":0,"gold_gain":0,"player_choice":"Ignored","damage_taken":0,"max_hp_gain":0,"max_hp_loss":0,"event_name":"Cursed Tome","floor":31,"gold_loss":0},{"damage_healed":0,"gold_gain":0,"player_choice":"Memory 1","damage_taken":0,"max_hp_gain":0,"max_hp_loss":0,"event_name":"SensoryStone","floor":38,"gold_loss":0},{"damage_healed":0,"gold_gain":0,"player_choice":"Ignored","damage_taken":0,"max_hp_gain":0,"max_hp_loss":0,"event_name":"The Moai Head","floor":44,"gold_loss":0},{"damage_healed":0,"gold_gain":0,"player_choice":"Fight","damage_taken":0,"max_hp_gain":0,"max_hp_loss":0,"event_name":"MindBloom","floor":48,"gold_loss":0},{"damage_healed":0,"gold_gain":61,"player_choice":"Gained Gold","damage_taken":0,"max_hp_gain":0,"max_hp_loss":0,"event_name":"Golden Wing","floor":53,"gold_loss":0},{"damage_healed":0,"gold_gain":0,"player_choice":"Success","damage_taken":7,"relics_obtained":["Shuriken"],"max_hp_gain":0,"max_hp_loss":0,"event_name":"Scrap Ooze","floor":55,"gold_loss":0},{"damage_healed":0,"gold_gain":0,"player_choice":"Left Gold","damage_taken":0,"max_hp_gain":0,"max_hp_loss":0,"event_name":"World of Goop","floor":56,"gold_loss":13},{"damage_healed":0,"gold_gain":0,"player_choice":"Grow","damage_taken":0,"max_hp_gain":0,"max_hp_loss":0,"event_name":"Living Wall","floor":63,"gold_loss":0,"cards_upgraded":["Good Instincts"]},{"damage_healed":0,"gold_gain":0,"player_choice":"Ignored","damage_taken":0,"max_hp_gain":0,"max_hp_loss":0,"event_name":"Purifier","floor":65,"gold_loss":0},{"damage_healed":0,"gold_gain":0,"player_choice":"Gave Potion","damage_taken":0,"relics_obtained":["Anchor"],"max_hp_gain":0,"max_hp_loss":0,"event_name":"WeMeetAgain","floor":70,"gold_loss":0},{"damage_healed":0,"gold_gain":0,"player_choice":"Ignored","damage_taken":0,"max_hp_gain":0,"max_hp_loss":0,"event_name":"Transmorgrifier","floor":73,"gold_loss":0},{"damage_healed":0,"gold_gain":75,"player_choice":"Touch","damage_taken":4,"max_hp_gain":0,"max_hp_loss":0,"event_name":"FaceTrader","floor":87,"gold_loss":0},{"cards_removed":["Ghostly"],"damage_healed":0,"gold_gain":0,"player_choice":"Took Card","damage_taken":0,"max_hp_gain":0,"max_hp_loss":0,"event_name":"NoteForYourself","floor":90,"gold_loss":0,"cards_obtained":["Defend_G"]},{"damage_healed":0,"gold_gain":222,"player_choice":"Wore Mask","damage_taken":0,"max_hp_gain":0,"max_hp_loss":0,"event_name":"Tomb of Lord Red Mask","floor":96,"gold_loss":0},{"damage_healed":0,"gold_gain":0,"player_choice":"Take Damage","damage_taken":13,"relics_obtained":["Circlet"],"max_hp_gain":0,"max_hp_loss":0,"event_name":"Golden Idol","floor":106,"gold_loss":0},{"damage_healed":0,"gold_gain":61,"player_choice":"Gained Gold","damage_taken":0,"max_hp_gain":0,"max_hp_loss":0,"event_name":"Golden Wing","floor":107,"gold_loss":0},{"damage_healed":0,"gold_gain":0,"cards_transformed":["Strike_R"],"player_choice":"Transformed","damage_taken":0,"max_hp_gain":0,"max_hp_loss":0,"event_name":"Transmorgrifier","floor":109,"gold_loss":0,"cards_obtained":["Twin Strike"]},{"damage_healed":15,"gold_gain":0,"player_choice":"Healed and dodged fight","damage_taken":0,"max_hp_gain":0,"max_hp_loss":0,"event_name":"Mushrooms","floor":116,"gold_loss":0,"cards_obtained":["Parasite"]},{"damage_healed":0,"gold_gain":0,"player_choice":"Simplicity","damage_taken":0,"max_hp_gain":0,"max_hp_loss":0,"event_name":"Back to Basics","floor":121,"gold_loss":0,"cards_upgraded":["Strike_R","Strike_R","Strike_R","Defend_R","Defend_G"]},{"damage_healed":0,"gold_gain":0,"player_choice":"Read","damage_taken":0,"max_hp_gain":0,"max_hp_loss":0,"event_name":"The Library","floor":123,"gold_loss":0,"cards_obtained":["Battle Trance"]},{"damage_healed":0,"gold_gain":0,"player_choice":"Shed Blood","damage_taken":15,"max_hp_gain":5,"max_hp_loss":0,"event_name":"Forgotten Altar","floor":124,"gold_loss":0},{"damage_healed":0,"gold_gain":0,"player_choice":"Opened","damage_taken":0,"relics_obtained":["Champion Belt"],"max_hp_gain":0,"max_hp_loss":0,"event_name":"The Mausoleum","floor":131,"gold_loss":0,"cards_obtained":["Writhe"]},{"damage_healed":0,"gold_gain":0,"player_choice":"Fought Bandits","damage_taken":0,"max_hp_gain":0,"max_hp_loss":0,"event_name":"Masked Bandits","floor":133,"gold_loss":0},{"damage_healed":0,"gold_gain":0,"player_choice":"Ignored","damage_taken":0,"max_hp_gain":0,"max_hp_loss":0,"event_name":"SecretPortal","floor":140,"gold_loss":0},{"damage_healed":0,"gold_gain":0,"player_choice":"Bought 0 Potions","damage_taken":0,"max_hp_gain":0,"max_hp_loss":0,"event_name":"The Woman in Blue","floor":144,"gold_loss":0},{"damage_healed":0,"gold_gain":0,"player_choice":"Memory 1","damage_taken":0,"max_hp_gain":0,"max_hp_loss":0,"event_name":"SensoryStone","floor":147,"gold_loss":0},{"damage_healed":0,"gold_gain":0,"player_choice":"Ignored","damage_taken":0,"max_hp_gain":0,"max_hp_loss":0,"event_name":"The Moai Head","floor":150,"gold_loss":0}],"is_beta":false,"boss_relics":[{"not_picked":["Lizard Tail","Runic Pyramid"],"picked":"Calling Bell"},{"not_picked":["Black Blood","Empty Cage"],"picked":"Mark of Pain"},{"not_picked":["Coffee Dripper","Snecko Eye"],"picked":"Orrery"},{"not_picked":["Eternal Feather","Coffee Dripper"],"picked":"Philosopher\u0027s Stone"},{"not_picked":["Cursed Key","Fusion Hammer"],"picked":"White Beast Statue"},{"not_picked":["Pandora\u0027s Box","Runic Pyramid"],"picked":"Runic Cube"},{"not_picked":["Eternal Feather","Black Blood"],"picked":"Lizard Tail"},{"not_picked":["Runic Pyramid","Runic Dome"],"picked":"Busted Crown"}],"items_purged_floors":[4,21,146],"is_endless":true,"potions_floor_spawned":[1,7,13,19,27,37,39,45,50,69,71,75,84,86,88,93,94,97,99,101,103,110,111,118,120,127,128,132,133,135,137,141,145,148],"killed_by":"Time Eater","ascension_level":1}