{"path_per_floor":["M","M","?","M","$","R","?","R","T","$","R","M","M","M","R","B",null,"M","$","?","?","M","E","$","R","T","M","M","R","?","M","R","B",null,"M","$","M","?","M","R","?","R","T","M","M","M","R","M","R","B"],"character_chosen":"IRONCLAD","items_purchased":["Vajra","Anchor","Feel No Pain","Mercury Hourglass"],"gold_per_floor":[210,221,221,231,0,0,0,0,0,0,0,15,34,51,51,154,154,167,22,22,22,41,74,37,37,105,116,133,133,133,149,149,254,254,267,8,26,26,43,43,0,0,0,17,28,45,45,60,60,60],"floor_reached":51,"campfire_rested":1,"playtime":5163,"current_hp_per_floor":[75,74,79,85,85,85,85,85,85,85,85,85,83,74,74,34,85,85,85,85,85,85,58,58,58,58,73,77,77,61,67,67,36,85,84,84,85,85,81,81,81,81,81,85,85,72,72,63,85,62],"items_purged":["Strike_R"],"gold":60,"play_id":"0092f6c6-8451-43a3-bbaf-7de5779fec92","is_prod":false,"is_daily":false,"is_ascension_mode":false,"campfire_upgraded":10,"path_taken":["M","?","?","M","?","R","?","R","T","$","R","M","M","M","R","BOSS","M","$","?","?","?","E","?","R","T","M","?","R","?","M","R","BOSS","M","$","M","?","M","R","?","R","T","M","M","M","R","M","R","BOSS"],"build_version":"2018-02-01-PROD3","purchased_purges":1,"victory":true,"master_deck":["Defend_R","Defend_R","Defend_R","Defend_R","Bash+1","Thunderclap","Cleave+1","Body Slam+1","Sever Soul","Whirlwind+1","Battle Trance","Power Through+1","Corruption+1","Shockwave+1","True Grit+1","Seeing Red+1","Metallicize+1","Feel No Pain+1","Inflame+1","Spot Weakness+1","Immolate","Shrug It Off+1","Sentinel+1","Warcry+1","Demon Form","Shrug It Off+1"],"max_hp_per_floor":[80,80,85,85,85,85,85,85,85,85,85,85,85,85,85,85,85,85,85,85,85,85,85,85,85,85,85,85,85,85,85,85,85,85,85,85,85,85,85,85,85,85,85,85,85,85,85,85,85,85],"relics":["Burning Blood","Vajra","Ice Cream","Astrolabe","Anchor","Thread and Needle","Letter Opener","Nilry\u0027s Codex","Question Card","Mercury Hourglass","Red Mask","Champion Belt"],"card_choices":[{"not_picked":["Flex","Dual Wield"],"picked":"Thunderclap"},{"not_picked":["Headbutt","Flex"],"picked":"Cleave"},{"not_picked":["Combust","Intimidate"],"picked":"Body Slam"},{"not_picked":["Heavy Blade","Immolate"],"picked":"Whirlwind"},{"not_picked":["Heavy Blade","Wild Strike"],"picked":"Battle Trance"},{"not_picked":["Havoc","Armaments"],"picked":"True Grit"},{"not_picked":["Body Slam","Twin Strike"],"picked":"Metallicize"},{"not_picked":["Second Wind","Flex"],"picked":"Inflame"},{"not_picked":["Corruption","Sever Soul"],"picked":"Spot Weakness"},{"not_picked":["Bludgeon","Exhume"],"picked":"Immolate"},{"not_picked":["Armaments","Corruption","True Grit"],"picked":"Shrug It Off"},{"not_picked":["Corruption","Havoc","Reckless Charge"],"picked":"Sentinel"},{"not_picked":["Rupture","Armaments","Iron Wave"],"picked":"Warcry"},{"not_picked":["Sword Boomerang","Dual Wield","Sever Soul"],"picked":"Demon Form"},{"not_picked":["Feel No Pain","Clash","Cleave"],"picked":"Shrug It Off"}],"player_experience":619473,"potions_floor_usage":[16,16,27,28,33,33,33,39,50,50],"damage_taken":[{"damage":11,"enemies":"Blue Slaver","floor":1,"turns":8},{"damage":7,"enemies":"Jaw Worm","floor":2,"turns":5},{"damage":0,"enemies":"Small Slimes","floor":4,"turns":2},{"damage":0,"enemies":"3 Louse","floor":12,"turns":1},{"damage":8,"enemies":"Exordium Thugs","floor":13,"turns":2},{"damage":15,"enemies":"Looter","floor":14,"turns":3},{"damage":46,"enemies":"The Guardian","floor":16,"turns":9},{"damage":2,"enemies":"Chosen","floor":18,"turns":4},{"damage":5,"enemies":"3 Byrds","floor":22,"turns":4},{"damage":33,"enemies":"Gremlin Leader","floor":23,"turns":8},{"damage":0,"enemies":"Centurion and Healer","floor":27,"turns":4},{"damage":2,"enemies":"Snake Plant","floor":28,"turns":4},{"damage":0,"enemies":"Cultist and Chosen","floor":31,"turns":4},{"damage":37,"enemies":"Automaton","floor":33,"turns":9},{"damage":7,"enemies":"3 Darklings","floor":35,"turns":5},{"damage":0,"enemies":"Orb Walker","floor":37,"turns":4},{"damage":10,"enemies":"Sphere and 2 Shapes","floor":39,"turns":7},{"damage":0,"enemies":"3 Darklings","floor":44,"turns":1},{"damage":6,"enemies":"Maw","floor":45,"turns":8},{"damage":19,"enemies":"4 Shapes","floor":46,"turns":5},{"damage":15,"enemies":"3 Darklings","floor":48,"turns":3},{"damage":29,"enemies":"Time Eater","floor":50,"turns":12}],"event_choices":[{"event_name":"Big Fish","player_choice":"Donut","floor":3,"damage_taken":0},{"event_name":"Living Wall","player_choice":"Change","floor":7,"damage_taken":0},{"event_name":"Addict","player_choice":"Ignored","floor":20,"damage_taken":0},{"event_name":"The Library","player_choice":"Read","floor":21,"damage_taken":0},{"event_name":"Cursed Tome","player_choice":"Obtained Book","floor":30,"damage_taken":0},{"event_name":"Accursed Blacksmith","player_choice":"Forge","floor":38,"damage_taken":0},{"event_name":"Tomb of Lord Red Mask","player_choice":"Paid","floor":41,"damage_taken":0}],"boss_relics":[{"not_picked":["Orrery","Tiny House"],"picked":"Astrolabe"},{"not_picked":["Runic Cube","Pandora\u0027s Box"],"picked":"Question Card"}],"potions_floor_spawned":[13,14,16,18,23,27,28,35,46,48],"seed_played":"4088089044777119649","ascension_level":0,"is_trial":false}