{"gold_per_floor":[119,119,119,194,212,240,240,62,116,136,136,166,185,216,216,314,314,324,324,324,324,344,344,370,370,370,370,403,17,17,49,49,152,152,172,183,41,41,60,60,87,87,114,114,141,157,157,257,257,257],"floor_reached":51,"playtime":5640,"items_purged":["Strike_R"],"score":1330,"play_id":"4a393d38-d07b-49c9-a05f-8a5d3c094c3e","local_time":"20181217131552","is_ascension_mode":true,"campfire_choices":[{"data":"Bash","floor":7,"key":"SMITH"},{"data":"Shrug It Off","floor":11,"key":"SMITH"},{"data":"Power Through","floor":15,"key":"SMITH"},{"data":"Demon Form","floor":23,"key":"SMITH"},{"data":"Heavy Blade","floor":25,"key":"SMITH"},{"floor":27,"key":"REST"},{"data":"True Grit","floor":32,"key":"SMITH"},{"data":"Bandage Up","floor":40,"key":"SMITH"},{"floor":42,"key":"REST"},{"floor":49,"key":"REST"}],"neow_cost":"NONE","seed_source_timestamp":410941740147714,"circlet_count":0,"master_deck":["AscendersBane","Strike_R","Strike_R","Strike_R","Defend_R+1","Defend_R","Defend_R","Defend_R+1","Bash+1","Uppercut+1","Heavy Blade+1","Ghostly Armor","Immolate+1","Shrug It Off+1","Headbutt+1","Iron Wave+1","Power Through+1","Demon Form+1","Clothesline+1","Offering+1","Mayhem+1","True Grit+1","Iron Wave+1","Cleave+1","Fiend Fire+1","True Grit+1","Feed+1","Bandage Up+1","Dark Shackles","Evolve+1","Shrug It Off+1","Demon Form+1","Iron Wave+1","Demon Form+1","Iron Wave+1"],"relics":["Burning Blood","NeowsBlessing","Molten Egg 2","Potion Belt","Centennial Puzzle","Matryoshka","Snecko Eye","Happy Flower","Orichalcum","Bag of Marbles","Frozen Egg 2","War Paint","Juzu Bracelet","Nilry\u0027s Codex","Kunai","White Beast Statue","Shuriken","Bronze Scales","Pen Nib","Question Card","Prayer Wheel"],"potions_floor_usage":[12,22,22,24,24,39,41,46,48,50,50,50,50],"damage_taken":[{"damage":0,"enemies":"Small Slimes","floor":1,"turns":1},{"damage":0,"enemies":"2 Louse","floor":5,"turns":1},{"damage":0,"enemies":"Lagavulin","floor":6,"turns":1},{"damage":0,"enemies":"Jaw Worm","floor":10,"turns":3},{"damage":15,"enemies":"3 Sentries","floor":12,"turns":5},{"damage":3,"enemies":"Blue Slaver","floor":13,"turns":3},{"damage":11,"enemies":"Gremlin Nob","floor":14,"turns":4},{"damage":43,"enemies":"Hexaghost","floor":16,"turns":13},{"damage":5,"enemies":"3 Byrds","floor":18,"turns":3},{"damage":12,"enemies":"Shell Parasite","floor":22,"turns":3},{"damage":8,"enemies":"Slavers","floor":24,"turns":2},{"damage":0,"enemies":"Gremlin Leader","floor":28,"turns":5},{"damage":8,"enemies":"Slavers","floor":31,"turns":5},{"damage":49,"enemies":"Automaton","floor":33,"turns":10},{"damage":0,"enemies":"3 Darklings","floor":35,"turns":2},{"damage":0,"enemies":"3 Shapes","floor":36,"turns":2},{"damage":7,"enemies":"3 Darklings","floor":39,"turns":3},{"damage":65,"enemies":"Nemesis","floor":41,"turns":11},{"damage":26,"enemies":"Reptomancer","floor":45,"turns":4},{"damage":6,"enemies":"4 Shapes","floor":46,"turns":6},{"damage":27,"enemies":"Mind Bloom Boss Battle","floor":48,"turns":6},{"damage":15,"enemies":"Donu and Deca","floor":50,"turns":5}],"seed_played":"-3441888416125922984","potions_obtained":[{"floor":10,"key":"BloodPotion"},{"floor":14,"key":"SteroidPotion"},{"floor":16,"key":"Swift Potion"},{"floor":18,"key":"Regen Potion"},{"floor":33,"key":"PowerPotion"},{"floor":35,"key":"SpeedPotion"},{"floor":36,"key":"Fruit Juice"},{"floor":39,"key":"Regen Potion"},{"floor":41,"key":"LiquidBronze"},{"floor":45,"key":"SteroidPotion"},{"floor":46,"key":"Swift Potion"},{"floor":48,"key":"EssenceOfSteel"}],"is_trial":false,"path_per_floor":["M","?","?","?","M","E","R","$","T","M","R","E","M","E","R","B",null,"M","?","?","?","M","R","E","R","T","R","E","$","?","E","R","B",null,"M","M","$","?","M","R","E","R","T","?","E","M","?","?","R","B",null],"character_chosen":"IRONCLAD","items_purchased":["Dexterity Potion","SkillPotion","Mayhem+1","True Grit","Juzu Bracelet","Iron Wave+1","Feed+1"],"campfire_rested":3,"item_purchase_floors":[8,8,29,29,29,29,37],"current_hp_per_floor":[78,62,62,51,57,63,63,63,63,69,69,68,71,66,66,29,67,68,53,53,53,56,56,54,54,54,79,85,85,69,67,67,24,70,76,82,82,77,81,81,41,68,68,68,54,60,60,45,70,67],"gold":257,"neow_bonus":"THREE_ENEMY_KILL","is_prod":false,"is_daily":false,"chose_seed":false,"campfire_upgraded":7,"win_rate":0,"timestamp":1545070552,"path_taken":["M","?","?","?","M","E","R","?","T","?","R","E","M","E","R","BOSS","M","?","?","?","M","R","E","R","T","R","E","?","?","E","R","BOSS","M","M","$","?","M","R","E","R","T","?","E","M","?","?","R","BOSS"],"build_version":"2018-12-13","purchased_purges":1,"victory":true,"max_hp_per_floor":[80,80,80,80,80,80,80,80,80,80,80,80,80,80,80,80,80,80,85,85,85,85,85,85,85,85,85,85,85,85,85,85,85,85,85,85,85,85,90,90,90,90,90,90,90,90,85,85,85,85],"card_choices":[{"not_picked":["Flex","True Grit"],"picked":"Uppercut","floor":1},{"not_picked":["Pummel","Havoc"],"picked":"Ghostly Armor","floor":5},{"not_picked":["Havoc","Twin Strike"],"picked":"Immolate","floor":6},{"not_picked":["Rupture","Clash+1"],"picked":"Shrug It Off","floor":10},{"not_picked":["Offering","Warcry"],"picked":"Headbutt+1","floor":12},{"not_picked":["Sword Boomerang+1","Twin Strike+1"],"picked":"Iron Wave+1","floor":13},{"not_picked":["Havoc","Twin Strike+1"],"picked":"Power Through","floor":14},{"not_picked":["Offering","Reaper+1"],"picked":"Demon Form","floor":16},{"not_picked":["Thunderclap+1","Evolve","Shockwave"],"picked":"SKIP","floor":18},{"not_picked":["Heavy Blade+1","Searing Blow+1"],"picked":"Clothesline+1","floor":22},{"not_picked":["Armaments","Infernal Blade","Sword Boomerang+1"],"picked":"SKIP","floor":24},{"not_picked":["Sword Boomerang+1","Havoc"],"picked":"Offering","floor":28},{"not_picked":["Twin Strike+1","Hemokinesis+1"],"picked":"Cleave+1","floor":31},{"not_picked":["Feed+1","Berserk+1"],"picked":"Fiend Fire+1","floor":33},{"not_picked":["Clothesline+1","Shockwave","Infernal Blade"],"picked":"SKIP","floor":35},{"not_picked":["Iron Wave+1","Headbutt+1"],"picked":"True Grit+1","floor":36},{"not_picked":["Secret Technique","Master of Strategy"],"picked":"Bandage Up","floor":38},{"not_picked":["Apotheosis","Enlightenment"],"picked":"Dark Shackles","floor":38},{"not_picked":["Shrug It Off","Bloodletting"],"picked":"Evolve+1","floor":39},{"not_picked":["Warcry","Cleave+1"],"picked":"Shrug It Off+1","floor":41},{"not_picked":["Cleave+1","Armaments"],"picked":"Iron Wave+1","floor":45},{"not_picked":["Shrug It Off","Sever Soul+1","Ghostly Armor"],"picked":"Demon Form+1","floor":46},{"not_picked":["Headbutt+1","Flex","Thunderclap+1"],"picked":"Iron Wave+1","floor":48}],"player_experience":2933073,"relics_obtained":[{"floor":6,"key":"Molten Egg 2"},{"floor":9,"key":"Potion Belt"},{"floor":12,"key":"Centennial Puzzle"},{"floor":14,"key":"Matryoshka"},{"floor":24,"key":"Orichalcum"},{"floor":26,"key":"Bag of Marbles"},{"floor":26,"key":"Frozen Egg 2"},{"floor":28,"key":"War Paint"},{"floor":30,"key":"Nilry\u0027s Codex"},{"floor":31,"key":"Kunai"},{"floor":41,"key":"Shuriken"},{"floor":43,"key":"Bronze Scales"},{"floor":43,"key":"Pen Nib"},{"floor":45,"key":"Question Card"},{"floor":48,"key":"Prayer Wheel"}],"event_choices":[{"damage_healed":0,"gold_gain":0,"player_choice":"Entered Light","damage_taken":16,"max_hp_gain":0,"max_hp_loss":0,"event_name":"Shining Light","floor":2,"gold_loss":0,"cards_upgraded":["Defend_R","Uppercut"]},{"damage_healed":0,"gold_gain":0,"cards_transformed":["Strike_R"],"player_choice":"Change","damage_taken":0,"max_hp_gain":0,"max_hp_loss":0,"event_name":"Living Wall","floor":3,"gold_loss":0,"cards_obtained":["Heavy Blade"]},{"damage_healed":0,"gold_gain":75,"player_choice":"Gather Gold","damage_taken":11,"max_hp_gain":0,"max_hp_loss":0,"event_name":"World of Goop","floor":4,"gold_loss":0},{"damage_healed":0,"gold_gain":0,"player_choice":"Shed Blood","damage_taken":20,"max_hp_gain":5,"max_hp_loss":0,"event_name":"Forgotten Altar","floor":19,"gold_loss":0},{"damage_healed":0,"gold_gain":0,"player_choice":"Opened","damage_taken":0,"relics_obtained":["Happy Flower"],"max_hp_gain":0,"max_hp_loss":0,"event_name":"The Mausoleum","floor":20,"gold_loss":0},{"damage_healed":0,"gold_gain":0,"player_choice":"Ignored","damage_taken":0,"max_hp_gain":0,"max_hp_loss":0,"event_name":"Ghosts","floor":21,"gold_loss":0},{"damage_healed":0,"gold_gain":0,"player_choice":"Obtained Book","damage_taken":16,"max_hp_gain":0,"max_hp_loss":0,"event_name":"Cursed Tome","floor":30,"gold_loss":0},{"damage_healed":0,"gold_gain":0,"player_choice":"Memory 2","damage_taken":5,"max_hp_gain":0,"max_hp_loss":0,"event_name":"SensoryStone","floor":38,"gold_loss":0},{"damage_healed":0,"gold_gain":0,"player_choice":"Copied","damage_taken":0,"max_hp_gain":0,"max_hp_loss":0,"event_name":"Duplicator","floor":44,"gold_loss":0,"cards_obtained":["Demon Form"]},{"damage_healed":0,"gold_gain":0,"player_choice":"Max HP","damage_taken":0,"max_hp_gain":0,"max_hp_loss":5,"event_name":"Winding Halls","floor":47,"gold_loss":0},{"damage_healed":0,"gold_gain":0,"player_choice":"Fight","damage_taken":0,"max_hp_gain":0,"max_hp_loss":0,"event_name":"MindBloom","floor":48,"gold_loss":0}],"is_beta":false,"boss_relics":[{"not_picked":["Runic Cube","Velvet Choker"],"picked":"Snecko Eye"},{"not_picked":["Black Star","Runic Dome"],"picked":"White Beast Statue"}],"items_purged_floors":[8],"is_endless":false,"potions_floor_spawned":[10,14,16,18,33,35,36,39,41,45,46,48],"ascension_level":12}