{"path_per_floor":["M","?","?","M","M","R","E","?","T","M","$","T","R","M","R","B",null,"M","M","$","?","$","E","R","M","T","?","R","T","R","E","R","B",null,"M","?","?","M","M","R","$","M","T","M","M","E","R","?","R"],"character_chosen":"THE_SILENT","items_purchased":["Footwork","Lee\u0027s Waffle","Adrenaline","Caltrops","Noxious Fumes"],"gold_per_floor":[117,217,217,232,252,252,281,281,281,305,38,38,38,63,63,191,229,243,268,8,8,8,46,46,66,112,92,92,119,119,157,157,278,278,292,0,68,86,110,110,39,54,54,78,92,163,163,163,163],"floor_reached":50,"campfire_rested":4,"playtime":9110,"current_hp_per_floor":[63,63,49,49,49,49,15,15,15,15,72,72,72,72,72,59,74,66,65,65,49,49,11,34,33,40,40,40,40,65,65,65,22,69,68,68,48,47,47,47,47,45,45,45,43,11,36,36,61],"items_purged":["Strike_G"],"gold":163,"play_id":"39a0bb06-b9a3-4351-9d1c-a5d4461004ba","is_prod":false,"is_daily":false,"is_ascension_mode":true,"campfire_upgraded":5,"path_taken":["M","?","?","M","M","R","E","?","T","?","$","?","R","M","R","BOSS","M","M","$","?","$","E","R","M","T","?","R","?","R","E","R","BOSS","M","?","?","M","M","R","$","M","T","?","M","E","R","?","R","BOSS"],"build_version":"2018-02-01-PROD3","purchased_purges":1,"victory":false,"master_deck":["Defend_G","Defend_G+1","Defend_G","Defend_G","Defend_G","Strike_G+1","Strike_G+1","Strike_G","Survivor","Neutralize+1","Backflip","Leg Sweep+1","Backstab","Infinite Blades","Noxious Fumes+1","Footwork+1","Venomology","Dash+1","Prepared","Infinite Blades","Adrenaline","Caltrops+1","Prepared+1","Acrobatics+1","Noxious Fumes","Blur+1","Well Laid Plans","Necronomicurse"],"max_hp_per_floor":[70,70,70,70,70,70,70,65,65,65,72,72,72,72,72,72,77,77,77,77,77,77,77,77,77,84,84,84,84,84,84,84,84,84,84,84,84,84,84,84,84,84,84,84,84,84,84,84,84],"relics":["Ring of the Snake","Whetstone","Golden Idol","Orichalcum","Lee\u0027s Waffle","Torii","Tiny House","Necronomicon","Lantern","Strawberry","Bag of Preparation","Vajra","Red Mask","Girya","Oddly Smooth Stone","Tiny Chest"],"card_choices":[{"not_picked":["Deflect","Slice"],"picked":"Backflip"},{"not_picked":["Cloak And Dagger","Outmaneuver"],"picked":"Leg Sweep"},{"not_picked":["Blade Dance","Poisoned Stab"],"picked":"Backstab"},{"not_picked":["Night Terror","Outmaneuver"],"picked":"Infinite Blades"},{"not_picked":["Dodge and Roll","Predator"],"picked":"Noxious Fumes"},{"not_picked":["Phantasmal Killer","Unload"],"picked":"Venomology"},{"not_picked":["Cloak And Dagger","Bane"],"picked":"Dash"},{"not_picked":["Terror","Dagger Throw"],"picked":"Prepared"},{"not_picked":["Backflip","Flechettes"],"picked":"Infinite Blades"},{"not_picked":["Terror","Endless Agony"],"picked":"Prepared"},{"not_picked":["Deflect","Slice"],"picked":"Acrobatics"},{"not_picked":["Prepared","Dodge and Roll"],"picked":"Blur"},{"not_picked":["Terror","Skewer"],"picked":"Well Laid Plans"}],"player_experience":502188,"potions_floor_usage":[16,16,18,19,19,23,23,23,31,31,33,33,33,37,38,38,42,42,44,45,46,46,50],"damage_taken":[{"damage":0,"enemies":"Cultist","floor":1,"turns":4},{"damage":0,"enemies":"Small Slimes","floor":4,"turns":4},{"damage":0,"enemies":"Jaw Worm","floor":5,"turns":7},{"damage":34,"enemies":"Gremlin Nob","floor":7,"turns":7},{"damage":0,"enemies":"3 Louse","floor":10,"turns":3},{"damage":0,"enemies":"2 Fungi Beasts","floor":14,"turns":4},{"damage":13,"enemies":"Hexaghost","floor":16,"turns":11},{"damage":8,"enemies":"Spheric Guardian","floor":18,"turns":10},{"damage":1,"enemies":"Shell Parasite","floor":19,"turns":7},{"damage":38,"enemies":"Gremlin Leader","floor":23,"turns":7},{"damage":1,"enemies":"Centurion and Healer","floor":25,"turns":9},{"damage":0,"enemies":"Book of Stabbing","floor":31,"turns":6},{"damage":43,"enemies":"Champ","floor":33,"turns":11},{"damage":1,"enemies":"3 Shapes","floor":35,"turns":6},{"damage":20,"enemies":"Mysterious Sphere","floor":37,"turns":5},{"damage":1,"enemies":"3 Darklings","floor":38,"turns":5},{"damage":0,"enemies":"Maw","floor":39,"turns":9},{"damage":2,"enemies":"Sphere and 2 Shapes","floor":42,"turns":5},{"damage":0,"enemies":"3 Darklings","floor":44,"turns":5},{"damage":2,"enemies":"4 Shapes","floor":45,"turns":6},{"damage":32,"enemies":"Giant Head","floor":46,"turns":11},{"damage":66,"enemies":"Awakened One","floor":50,"turns":5}],"event_choices":[{"event_name":"Golden Shrine","player_choice":"Pray","floor":2,"damage_taken":0},{"event_name":"Shining Light","player_choice":"Entered Light","floor":3,"damage_taken":0},{"event_name":"Golden Idol","player_choice":"Lose Max HP","floor":8,"damage_taken":0},{"event_name":"Cursed Tome","player_choice":"Obtained Book","floor":21,"damage_taken":0},{"event_name":"The Woman in Blue","player_choice":"Bought 1 Potion","floor":27,"damage_taken":0},{"event_name":"Tomb of Lord Red Mask","player_choice":"Paid","floor":36,"damage_taken":0},{"event_name":"Mysterious Sphere","player_choice":"Fight","floor":37,"damage_taken":0},{"event_name":"Fountain of Cleansing","player_choice":"Removed Curse","floor":48,"damage_taken":0}],"boss_relics":[{"not_picked":["Velvet Choker","Eternal Feather"],"picked":"Tiny House"},{"not_picked":["Pandora\u0027s Box","Philosopher\u0027s Stone","Snecko Eye"]}],"potions_floor_spawned":[10,14,16,18,25,31,35,38,39,46],"seed_played":"3226587954236542030","killed_by":"Awakened One","ascension_level":6,"is_trial":false}