{"gold_per_floor":[114,114,4,16,32,60,71,71,71,71,71,32,44,54,54,54],"floor_reached":16,"playtime":1638,"items_purged":[],"score":152,"play_id":"b72c9b0e-8a9a-452a-867a-7238bed8888c","local_time":"20190709154105","is_ascension_mode":false,"campfire_choices":[{"data":"Inflame","floor":8,"key":"SMITH"},{"data":"Anger","floor":15,"key":"SMITH"}],"neow_cost":"NONE","seed_source_timestamp":612165534387,"circlet_count":0,"master_deck":["Strike_R","Strike_R","Strike_R","Strike_R","Strike_R","Defend_R","Defend_R","Defend_R","Defend_R","Bash","Armaments+1","Feel No Pain","Intimidate","Thunderclap","Cleave","Sword Boomerang","Inflame+1","Infernal Blade","Iron Wave","Anger+1"],"relics":["Burning Blood","Regal Pillow","Bag of Preparation","Boot"],"potions_floor_usage":[7],"damage_taken":[{"damage":0,"enemies":"2 Louse","floor":1,"turns":3},{"damage":11,"enemies":"Jaw Worm","floor":4,"turns":5},{"damage":7,"enemies":"Small Slimes","floor":5,"turns":5},{"damage":16,"enemies":"3 Sentries","floor":6,"turns":10},{"damage":13,"enemies":"Exordium Thugs","floor":7,"turns":8},{"damage":2,"enemies":"3 Louse","floor":13,"turns":3},{"damage":0,"enemies":"2 Fungi Beasts","floor":14,"turns":2}],"seed_played":"-3087099380985644011","potions_obtained":[{"floor":1,"key":"EssenceOfSteel"},{"floor":4,"key":"Weak Potion"},{"floor":7,"key":"SneckoOil"},{"floor":14,"key":"Fire Potion"}],"is_trial":false,"path_per_floor":["M","?","$","M","M","E","M","R","T","?","?","$","M","M","R","B"],"character_chosen":"IRONCLAD","items_purchased":["Feel No Pain","Intimidate","Infernal Blade"],"campfire_rested":0,"item_purchase_floors":[3,3,12],"current_hp_per_floor":[80,80,80,75,74,64,57,57,57,57,57,57,61,67,67,0],"gold":54,"neow_bonus":"RANDOM_COMMON_RELIC","is_prod":false,"is_daily":false,"chose_seed":false,"campfire_upgraded":2,"win_rate":0.0,"timestamp":1562679665,"path_taken":["M","?","$","M","M","E","M","R","T","?","?","$","M","M","R","BOSS"],"build_version":"2019-07-05","purchased_purges":0,"victory":false,"max_hp_per_floor":[80,80,80,80,80,80,80,80,80,80,80,80,80,80,80,80],"card_choices":[{"not_picked":["Battle Trance","Sword Boomerang"],"picked":"Armaments","floor":1},{"not_picked":["Warcry","Heavy Blade"],"picked":"Thunderclap","floor":4},{"not_picked":["Searing Blow","Sword Boomerang"],"picked":"Cleave","floor":5},{"not_picked":["Fire Breathing","Dropkick"],"picked":"Sword Boomerang","floor":6},{"not_picked":["Pummel","Sword Boomerang"],"picked":"Inflame","floor":7},{"not_picked":["Ghostly Armor","Body Slam"],"picked":"Iron Wave","floor":13},{"not_picked":["Flame Barrier","Disarm"],"picked":"Anger","floor":14}],"player_experience":22322,"relics_obtained":[{"floor":6,"key":"Bag of Preparation"},{"floor":9,"key":"Boot"}],"event_choices":[{"damage_healed":0,"gold_gain":0,"player_choice":"Grow","damage_taken":0,"max_hp_gain":0,"max_hp_loss":0,"event_name":"Living Wall","floor":2,"gold_loss":0,"cards_upgraded":["Armaments"]},{"damage_healed":0,"gold_gain":0,"player_choice":"Leave","damage_taken":0,"max_hp_gain":0,"max_hp_loss":0,"event_name":"The Cleric","floor":10,"gold_loss":0},{"damage_healed":0,"gold_gain":0,"player_choice":"Ignored","damage_taken":0,"max_hp_gain":0,"max_hp_loss":0,"event_name":"Liars Game","floor":11,"gold_loss":0}],"is_beta":false,"boss_relics":[],"items_purged_floors":[],"is_endless":false,"potions_floor_spawned":[1,4,7,14],"killed_by":"The Guardian","ascension_level":0}