{"gold_per_floor":[16,29,42,62,77,77,96,108,108,126,126,51,64,139,139,243,243,256,271,371,389,44,44,64,64,94,94,125,144,156,156,156,255,255,271,271,281,298,298,298,323,339,363,363,375,375,395,426,426,426],"floor_reached":51,"playtime":3697,"items_purged":["Strike_B","Strike_B"],"score":852,"play_id":"ff2ccc63-4d6c-4ef0-afc5-42d639faef94","local_time":"20190523142600","is_ascension_mode":false,"campfire_choices":[{"data":"White Noise","floor":6,"key":"SMITH"},{"data":"Defragment","floor":11,"key":"SMITH"},{"floor":15,"key":"REST"},{"data":"White Noise","floor":23,"key":"SMITH"},{"data":"Coolheaded","floor":25,"key":"SMITH"},{"data":"Coolheaded","floor":27,"key":"SMITH"},{"data":"Go for the Eyes","floor":32,"key":"SMITH"},{"data":"Electrodynamics","floor":40,"key":"SMITH"},{"data":"Leap","floor":44,"key":"SMITH"},{"data":"Force Field","floor":46,"key":"SMITH"},{"data":"Glacier","floor":49,"key":"SMITH"}],"neow_cost":"NO_GOLD","seed_source_timestamp":762390442053131,"circlet_count":0,"master_deck":["Strike_B","Strike_B","Defend_B","Defend_B","Defend_B","Defend_B","Zap","Dualcast","Coolheaded+1","Go for the Eyes+1","Glacier+1","White Noise+1","FTL","Barrage","Defragment+1","Hyperbeam","Leap+1","Reboot","Leap+1","Reinforced Body+1","Turbo+1","White Noise+1","Coolheaded+1","Hologram+1","Defragment+1","Coolheaded+1","Electrodynamics+1","Undo+1","Dark Shackles","Hologram+1","Redo+1","Parasite","Self Repair+1","Force Field+1","Coolheaded+1","Defragment+1"],"relics":["Cracked Core","Calipers","Matryoshka","Inserter","Membership Card","Centennial Puzzle","Tiny Chest","Symbiotic Virus","Anchor","Ancient Tea Set","Mummified Hand","Black Star","Frozen Egg 2","Lantern","Art of War","Darkstone Periapt","Dodecahedron"],"potions_floor_usage":[16,16,33,35,35,35,50],"damage_taken":[{"damage":1,"enemies":"Cultist","floor":1,"turns":4},{"damage":7,"enemies":"Small Slimes","floor":2,"turns":3},{"damage":0,"enemies":"2 Louse","floor":3,"turns":2},{"damage":0,"enemies":"Red Slaver","floor":4,"turns":6},{"damage":9,"enemies":"Exordium Thugs","floor":5,"turns":5},{"damage":5,"enemies":"2 Fungi Beasts","floor":7,"turns":4},{"damage":0,"enemies":"Large Slime","floor":8,"turns":5},{"damage":11,"enemies":"Lots of Slimes","floor":10,"turns":5},{"damage":0,"enemies":"Looter","floor":13,"turns":2},{"damage":18,"enemies":"Slime Boss","floor":16,"turns":8},{"damage":0,"enemies":"Shell Parasite","floor":18,"turns":10},{"damage":16,"enemies":"2 Thieves","floor":19,"turns":3},{"damage":7,"enemies":"Centurion and Healer","floor":21,"turns":15},{"damage":8,"enemies":"Shelled Parasite and Fungi","floor":24,"turns":10},{"damage":0,"enemies":"Gremlin Leader","floor":28,"turns":10},{"damage":0,"enemies":"Snecko","floor":29,"turns":11},{"damage":1,"enemies":"Snake Plant","floor":30,"turns":4},{"damage":0,"enemies":"Champ","floor":33,"turns":12},{"damage":5,"enemies":"3 Shapes","floor":35,"turns":4},{"damage":0,"enemies":"3 Darklings","floor":37,"turns":5},{"damage":0,"enemies":"4 Shapes","floor":38,"turns":8},{"damage":0,"enemies":"Giant Head","floor":41,"turns":14},{"damage":1,"enemies":"Writhing Mass","floor":42,"turns":6},{"damage":0,"enemies":"Maw","floor":45,"turns":7},{"damage":0,"enemies":"Sphere and 2 Shapes","floor":47,"turns":9},{"damage":18,"enemies":"Nemesis","floor":48,"turns":11},{"damage":5,"enemies":"Donu and Deca","floor":50,"turns":15}],"seed_played":"5158524880893588268","potions_obtained":[{"floor":3,"key":"Ancient Potion"},{"floor":5,"key":"Ancient Potion"},{"floor":7,"key":"SpeedPotion"},{"floor":8,"key":"EssenceOfSteel"},{"floor":13,"key":"PowerPotion"},{"floor":16,"key":"Ancient Potion"},{"floor":18,"key":"Poison Potion"},{"floor":28,"key":"Energy Potion"},{"floor":30,"key":"Swift Potion"},{"floor":33,"key":"GamblersBrew"},{"floor":37,"key":"SpeedPotion"},{"floor":47,"key":"FairyPotion"}],"is_trial":false,"path_per_floor":["M","M","M","M","M","R","M","M","T","M","R","$","M","?","R","B",null,"M","M","?","M","$","R","M","R","T","R","E","M","M","T","R","B",null,"M","?","M","M","?","R","E","M","T","R","M","R","M","E","R","B",null],"character_chosen":"DEFECT","items_purchased":["Membership Card","White Noise","Centennial Puzzle"],"campfire_rested":1,"item_purchase_floors":[22,22,22],"current_hp_per_floor":[74,67,67,67,58,58,53,53,53,42,42,42,42,31,53,35,75,75,59,59,52,52,52,44,44,44,44,44,44,43,43,43,43,75,70,70,70,70,70,70,70,69,69,69,71,71,71,63,63,68],"gold":426,"neow_bonus":"ONE_RARE_RELIC","is_prod":false,"is_daily":false,"chose_seed":false,"campfire_upgraded":10,"win_rate":0,"timestamp":1558635960,"path_taken":["M","M","M","M","M","R","M","M","T","M","R","?","?","?","R","BOSS","M","M","?","M","$","R","M","R","T","R","E","M","?","?","R","BOSS","M","?","M","M","?","R","E","M","T","R","M","R","M","E","R","BOSS"],"build_version":"2019-01-23","purchased_purges":2,"victory":true,"max_hp_per_floor":[75,75,75,75,75,75,75,75,75,75,75,75,75,75,75,75,75,75,75,75,75,75,75,75,75,75,75,75,75,75,75,75,75,75,75,75,75,75,71,71,71,71,71,71,71,71,71,71,71,71],"card_choices":[{"not_picked":["Hologram","Force Field"],"picked":"Coolheaded","floor":1},{"not_picked":["Turbo","Ball Lightning"],"picked":"Go for the Eyes","floor":2},{"not_picked":["Hologram","Beam Cell"],"picked":"Glacier","floor":3},{"not_picked":["Lockon","Beam Cell"],"picked":"White Noise","floor":4},{"not_picked":["Redo","Chaos"],"picked":"FTL","floor":5},{"not_picked":["Heatsinks","Rip and Tear"],"picked":"Barrage","floor":7},{"not_picked":["Glacier","Hello World"],"picked":"Defragment","floor":8},{"not_picked":["Sweeping Beam","Chaos"],"picked":"Hyperbeam","floor":10},{"not_picked":["Ball Lightning","Compile Driver"],"picked":"Leap","floor":13},{"not_picked":["Hyperbeam","Rainbow"],"picked":"Reboot","floor":16},{"not_picked":["Barrage","Hologram"],"picked":"Leap+1","floor":18},{"not_picked":["Sunder+1","Ball Lightning"],"picked":"Reinforced Body+1","floor":19},{"not_picked":["Redo+1","Go for the Eyes"],"picked":"Turbo+1","floor":21},{"not_picked":["Rebound","Barrage"],"picked":"Coolheaded","floor":24},{"not_picked":["White Noise","Redo+1"],"picked":"Hologram+1","floor":28},{"not_picked":["Machine Learning","Self Repair"],"picked":"Defragment+1","floor":29},{"not_picked":["Storm+1","Fusion"],"picked":"Coolheaded+1","floor":30},{"not_picked":["Rainbow","Hyperbeam"],"picked":"Electrodynamics","floor":33},{"not_picked":["Steam","Barrage+1"],"picked":"Undo+1","floor":35},{"not_picked":["Enlightenment","Mind Blast"],"picked":"Dark Shackles","floor":36},{"not_picked":["Loop","Steam Power"],"picked":"Hologram+1","floor":37},{"not_picked":["Barrage","Blizzard"],"picked":"Redo+1","floor":38},{"not_picked":["Streamline+1","Scrape","Redo+1"],"picked":"SKIP","floor":41},{"not_picked":["Stack+1","Cold Snap"],"picked":"Self Repair+1","floor":42},{"not_picked":["Ball Lightning+1","Cold Snap+1"],"picked":"Force Field","floor":45},{"not_picked":["Force Field+1","Rebound+1"],"picked":"Coolheaded+1","floor":47},{"not_picked":["Sweeping Beam+1","Darkness+1"],"picked":"Defragment+1","floor":48}],"player_experience":3706371,"relics_obtained":[{"floor":9,"key":"Matryoshka"},{"floor":26,"key":"Tiny Chest"},{"floor":26,"key":"Symbiotic Virus"},{"floor":28,"key":"Anchor"},{"floor":31,"key":"Ancient Tea Set"},{"floor":31,"key":"Mummified Hand"},{"floor":41,"key":"Frozen Egg 2"},{"floor":41,"key":"Lantern"},{"floor":43,"key":"Art of War"},{"floor":48,"key":"Darkstone Periapt"},{"floor":48,"key":"Dodecahedron"}],"event_choices":[{"damage_healed":0,"gold_gain":75,"player_choice":"Gather Gold","damage_taken":11,"max_hp_gain":0,"max_hp_loss":0,"event_name":"World of Goop","floor":14,"gold_loss":0},{"damage_healed":0,"gold_gain":100,"player_choice":"Pray","damage_taken":0,"max_hp_gain":0,"max_hp_loss":0,"event_name":"Golden Shrine","floor":20,"gold_loss":0},{"damage_healed":0,"gold_gain":0,"player_choice":"Memory 1","damage_taken":0,"max_hp_gain":0,"max_hp_loss":0,"event_name":"SensoryStone","floor":36,"gold_loss":0},{"damage_healed":0,"gold_gain":0,"player_choice":"Max HP","damage_taken":0,"max_hp_gain":0,"max_hp_loss":4,"event_name":"Winding Halls","floor":39,"gold_loss":0}],"is_beta":false,"boss_relics":[{"not_picked":["Orrery","Snecko Eye"],"picked":"Inserter"},{"not_picked":["Busted Crown","Calling Bell"],"picked":"Black Star"}],"items_purged_floors":[12,22],"is_endless":false,"potions_floor_spawned":[3,5,7,8,13,16,18,28,30,33,37,47],"ascension_level":0}