{"gold_per_floor":[113,113,124,199,199,199,231,231,231,247,397,34,34,54,54,129,129,148,165,165,165],"floor_reached":21,"playtime":1566,"items_purged":["Doubt"],"score":345,"play_id":"2296ce86-73a3-4b38-922c-e29cff3987f6","local_time":"20190712190340","is_ascension_mode":true,"campfire_choices":[{"data":"Neutralize","floor":6.0,"key":"SMITH"},{"data":"Bullet Time","floor":13.0,"key":"SMITH"},{"data":"Dagger Spray","floor":15,"key":"SMITH"}],"neow_cost":"NONE","seed_source_timestamp":0,"circlet_count":0,"master_deck":["AscendersBane","Strike_G","Strike_G","Strike_G","Strike_G","Strike_G","Defend_G","Defend_G","Defend_G","Defend_G","Defend_G","Survivor","Neutralize+1","Dagger Spray+1","Dodge and Roll","PiercingWail","Bullet Time+1","Dagger Throw","Backflip","Phantasmal Killer","Setup","Sucker Punch","Storm of Steel","Neutralize"],"special_seed":0,"relics":["Ring of the Serpent","Orichalcum","Calipers","Question Card","Frozen Eye"],"potions_floor_usage":[16,16,18,19],"damage_taken":[{"damage":3.0,"enemies":"Small Slimes","floor":1.0,"turns":6.0},{"damage":1.0,"enemies":"2 Louse","floor":3.0,"turns":3.0},{"damage":24.0,"enemies":"Gremlin Nob","floor":7.0,"turns":6.0},{"damage":0.0,"enemies":"Cultist","floor":10.0,"turns":5.0},{"damage":0,"enemies":"Gremlin Gang","floor":14,"turns":3},{"damage":40,"enemies":"The Guardian","floor":16,"turns":24},{"damage":5,"enemies":"Shell Parasite","floor":18,"turns":6},{"damage":42,"enemies":"Spheric Guardian","floor":19,"turns":8},{"damage":9,"enemies":"3 Cultists","floor":21,"turns":3}],"seed_played":"-2181692680150155736","potions_obtained":[{"floor":3.0,"key":"GhostInAJar"},{"floor":10.0,"key":"GamblersBrew"},{"floor":16,"key":"GamblersBrew"},{"floor":18,"key":"FearPotion"}],"is_trial":false,"path_per_floor":["M","?","M","?","?","R","E","?","T","M","?","$","R","M","R","B",null,"M","M","?","M"],"character_chosen":"THE_SILENT","items_purchased":["Frozen Eye","Dagger Throw"],"campfire_rested":0,"item_purchase_floors":[12,12],"current_hp_per_floor":[56,56,55,44,66,66,42,42,42,42,42,42,42,42,42,2,50,45,3,3,0],"gold":165,"neow_bonus":"RANDOM_COMMON_RELIC","is_prod":false,"is_daily":false,"chose_seed":false,"campfire_upgraded":3,"win_rate":0,"timestamp":1562979820,"path_taken":["M","?","M","?","?","R","E","?","T","M","?","$","R","M","R","BOSS","M","M","?","M"],"build_version":"2019-07-10","purchased_purges":1,"victory":false,"max_hp_per_floor":[66,66,66,66,66,66,66,66,66,66,66,66,66,66,66,66,66,66,66,66,66],"card_choices":[{"not_picked":["Deflect","Bane"],"picked":"Dagger Spray","floor":1.0},{"not_picked":["Acrobatics","Prepared"],"picked":"Dodge and Roll","floor":3.0},{"not_picked":["Poisoned Stab","Blade Dance"],"picked":"PiercingWail","floor":7.0},{"not_picked":["Poisoned Stab","Dodge and Roll","Blade Dance"],"picked":"Bullet Time","floor":10.0},{"not_picked":["Deflect","PiercingWail","Deadly Poison"],"picked":"Backflip","floor":14},{"not_picked":["Tools of the Trade","Bullet Time","Glass Knife"],"picked":"Phantasmal Killer","floor":16},{"not_picked":["Dagger Spray","Sucker Punch","Deadly Poison"],"picked":"Setup","floor":18},{"not_picked":["Underhanded Strike","Deflect","PiercingWail"],"picked":"Sucker Punch","floor":19}],"player_experience":1185166,"relics_obtained":[{"floor":7.0,"key":"Calipers"},{"floor":9.0,"key":"Question Card"}],"event_choices":[{"damage_healed":0.0,"max_hp_gain":0.0,"max_hp_loss":0.0,"gold_gain":0.0,"event_name":"Shining Light","player_choice":"Ignored","floor":2.0,"gold_loss":0.0,"damage_taken":0.0},{"damage_healed":0.0,"max_hp_gain":0.0,"max_hp_loss":0.0,"gold_gain":75.0,"event_name":"World of Goop","player_choice":"Gather Gold","floor":4.0,"gold_loss":0.0,"damage_taken":11.0},{"damage_healed":22.0,"max_hp_gain":0.0,"max_hp_loss":0.0,"gold_gain":0.0,"event_name":"Big Fish","player_choice":"Banana","floor":5.0,"gold_loss":0.0,"damage_taken":0.0},{"damage_healed":0.0,"max_hp_gain":0.0,"max_hp_loss":0.0,"gold_gain":0.0,"event_name":"Dead Adventurer","player_choice":"Searched \u00270\u0027 times","floor":8.0,"gold_loss":0.0,"damage_taken":0.0},{"damage_healed":0.0,"max_hp_gain":0.0,"max_hp_loss":0.0,"gold_gain":150.0,"event_name":"Liars Game","player_choice":"AGREE","floor":11.0,"gold_loss":0.0,"damage_taken":0.0,"cards_obtained":["Doubt"]},{"damage_healed":0,"gold_gain":0,"player_choice":"2 cards matched","damage_taken":0,"max_hp_gain":0,"max_hp_loss":0,"event_name":"Match and Keep!","floor":20,"gold_loss":0,"cards_obtained":["Storm of Steel","Neutralize"]}],"is_beta":true,"boss_relics":[{"not_picked":["WristBlade","Calling Bell"],"picked":"Ring of the Serpent"}],"items_purged_floors":[12],"is_endless":false,"potions_floor_spawned":[3,10,16,18],"killed_by":"3 Cultists","ascension_level":19}