{"gold_per_floor":[119,138,138,88,163,198,208,208,208,208,240,258,258,285,285,383,383,402,418,418,435,435,435,435,464,464,464,56,56,80,107,119,231,243,272,297,16,29,47,47,74,74,74,74,84,98,48,48,48,48],"floor_reached":51,"playtime":23620,"items_purged":["Strike_R"],"score":953,"play_id":"e045976b-f6ca-4842-b380-7954814949da","local_time":"20181210231651","is_ascension_mode":true,"campfire_choices":[{"floor":8,"key":"REST"},{"data":"Demon Form","floor":10,"key":"SMITH"},{"data":"Armaments","floor":13,"key":"SMITH"},{"data":"Clothesline","floor":15,"key":"SMITH"},{"floor":23,"key":"REST"},{"data":"Limit Break","floor":27,"key":"SMITH"},{"floor":32,"key":"REST"},{"floor":40,"key":"REST"},{"data":"Battle Trance","floor":44,"key":"SMITH"},{"floor":49,"key":"REST"}],"neow_cost":"PERCENT_DAMAGE","seed_source_timestamp":2312921666838210,"circlet_count":0,"master_deck":["Defend_R","Defend_R","Defend_R","Bash","Demon Form+1","Whirlwind","Shrug It Off","Evolve","Armaments+1","Clothesline+1","Limit Break","Shrug It Off","Burning Pact","Dropkick","Limit Break+1","Battle Trance+1","Seeing Red","Flash of Steel","Seeing Red","Shrug It Off","Juggernaut","Havoc+1","Shrug It Off+1","Battle Trance+1","Demon Form+1"],"relics":["Burning Blood","Pocketwatch","Meat on the Bone","Bronze Scales","Juzu Bracelet","Snecko Eye","Centennial Puzzle","Unceasing Top","Gremlin Horn","MawBank","Lizard Tail","Calipers","Mercury Hourglass","Torii"],"potions_floor_usage":[6,12,14,25,25,25,35,38,46,50,50],"damage_taken":[{"damage":12,"enemies":"Small Slimes","floor":1,"turns":5},{"damage":3,"enemies":"2 Louse","floor":2,"turns":2},{"damage":31,"enemies":"Gremlin Nob","floor":6,"turns":5},{"damage":7,"enemies":"Jaw Worm","floor":7,"turns":4},{"damage":4,"enemies":"Lagavulin","floor":11,"turns":7},{"damage":2,"enemies":"Gremlin Gang","floor":12,"turns":5},{"damage":20,"enemies":"Gremlin Nob","floor":14,"turns":4},{"damage":4,"enemies":"Slime Boss","floor":16,"turns":7},{"damage":7,"enemies":"Shell Parasite","floor":18,"turns":4},{"damage":0,"enemies":"3 Byrds","floor":19,"turns":3},{"damage":13,"enemies":"Sentry and Sphere","floor":21,"turns":4},{"damage":60,"enemies":"Slavers","floor":25,"turns":5},{"damage":16,"enemies":"Shelled Parasite and Fungi","floor":31,"turns":3},{"damage":69,"enemies":"Automaton","floor":33,"turns":9},{"damage":8,"enemies":"3 Shapes","floor":35,"turns":6},{"damage":2,"enemies":"Orb Walker","floor":36,"turns":3},{"damage":13,"enemies":"3 Darklings","floor":38,"turns":4},{"damage":40,"enemies":"4 Shapes","floor":39,"turns":8},{"damage":3,"enemies":"Reptomancer","floor":41,"turns":5},{"damage":11,"enemies":"Jaw Worm Horde","floor":45,"turns":4},{"damage":20,"enemies":"Writhing Mass","floor":46,"turns":7},{"damage":97,"enemies":"Donu and Deca","floor":50,"turns":8}],"seed_played":"4482869655008781841","potions_obtained":[{"floor":1,"key":"PowerPotion"},{"floor":7,"key":"Energy Potion"},{"floor":12,"key":"Block Potion"},{"floor":14,"key":"Swift Potion"},{"floor":18,"key":"BloodPotion"},{"floor":19,"key":"PowerPotion"},{"floor":33,"key":"AttackPotion"},{"floor":36,"key":"FearPotion"},{"floor":41,"key":"LiquidBronze"},{"floor":46,"key":"Explosive Potion"}],"is_trial":false,"path_per_floor":["M","M","?","?","?","E","M","R","T","R","E","M","R","E","R","B",null,"M","M","?","M","?","R","?","E","T","R","$","?","T","M","R","B",null,"M","M","$","M","M","R","E","?","T","R","M","M","$","?","R","B",null],"character_chosen":"IRONCLAD","items_purchased":["Gremlin Horn","Flash of Steel","Calipers","PowerPotion"],"campfire_rested":5,"item_purchase_floors":[28,28,37,47],"current_hp_per_floor":[45,48,74,74,63,38,37,61,61,61,63,67,67,53,53,55,74,73,79,79,72,57,82,82,48,48,48,48,48,48,50,75,24,70,68,72,72,65,43,68,71,71,71,71,66,52,52,52,77,60],"gold":48,"neow_bonus":"THREE_RARE_CARDS","is_prod":false,"is_daily":false,"chose_seed":false,"campfire_upgraded":5,"win_rate":0,"timestamp":1544501811,"path_taken":["M","M","?","?","?","E","M","R","T","R","E","M","R","E","R","BOSS","M","M","?","M","?","R","?","E","T","R","?","?","?","M","R","BOSS","M","M","$","M","M","R","E","?","T","R","M","M","$","?","R","BOSS"],"build_version":"2018-12-06","purchased_purges":1,"victory":true,"max_hp_per_floor":[80,80,80,80,80,80,80,80,80,80,80,80,80,80,80,80,80,80,80,80,80,85,85,85,85,85,85,85,85,85,85,85,85,85,85,85,85,85,85,85,85,85,85,85,85,85,85,85,85,85],"card_choices":[{"not_picked":["Juggernaut","Reaper"],"picked":"Demon Form","floor":0},{"not_picked":["Entrench","Anger"],"picked":"Whirlwind","floor":1},{"not_picked":["Twin Strike","Sword Boomerang"],"picked":"Shrug It Off","floor":2},{"not_picked":["Berserk","Cleave","Headbutt"],"picked":"SKIP","floor":6},{"not_picked":["Wild Strike","Warcry"],"picked":"Evolve","floor":7},{"not_picked":["Corruption","Exhume"],"picked":"Armaments","floor":11},{"not_picked":["Warcry","Rage","Clash"],"picked":"SKIP","floor":12},{"not_picked":["Reckless Charge","Sword Boomerang"],"picked":"Clothesline","floor":14},{"not_picked":["Exhume","Demon Form"],"picked":"Limit Break","floor":16},{"not_picked":["Clash","Iron Wave"],"picked":"Shrug It Off","floor":18},{"not_picked":["Wild Strike","Flex","Rupture"],"picked":"SKIP","floor":19},{"not_picked":["Blood for Blood","Clothesline+1"],"picked":"Limit Break","floor":21},{"not_picked":["True Grit","Shrug It Off"],"picked":"Seeing Red","floor":25},{"not_picked":["Cleave","Headbutt"],"picked":"Shrug It Off","floor":31},{"not_picked":["Feed","Offering"],"picked":"Juggernaut","floor":33},{"not_picked":["Wild Strike+1","Evolve+1"],"picked":"Havoc+1","floor":35},{"not_picked":["Sword Boomerang","Wild Strike+1","Pummel"],"picked":"SKIP","floor":36},{"not_picked":["Headbutt+1","Evolve+1","Bloodletting+1"],"picked":"SKIP","floor":38},{"not_picked":["Cleave+1","Warcry+1"],"picked":"Shrug It Off+1","floor":39},{"not_picked":["Flex+1","Ghostly Armor","Headbutt"],"picked":"SKIP","floor":41},{"not_picked":["Clash+1","Heavy Blade","Wild Strike"],"picked":"SKIP","floor":45},{"not_picked":["Clash+1","Sword Boomerang"],"picked":"Battle Trance+1","floor":46}],"player_experience":2805871,"relics_obtained":[{"floor":6,"key":"Pocketwatch"},{"floor":9,"key":"Meat on the Bone"},{"floor":11,"key":"Bronze Scales"},{"floor":14,"key":"Juzu Bracelet"},{"floor":25,"key":"Centennial Puzzle"},{"floor":26,"key":"Unceasing Top"},{"floor":30,"key":"MawBank"},{"floor":41,"key":"Mercury Hourglass"},{"floor":43,"key":"Torii"}],"event_choices":[{"damage_healed":26,"gold_gain":0,"player_choice":"Banana","damage_taken":0,"max_hp_gain":0,"max_hp_loss":0,"event_name":"Big Fish","floor":3,"gold_loss":0},{"cards_removed":["Strike_R"],"damage_healed":0,"gold_gain":0,"player_choice":"Card Removal","damage_taken":0,"max_hp_gain":0,"max_hp_loss":0,"event_name":"The Cleric","floor":4,"gold_loss":50},{"damage_healed":0,"gold_gain":75,"player_choice":"Gather Gold","damage_taken":11,"max_hp_gain":0,"max_hp_loss":0,"event_name":"World of Goop","floor":5,"gold_loss":0},{"damage_healed":0,"gold_gain":0,"cards_transformed":["Strike_R","Strike_R"],"player_choice":"Became Test Subject","damage_taken":0,"max_hp_gain":0,"max_hp_loss":0,"event_name":"Drug Dealer","floor":20,"gold_loss":0,"cards_obtained":["Burning Pact","Dropkick"]},{"damage_healed":0,"gold_gain":0,"player_choice":"Shed Blood","damage_taken":20,"max_hp_gain":5,"max_hp_loss":0,"event_name":"Forgotten Altar","floor":22,"gold_loss":0},{"damage_healed":0,"gold_gain":0,"player_choice":"Read","damage_taken":0,"max_hp_gain":0,"max_hp_loss":0,"event_name":"The Library","floor":24,"gold_loss":0,"cards_obtained":["Battle Trance"]},{"damage_healed":0,"gold_gain":0,"cards_transformed":["Strike_R"],"player_choice":"Transformed","damage_taken":0,"max_hp_gain":0,"max_hp_loss":0,"event_name":"Transmorgrifier","floor":29,"gold_loss":0,"cards_obtained":["Seeing Red"]},{"cards_removed":["Defend_R"],"damage_healed":0,"gold_gain":0,"player_choice":"Purged","damage_taken":0,"max_hp_gain":0,"max_hp_loss":0,"event_name":"Purifier","floor":42,"gold_loss":0},{"damage_healed":0,"gold_gain":0,"player_choice":"Copied","damage_taken":0,"max_hp_gain":0,"max_hp_loss":0,"event_name":"Duplicator","floor":48,"gold_loss":0,"cards_obtained":["Demon Form"]}],"is_beta":false,"boss_relics":[{"not_picked":["Coffee Dripper","Black Star"],"picked":"Snecko Eye"},{"not_picked":["Black Blood","Eternal Feather"],"picked":"Lizard Tail"}],"items_purged_floors":[28],"is_endless":false,"potions_floor_spawned":[1,7,12,14,18,19,33,36,41,46],"ascension_level":8}