{"gold_per_floor":[113,130,80,93,168,193,205,17,17,51,51,51,78,88,88,193,193,203,9,9,0],"floor_reached":21,"playtime":1721,"items_purged":[],"score":195,"play_id":"8b449149-7b50-4109-a591-fedd4bff0bfb","local_time":"20190719175152","is_ascension_mode":false,"campfire_choices":[{"floor":7,"key":"REST"},{"floor":15,"key":"REST"}],"neow_cost":"NONE","seed_source_timestamp":39233757993100,"circlet_count":0,"master_deck":["Strike_B","Strike_B","Strike_B","Defend_B","Defend_B","Defend_B","Defend_B","Zap","Dualcast","Meteor Strike","Coolheaded","Redo","Streamline","Lockon","Glacier","Hello World","Reinforced Body","All For One","Conserve Battery","Self Repair","Double Energy","Blizzard"],"relics":["FrozenCore","MawBank","Chemical X","Ancient Tea Set","Blood Vial","Regal Pillow","Lantern"],"potions_floor_usage":[6],"damage_taken":[{"damage":3,"enemies":"Jaw Worm","floor":1,"turns":3},{"damage":0,"enemies":"2 Louse","floor":2,"turns":3},{"damage":0,"enemies":"Small Slimes","floor":4,"turns":3},{"damage":29,"enemies":"3 Sentries","floor":6,"turns":8},{"damage":33,"enemies":"Lagavulin","floor":10,"turns":9},{"damage":29,"enemies":"Gremlin Nob","floor":13,"turns":5},{"damage":7,"enemies":"Blue Slaver","floor":14,"turns":5},{"damage":31,"enemies":"Hexaghost","floor":16,"turns":15},{"damage":67,"enemies":"3 Byrds","floor":18,"turns":16},{"damage":21,"enemies":"2 Thieves","floor":21,"turns":3}],"seed_played":"2902578933308148112","potions_obtained":[{"floor":4,"key":"PowerPotion"},{"floor":6,"key":"Strength Potion"},{"floor":16,"key":"SkillPotion"}],"is_trial":false,"path_per_floor":["M","M","?","M","?","E","R","$","T","E","?","$","E","M","R","B",null,"M","$","?","M"],"character_chosen":"DEFECT","items_purchased":["Chemical X","Self Repair","Double Energy","Blizzard"],"campfire_rested":2,"item_purchase_floors":[8,19,19,19],"current_hp_per_floor":[72,72,72,72,61,32,54,54,54,21,46,46,19,14,51,22,75,8,8,8,0],"gold":0,"neow_bonus":"ONE_RANDOM_RARE_CARD","is_prod":false,"is_daily":false,"chose_seed":false,"campfire_upgraded":0,"win_rate":0.0,"timestamp":1563576712,"path_taken":["M","M","?","M","?","E","R","$","T","E","?","?","E","?","R","BOSS","M","$","?","M"],"build_version":"2019-07-17","purchased_purges":0,"victory":false,"max_hp_per_floor":[75,75,75,75,75,75,75,75,75,75,75,75,75,75,75,75,75,75,75,75,75],"card_choices":[{"not_picked":["Redo","Fusion"],"picked":"Coolheaded","floor":1},{"not_picked":["Rebound","Compile Driver"],"picked":"Redo","floor":2},{"not_picked":["Compile Driver","Leap"],"picked":"Streamline","floor":4},{"not_picked":["Rip and Tear","Barrage"],"picked":"Lockon","floor":6},{"not_picked":["Sweeping Beam","Coolheaded"],"picked":"Glacier","floor":10},{"not_picked":["Glacier","Steam"],"picked":"Hello World","floor":13},{"not_picked":["Steam","Hologram"],"picked":"Reinforced Body","floor":14},{"not_picked":["Fission","Multi-Cast"],"picked":"All For One","floor":16},{"not_picked":["Reprogram","Ball Lightning"],"picked":"Conserve Battery","floor":18}],"player_experience":198074,"relics_obtained":[{"floor":6,"key":"MawBank"},{"floor":9,"key":"Ancient Tea Set"},{"floor":10,"key":"Blood Vial"},{"floor":13,"key":"Regal Pillow"}],"event_choices":[{"cards_removed":["Strike_B"],"damage_healed":0,"gold_gain":0,"player_choice":"Card Removal","damage_taken":0,"max_hp_gain":0,"max_hp_loss":0,"event_name":"The Cleric","floor":3,"gold_loss":50},{"damage_healed":0,"gold_gain":75,"player_choice":"Gather Gold","damage_taken":11,"max_hp_gain":0,"max_hp_loss":0,"event_name":"World of Goop","floor":5,"gold_loss":0},{"damage_healed":25,"gold_gain":0,"player_choice":"Banana","damage_taken":0,"max_hp_gain":0,"max_hp_loss":0,"event_name":"Big Fish","floor":11,"gold_loss":0},{"damage_healed":0,"gold_gain":0,"player_choice":"Opened","damage_taken":0,"relics_obtained":["Lantern"],"max_hp_gain":0,"max_hp_loss":0,"event_name":"The Mausoleum","floor":20,"gold_loss":0}],"is_beta":false,"boss_relics":[{"not_picked":["Philosopher\u0027s Stone","Ectoplasm"],"picked":"FrozenCore"}],"items_purged_floors":[],"is_endless":false,"potions_floor_spawned":[4,6,16],"killed_by":"2 Thieves","ascension_level":0}