{"gold_per_floor":[117,117,192,212,226,226,241,241,241,241,22,22,51,61,61,61],"floor_reached":16,"playtime":1014,"items_purged":[],"score":195,"play_id":"39c75f2e-f144-47fc-8196-055170719e85","local_time":"20181112232722","is_ascension_mode":true,"campfire_choices":[{"data":"Neutralize","floor":6,"key":"SMITH"},{"floor":8,"key":"REST"},{"data":"Terror","floor":10,"key":"SMITH"},{"data":"Well Laid Plans","floor":12,"key":"SMITH"},{"floor":15,"key":"REST"}],"neow_cost":"NONE","seed_source_timestamp":710388406271223,"circlet_count":0,"master_deck":["AscendersBane","Defend_G","Defend_G","Defend_G","Defend_G","Defend_G","Strike_G","Strike_G+1","Strike_G","Strike_G","Strike_G","Survivor","Neutralize+1","Purity","Well Laid Plans+1","Flying Knee","Terror+1","Endless Agony+1","Blade Dance","Bouncing Flask","Dash"],"relics":["Ring of the Snake","WingedGreaves","Whetstone","Letter Opener"],"potions_floor_usage":[7,16,16],"damage_taken":[{"damage":6,"enemies":"2 Louse","floor":1,"turns":4},{"damage":3,"enemies":"Small Slimes","floor":4,"turns":5},{"damage":2,"enemies":"Jaw Worm","floor":5,"turns":5},{"damage":22,"enemies":"Exordium Thugs","floor":7,"turns":6},{"damage":25,"enemies":"3 Sentries","floor":13,"turns":13},{"damage":6,"enemies":"Looter","floor":14,"turns":3},{"damage":33,"enemies":"Hexaghost","floor":16,"turns":9}],"seed_played":"4289957264060106257","potions_obtained":[{"floor":1,"key":"Energy Potion"},{"floor":13,"key":"Swift Potion"},{"floor":14,"key":"AttackPotion"}],"is_trial":false,"path_per_floor":["M","?","?","M","M","R","M","R","T","R","$","R","E","M","R","B"],"character_chosen":"THE_SILENT","items_purchased":["Whetstone","Blade Dance"],"campfire_rested":2,"item_purchase_floors":[11,11],"current_hp_per_floor":[53,58,47,44,42,42,20,41,41,41,41,41,16,10,31,0],"gold":61,"neow_bonus":"RANDOM_COLORLESS","is_prod":false,"is_daily":false,"chose_seed":false,"campfire_upgraded":3,"win_rate":0,"timestamp":1542083242,"path_taken":["M","?","?","M","M","R","M","R","T","R","$","R","E","M","R","BOSS"],"build_version":"2018-11-08","purchased_purges":0,"victory":false,"max_hp_per_floor":[66,71,71,71,71,71,71,71,71,71,71,71,71,71,71,71],"card_choices":[{"not_picked":["Slice","Outmaneuver"],"picked":"Well Laid Plans","floor":1},{"not_picked":["Finisher","Tactician"],"picked":"Flying Knee","floor":4},{"not_picked":["Bane","Outmaneuver"],"picked":"Terror","floor":5},{"not_picked":["Setup","Concentrate"],"picked":"Endless Agony","floor":7},{"not_picked":["Cloak And Dagger","PiercingWail"],"picked":"Bouncing Flask","floor":13},{"not_picked":["Prepared","Distraction"],"picked":"Dash","floor":14}],"player_experience":2249252,"relics_obtained":[{"floor":9,"key":"WingedGreaves"},{"floor":13,"key":"Letter Opener"}],"event_choices":[{"damage_healed":0,"gold_gain":0,"player_choice":"Donut","damage_taken":0,"max_hp_gain":5,"max_hp_loss":0,"event_name":"Big Fish","floor":2,"gold_loss":0},{"damage_healed":0,"gold_gain":75,"player_choice":"Gather Gold","damage_taken":11,"max_hp_gain":0,"max_hp_loss":0,"event_name":"World of Goop","floor":3,"gold_loss":0}],"is_beta":false,"boss_relics":[],"items_purged_floors":[],"is_endless":false,"potions_floor_spawned":[1,13,14],"killed_by":"Hexaghost","ascension_level":19}