{"gold_per_floor":[215,231,231,248,398,398,418,31,105,105,105,17,49,68,68,145,145,160,160,0,12,12,12,12,30,30,30,30,45,45],"floor_reached":30,"playtime":1525,"items_purged":[],"score":445,"play_id":"23ae41fe-9032-45ad-ba0a-e6bd51d802c1","local_time":"20190709013119","is_ascension_mode":true,"campfire_choices":[{"data":"Prepared","floor":6.0,"key":"SMITH"},{"data":"1","floor":15.0,"key":"LIFT"},{"data":"2","floor":23,"key":"LIFT"},{"floor":28,"key":"REST"}],"neow_cost":"NONE","seed_source_timestamp":0,"circlet_count":0,"master_deck":["AscendersBane","Strike_G","Strike_G","Strike_G","Strike_G","Strike_G","Defend_G","Defend_G","Defend_G","Defend_G","Defend_G","Survivor","Neutralize","Prepared+1","Backflip","Dagger Spray","Doubt","Flying Knee","Dagger Throw","Infinite Blades","Calculated Gamble","Acrobatics","Storm of Steel","Blade Dance","PiercingWail+1","Phantasmal Killer"],"special_seed":0,"relics":["Ring of the Serpent","Du-Vu Doll","Darkstone Periapt","Girya","PreservedInsect","Oddly Smooth Stone","MutagenicStrength"],"potions_floor_usage":[29,30],"damage_taken":[{"damage":1.0,"enemies":"Small Slimes","floor":1.0,"turns":4.0},{"damage":5.0,"enemies":"2 Louse","floor":2.0,"turns":3.0},{"damage":4.0,"enemies":"Jaw Worm","floor":4.0,"turns":6.0},{"damage":3.0,"enemies":"Blue Slaver","floor":7.0,"turns":7.0},{"damage":3.0,"enemies":"3 Sentries","floor":13.0,"turns":7.0},{"damage":6.0,"enemies":"Looter","floor":14.0,"turns":3.0},{"damage":15.0,"enemies":"Slime Boss","floor":16.0,"turns":7.0},{"damage":22.0,"enemies":"2 Thieves","floor":18.0,"turns":4.0},{"damage":15,"enemies":"Chosen","floor":21,"turns":5},{"damage":28,"enemies":"Snake Plant","floor":25,"turns":5},{"damage":17,"enemies":"Centurion and Healer","floor":29,"turns":5},{"damage":23,"enemies":"Shelled Parasite and Fungi","floor":30,"turns":1}],"seed_played":"-4996759290390065386","potions_obtained":[{"floor":2.0,"key":"Weak Potion"},{"floor":4.0,"key":"EssenceOfSteel"},{"floor":13.0,"key":"Strength Potion"},{"floor":18.0,"key":"Weak Potion"},{"floor":29,"key":"Regen Potion"}],"is_trial":false,"path_per_floor":["M","M","?","M","?","R","M","$","T","?","T","$","E","M","R","B",null,"M","?","?","M","?","R","$","M","T","?","R","M","M"],"character_chosen":"THE_SILENT","items_purchased":["Du-Vu Doll","Dagger Throw","Infinite Blades"],"campfire_rested":1,"item_purchase_floors":[8,8,12],"current_hp_per_floor":[58,53,53,49,49,49,46,46,46,46,46,46,43,37,37,22,55,33,33,33,18,31,31,31,3,3,3,22,5,0],"gold":45,"neow_bonus":"HUNDRED_GOLD","is_prod":false,"is_daily":false,"chose_seed":false,"campfire_upgraded":1,"win_rate":0,"timestamp":1562657479,"path_taken":["M","M","?","M","?","R","M","$","T","?","?","?","E","M","R","BOSS","M","?","?","M","?","R","$","M","T","?","R","M","?"],"build_version":"2019-07-03","purchased_purges":0,"victory":false,"max_hp_per_floor":[66,66,66,66,66,66,66,66,66,66,66,66,66,66,66,66,66,66,66,66,66,66,66,66,66,66,66,66,66,66],"card_choices":[{"not_picked":["Cloak And Dagger","Eviscerate"],"picked":"Prepared","floor":1.0},{"not_picked":["Catalyst","Prepared"],"picked":"Backflip","floor":2.0},{"not_picked":["Dagger Throw","Deflect"],"picked":"Dagger Spray","floor":4.0},{"not_picked":["Expertise","Distraction"],"picked":"Flying Knee","floor":7.0},{"not_picked":["Poisoned Stab","Masterful Stab"],"picked":"Calculated Gamble","floor":13.0},{"not_picked":["Flying Knee","Poisoned Stab"],"picked":"Acrobatics","floor":14.0},{"not_picked":["After Image","Burst"],"picked":"Storm of Steel","floor":16.0},{"not_picked":["Slice","Predator"],"picked":"Blade Dance","floor":18.0},{"not_picked":["Outmaneuver+1","Poisoned Stab"],"picked":"PiercingWail+1","floor":21},{"not_picked":["Dodge and Roll","Acrobatics","Flechettes"],"picked":"SKIP","floor":25},{"not_picked":["Dagger Throw+1","Sucker Punch+1"],"picked":"Phantasmal Killer","floor":29}],"player_experience":1160824,"relics_obtained":[{"floor":9.0,"key":"Darkstone Periapt"},{"floor":11.0,"key":"Girya"},{"floor":13.0,"key":"PreservedInsect"},{"floor":26,"key":"Oddly Smooth Stone"}],"event_choices":[{"damage_healed":0.0,"max_hp_gain":0.0,"max_hp_loss":0.0,"gold_gain":0.0,"event_name":"Shining Light","player_choice":"Ignored","floor":3.0,"gold_loss":0.0,"damage_taken":0.0},{"damage_healed":0.0,"max_hp_gain":0.0,"max_hp_loss":0.0,"gold_gain":150.0,"event_name":"Liars Game","player_choice":"AGREE","floor":5.0,"gold_loss":0.0,"damage_taken":0.0,"cards_obtained":["Doubt"]},{"damage_healed":0.0,"max_hp_gain":0.0,"max_hp_loss":0.0,"gold_gain":0.0,"event_name":"Golden Wing","player_choice":"Ignored","floor":10.0,"gold_loss":0.0,"damage_taken":0.0},{"damage_healed":0.0,"max_hp_gain":0.0,"max_hp_loss":0.0,"gold_gain":0.0,"event_name":"Ghosts","player_choice":"Ignored","floor":19.0,"gold_loss":0.0,"damage_taken":0.0},{"damage_healed":0,"gold_gain":0,"player_choice":"Paid Fearfully","damage_taken":0,"max_hp_gain":0,"max_hp_loss":0,"event_name":"Masked Bandits","floor":20,"gold_loss":160},{"damage_healed":13,"gold_gain":0,"player_choice":"Heal","damage_taken":0,"max_hp_gain":0,"max_hp_loss":0,"event_name":"The Library","floor":22,"gold_loss":0},{"damage_healed":0,"gold_gain":0,"player_choice":"Inject Mutagens","damage_taken":0,"relics_obtained":["MutagenicStrength"],"max_hp_gain":0,"max_hp_loss":0,"event_name":"Drug Dealer","floor":27,"gold_loss":0}],"is_beta":true,"boss_relics":[{"not_picked":["HoveringKite","Empty Cage"],"picked":"Ring of the Serpent"}],"items_purged_floors":[],"is_endless":false,"potions_floor_spawned":[2,4,13,18,29],"killed_by":"Shelled Parasite and Fungi","ascension_level":19}