{"gold_per_floor":[215,231,231,50,50,83,83,108,185,185,216,246,258,280,292,402,414,446,458,470,42,42,69,69,102,127,127,139,155,155,169,169,169],"floor_reached":33,"playtime":3187,"items_purged":["Regret","Strike_B"],"score":482,"play_id":"8961307a-4dd8-434e-9962-931fd4c7a642","local_time":"20190131103441","is_ascension_mode":true,"campfire_choices":[{"data":"Zap","floor":7,"key":"SMITH"},{"data":"Dualcast","floor":10,"key":"SMITH"},{"data":"Conserve Battery","floor":13,"key":"SMITH"},{"data":"All For One","floor":15,"key":"SMITH"},{"floor":24,"key":"REST"},{"floor":27,"key":"REST"},{"floor":30,"key":"REST"},{"floor":32,"key":"REST"}],"neow_cost":"NONE","seed_source_timestamp":130811946038000,"circlet_count":0,"master_deck":["AscendersBane","Strike_B","Strike_B","Strike_B","Defend_B","Defend_B","Defend_B","Defend_B","Zap+1","Dualcast+1","Ball Lightning","Genetic Algorithm+1","Sunder","Reinforced Body","Reprogram","All For One+1","Conserve Battery+1","Conserve Battery","Thunder Strike","Go for the Eyes","Loop","Capacitor","Leap+1","Double Energy+1","Redo+1","Coolheaded+1","Steam+1"],"relics":["Cracked Core","Art of War","Bottled Lightning","Sundial","Ornamental Fan","MawBank","White Beast Statue","Kunai","Toxic Egg 2","GremlinMask","Darkstone Periapt","Smiling Mask","Blood Vial"],"potions_floor_usage":[6,11,16,23,23,23,23,25,28,29,31,33],"damage_taken":[{"damage":1,"enemies":"Cultist","floor":1,"turns":4},{"damage":0,"enemies":"Small Slimes","floor":2,"turns":3},{"damage":21,"enemies":"3 Sentries","floor":6,"turns":7},{"damage":5,"enemies":"Lagavulin","floor":8,"turns":7},{"damage":20,"enemies":"3 Sentries","floor":11,"turns":8},{"damage":0,"enemies":"2 Louse","floor":12,"turns":2},{"damage":0,"enemies":"Gremlin Gang","floor":14,"turns":4},{"damage":8,"enemies":"Hexaghost","floor":16,"turns":8},{"damage":7,"enemies":"Spheric Guardian","floor":18,"turns":4},{"damage":15,"enemies":"Book of Stabbing","floor":23,"turns":7},{"damage":52,"enemies":"Gremlin Leader","floor":25,"turns":11},{"damage":17,"enemies":"2 Thieves","floor":28,"turns":2},{"damage":3,"enemies":"Snecko","floor":29,"turns":5},{"damage":34,"enemies":"3 Cultists","floor":31,"turns":8},{"damage":30,"enemies":"Champ","floor":33,"turns":10}],"seed_played":"-145386017685984340","potions_obtained":[{"floor":2,"key":"EssenceOfSteel"},{"floor":6,"key":"Strength Potion"},{"floor":8,"key":"Fire Potion"},{"floor":12,"key":"Block Potion"},{"floor":18,"key":"EntropicBrew"},{"floor":23,"key":"Ancient Potion"},{"floor":25,"key":"FearPotion"},{"floor":28,"key":"Ancient Potion"},{"floor":29,"key":"Strength Potion"},{"floor":31,"key":"PowerPotion"}],"is_trial":false,"path_per_floor":["M","M","?","$","?","E","R","E","T","R","E","M","R","M","R","B",null,"M","?","T","$","?","E","R","E","T","R","M","M","R","M","R","B"],"character_chosen":"DEFECT","items_purchased":["Sunder","Reinforced Body","Capacitor","Toxic Egg 2","Leap+1"],"campfire_rested":4,"item_purchase_floors":[4,4,21,21,21],"current_hp_per_floor":[67,67,67,67,67,46,46,41,41,41,21,21,21,21,21,13,60,53,53,53,53,53,38,60,8,8,30,15,14,36,4,26,0],"gold":169,"neow_bonus":"HUNDRED_GOLD","is_prod":false,"is_daily":false,"chose_seed":false,"campfire_upgraded":4,"win_rate":0,"timestamp":1548948881,"path_taken":["M","?","?","$","?","E","R","E","T","R","E","M","R","?","R","BOSS","M","?","?","$","?","E","R","E","T","R","?","M","R","M","R","BOSS"],"build_version":"2019-01-23","purchased_purges":2,"victory":false,"max_hp_per_floor":[75,75,75,75,75,75,75,75,75,75,75,75,75,75,75,75,75,75,75,75,75,75,75,75,75,75,75,75,75,75,75,75,75],"card_choices":[{"not_picked":["Go for the Eyes","Coolheaded"],"picked":"Ball Lightning","floor":1},{"not_picked":["Rip and Tear","Cold Snap"],"picked":"Genetic Algorithm","floor":2},{"not_picked":["Cold Snap","Barrage","Storm"],"picked":"SKIP","floor":6},{"not_picked":["Sweeping Beam","Fission"],"picked":"Reprogram","floor":8},{"not_picked":["Coolheaded","Ball Lightning"],"picked":"All For One","floor":11},{"not_picked":["Recycle","Streamline"],"picked":"Conserve Battery","floor":12},{"not_picked":["Cold Snap","Turbo"],"picked":"Conserve Battery","floor":14},{"not_picked":["Meteor Strike","Multi-Cast"],"picked":"Thunder Strike","floor":16},{"not_picked":["Streamline","Melter"],"picked":"Go for the Eyes","floor":18},{"not_picked":["Steam Power+1","Genetic Algorithm+1"],"picked":"Double Energy+1","floor":23},{"not_picked":["Gash","Fission+1"],"picked":"Redo+1","floor":25},{"not_picked":["Barrage","Compile Driver+1"],"picked":"Coolheaded+1","floor":28},{"not_picked":["Aggregate+1","Hologram+1"],"picked":"Steam+1","floor":29},{"not_picked":["Barrage+1","Turbo+1","Heatsinks"],"picked":"SKIP","floor":31}],"player_experience":3016666,"relics_obtained":[{"floor":6,"key":"Bottled Lightning"},{"floor":8,"key":"Sundial"},{"floor":9,"key":"Ornamental Fan"},{"floor":11,"key":"MawBank"},{"floor":20,"key":"Kunai"},{"floor":23,"key":"Darkstone Periapt"},{"floor":25,"key":"Smiling Mask"},{"floor":26,"key":"Blood Vial"}],"event_choices":[{"damage_healed":0,"gold_gain":0,"player_choice":"Box","damage_taken":0,"relics_obtained":["Art of War"],"max_hp_gain":0,"max_hp_loss":0,"event_name":"Big Fish","floor":3,"gold_loss":0,"cards_obtained":["Regret"]},{"damage_healed":0,"gold_gain":0,"player_choice":"Forge","damage_taken":0,"max_hp_gain":0,"max_hp_loss":0,"event_name":"Accursed Blacksmith","floor":5,"gold_loss":0,"cards_upgraded":["Genetic Algorithm"]},{"damage_healed":0,"gold_gain":0,"player_choice":"Read","damage_taken":0,"max_hp_gain":0,"max_hp_loss":0,"event_name":"The Library","floor":19,"gold_loss":0,"cards_obtained":["Loop"]},{"damage_healed":0,"gold_gain":0,"player_choice":"Trade","damage_taken":0,"relics_obtained":["GremlinMask"],"max_hp_gain":0,"max_hp_loss":0,"event_name":"FaceTrader","floor":22,"gold_loss":0}],"is_beta":false,"boss_relics":[{"not_picked":["Ectoplasm","Eternal Feather"],"picked":"White Beast Statue"}],"items_purged_floors":[4,21],"is_endless":false,"potions_floor_spawned":[2,6,8,12,18,23,25,28,29,31],"killed_by":"Champ","ascension_level":12}