{"gold_per_floor":[217,227,34,34,34,34,52,65,65,65,81,81,97,164,164,269,269,250,300,385,350,400,400,419,431,431,431,450,500,36,56,56,159,159,176,326,376,391,411,443,443,793,793,809,234,294,368,385,385,385],"floor_reached":51,"playtime":3558,"items_purged":["Strike_R","Strike_R","Strike_R"],"score":771,"play_id":"5ca92f8a-115f-491b-9daa-c232e1d2ae54","local_time":"20190716120654","is_ascension_mode":false,"campfire_choices":[{"data":"Bash","floor":6,"key":"SMITH"},{"data":"Feed","floor":10,"key":"SMITH"},{"data":"Infernal Blade","floor":12,"key":"SMITH"},{"data":"Flex","floor":15,"key":"SMITH"},{"data":"Fiend Fire","floor":23,"key":"SMITH"},{"data":"Spot Weakness","floor":27,"key":"SMITH"},{"data":"Dual Wield","floor":32,"key":"SMITH"},{"floor":41,"key":"REST"},{"data":"Barricade","floor":49,"key":"SMITH"}],"neow_cost":"NONE","seed_source_timestamp":471169946444936,"circlet_count":0,"master_deck":["Strike_R+1","Strike_R+1","Defend_R","Defend_R","Defend_R","Defend_R","Bash+1","Flex+1","Headbutt","Shrug It Off","Feed+1","Infernal Blade+1","Power Through","Iron Wave","Fiend Fire+1","Burning Pact+1","Metallicize+1","Twin Strike+1","Spot Weakness+1","Dual Wield+1","Battle Trance+1","Intimidate+1","Limit Break+1","Offering+1","Burning Pact+1","Clothesline+1","Disarm+1","True Grit+1","Barricade+1","Heavy Blade+1","Flame Barrier+1","Feel No Pain","Pummel+1","Sentinel+1","Shrug It Off+1","Sword Boomerang+1"],"relics":["Burning Blood","SsserpentHead","Magic Flower","Velvet Choker","Red Mask","Meat on the Bone","Darkstone Periapt","Champion Belt","Toxic Egg 2","Sozu","FossilizedHelix","Whetstone","Molten Egg 2","Lee\u0027s Waffle","Bag of Marbles"],"potions_floor_usage":[16,16,16,33,33],"damage_taken":[{"damage":6,"enemies":"Jaw Worm","floor":1,"turns":5},{"damage":6,"enemies":"Cultist","floor":2,"turns":3},{"damage":2,"enemies":"2 Louse","floor":7,"turns":2},{"damage":16,"enemies":"Large Slime","floor":8,"turns":9},{"damage":14,"enemies":"3 Louse","floor":11,"turns":4},{"damage":0,"enemies":"Looter","floor":13,"turns":2},{"damage":5,"enemies":"Large Slime","floor":14,"turns":6},{"damage":58,"enemies":"Hexaghost","floor":16,"turns":13},{"damage":10,"enemies":"2 Thieves","floor":18,"turns":4},{"damage":24,"enemies":"Masked Bandits","floor":20,"turns":6},{"damage":0,"enemies":"Spheric Guardian","floor":24,"turns":2},{"damage":13,"enemies":"Shelled Parasite and Fungi","floor":25,"turns":6},{"damage":0,"enemies":"Centurion and Healer","floor":28,"turns":6},{"damage":4,"enemies":"Snake Plant","floor":31,"turns":3},{"damage":69,"enemies":"Automaton","floor":33,"turns":7},{"damage":28,"enemies":"3 Darklings","floor":35,"turns":7},{"damage":8,"enemies":"Mind Bloom Boss Battle","floor":36,"turns":5},{"damage":15,"enemies":"3 Shapes","floor":38,"turns":3},{"damage":41,"enemies":"Sphere and 2 Shapes","floor":39,"turns":10},{"damage":66,"enemies":"Reptomancer","floor":40,"turns":5},{"damage":8,"enemies":"Jaw Worm Horde","floor":44,"turns":6},{"damage":6,"enemies":"Spire Growth","floor":46,"turns":5},{"damage":6,"enemies":"Sphere and 2 Shapes","floor":48,"turns":10},{"damage":26,"enemies":"Time Eater","floor":50,"turns":8}],"seed_played":"7956707154391575698","potions_obtained":[{"floor":2,"key":"Poison Potion"},{"floor":8,"key":"Weak Potion"},{"floor":24,"key":"Energy Potion"},{"floor":25,"key":"FearPotion"}],"is_trial":false,"path_per_floor":["M","M","$","?","?","R","M","M","T","R","M","R","M","M","R","B",null,"M","?","?","?","T","R","M","M","T","R","M","?","$","M","R","B",null,"M","?","?","M","M","E","R","?","T","M","$","M","T","M","R","B",null],"character_chosen":"IRONCLAD","items_purchased":["Headbutt","Shrug It Off","Strength Potion","Toxic Egg 2","Battle Trance+1","Intimidate+1","Flame Barrier+1","Lee\u0027s Waffle","Feel No Pain","Pummel+1","Sentinel+1"],"campfire_rested":1,"item_purchase_floors":[3,3,3,30,30,30,45,45,45,45,45],"current_hp_per_floor":[80,80,80,80,80,80,80,70,70,70,71,71,80,88,88,45,92,96,96,85,85,85,85,94,96,96,96,108,86,86,97,97,55,117,104,111,111,105,85,46,84,84,84,91,138,138,138,142,142,125],"gold":385,"neow_bonus":"HUNDRED_GOLD","is_prod":false,"is_daily":false,"chose_seed":false,"campfire_upgraded":8,"win_rate":0,"timestamp":1563293214,"path_taken":["M","M","$","?","?","R","M","M","T","R","M","R","M","?","R","BOSS","M","?","?","?","?","R","M","M","T","R","M","?","$","M","R","BOSS","M","?","?","M","M","E","R","?","T","M","$","?","?","M","R","BOSS"],"build_version":"2019-07-05","purchased_purges":3,"victory":true,"max_hp_per_floor":[80,80,80,80,80,80,80,80,80,80,84,84,84,88,88,92,92,96,96,100,100,100,100,100,104,104,104,108,113,113,117,117,117,117,121,125,119,119,127,127,127,127,127,131,138,138,138,142,142,142],"card_choices":[{"not_picked":["Thunderclap","Feel No Pain","Warcry"],"picked":"SKIP","floor":1},{"not_picked":["Wild Strike","Corruption"],"picked":"Flex","floor":2},{"not_picked":["Sever Soul","Fire Breathing","Body Slam"],"picked":"SKIP","floor":7},{"not_picked":["Sever Soul","Body Slam"],"picked":"Feed","floor":8},{"not_picked":["Thunderclap","Clash"],"picked":"Infernal Blade","floor":11},{"not_picked":["Thunderclap","Warcry"],"picked":"Power Through","floor":13},{"not_picked":["Wild Strike","Rage"],"picked":"Iron Wave","floor":14},{"not_picked":["Feed","Double Tap"],"picked":"Fiend Fire","floor":16},{"not_picked":["Reckless Charge+1","Perfected Strike"],"picked":"Burning Pact+1","floor":18},{"not_picked":["Reckless Charge+1","Entrench"],"picked":"Metallicize+1","floor":20},{"not_picked":["Heavy Blade","Sword Boomerang"],"picked":"Twin Strike+1","floor":24},{"not_picked":["Perfected Strike+1","Combust"],"picked":"Spot Weakness","floor":25},{"not_picked":["True Grit","Pommel Strike"],"picked":"Dual Wield","floor":28},{"not_picked":["Pommel Strike","Warcry+1"],"picked":"Limit Break+1","floor":31},{"not_picked":["Exhume+1","Brutality"],"picked":"Offering+1","floor":33},{"not_picked":["Blood for Blood","Perfected Strike"],"picked":"Burning Pact+1","floor":35},{"not_picked":["Corruption","Uppercut"],"picked":"Clothesline+1","floor":36},{"not_picked":["Rupture","Anger+1"],"picked":"Disarm+1","floor":38},{"not_picked":["Rampage","Reckless Charge"],"picked":"True Grit+1","floor":39},{"not_picked":["Second Wind+1","Limit Break+1"],"picked":"Barricade","floor":40},{"not_picked":["True Grit+1","Twin Strike+1"],"picked":"Heavy Blade+1","floor":44},{"not_picked":["Flex+1","Rage+1"],"picked":"Shrug It Off+1","floor":46},{"not_picked":["Flex+1","Anger+1"],"picked":"Sword Boomerang+1","floor":48}],"player_experience":3980862,"relics_obtained":[{"floor":9,"key":"Magic Flower"},{"floor":20,"key":"Red Mask"},{"floor":22,"key":"Darkstone Periapt"},{"floor":26,"key":"Champion Belt"},{"floor":36,"key":"FossilizedHelix"},{"floor":40,"key":"Whetstone"},{"floor":43,"key":"Molten Egg 2"},{"floor":47,"key":"Bag of Marbles"}],"event_choices":[{"damage_healed":0,"gold_gain":0,"player_choice":"Ignored","damage_taken":0,"max_hp_gain":0,"max_hp_loss":0,"event_name":"Liars Game","floor":4,"gold_loss":0},{"damage_healed":0,"gold_gain":0,"player_choice":"Trade","damage_taken":0,"relics_obtained":["SsserpentHead"],"max_hp_gain":0,"max_hp_loss":0,"event_name":"FaceTrader","floor":5,"gold_loss":0},{"damage_healed":0,"gold_gain":0,"player_choice":"Ignored","damage_taken":0,"max_hp_gain":0,"max_hp_loss":0,"event_name":"Ghosts","floor":19,"gold_loss":0},{"damage_healed":0,"gold_gain":0,"player_choice":"Fought Bandits","damage_taken":0,"max_hp_gain":0,"max_hp_loss":0,"event_name":"Masked Bandits","floor":20,"gold_loss":0},{"damage_healed":0,"gold_gain":0,"player_choice":"Obtained Relic","damage_taken":0,"relics_obtained":["Meat on the Bone"],"max_hp_gain":0,"max_hp_loss":0,"event_name":"Addict","floor":21,"gold_loss":85},{"damage_healed":0,"gold_gain":0,"player_choice":"Shed Blood","damage_taken":27,"max_hp_gain":5,"max_hp_loss":0,"event_name":"Forgotten Altar","floor":29,"gold_loss":0},{"damage_healed":0,"gold_gain":0,"player_choice":"Fight","damage_taken":0,"max_hp_gain":0,"max_hp_loss":0,"event_name":"MindBloom","floor":36,"gold_loss":0},{"damage_healed":0,"gold_gain":0,"player_choice":"Max HP","damage_taken":0,"max_hp_gain":0,"max_hp_loss":6,"event_name":"Winding Halls","floor":37,"gold_loss":0},{"damage_healed":0,"gold_gain":300,"player_choice":"Gold","damage_taken":0,"max_hp_gain":0,"max_hp_loss":0,"event_name":"Wheel of Change","floor":42,"gold_loss":0}],"is_beta":false,"boss_relics":[{"not_picked":["Runic Cube","Black Blood"],"picked":"Velvet Choker"},{"not_picked":["Black Star","Orrery"],"picked":"Sozu"}],"items_purged_floors":[3,30,45],"is_endless":false,"potions_floor_spawned":[2,8,24,25,35,38,40,48],"ascension_level":0}