{"path_per_floor":["M","?","M","?","M","R","M","M","T","$","M","R","$","M","R","B",null,"M","M","$","?","M","$","R","M","T","M","R","?","M","?","R"],"character_chosen":"THE_SILENT","items_purchased":["Torii","Tingsha","Jack Of All Trades","Backflip","Acrobatics"],"gold_per_floor":[362,537,549,549,565,565,582,592,667,5,17,17,17,36,36,135,165,183,198,46,46,65,19,19,31,31,47,47,47,65,65,65],"floor_reached":33,"campfire_rested":2,"playtime":4926,"current_hp_per_floor":[62,62,52,57,52,52,47,47,47,47,41,41,41,39,39,23,73,69,69,69,62,36,36,57,51,51,40,40,64,51,51,72],"items_purged":["Defend_G"],"gold":65,"play_id":"7bac5acb-4c21-4557-9502-1de6004d0d7b","is_prod":false,"is_daily":false,"is_ascension_mode":true,"campfire_upgraded":4,"path_taken":["M","?","?","?","M","R","M","M","T","?","?","R","$","M","R","BOSS","M","M","$","?","M","$","R","M","T","M","R","?","M","?","R","BOSS"],"build_version":"2018-02-01-PROD1","purchased_purges":1,"victory":false,"master_deck":["Defend_G","Defend_G","Defend_G","Defend_G","Strike_G","Strike_G","Strike_G","Strike_G","Strike_G","Survivor","Neutralize+1","Doubt","Backflip","Footwork+1","Caltrops+1","Well Laid Plans","Doppelganger","Dodge and Roll+1","Slice+1","Jack Of All Trades","Backflip","Dagger Spray+1","Acrobatics","Flying Knee+1","Burst+1"],"max_hp_per_floor":[63,63,63,68,68,68,68,68,68,68,68,68,68,68,68,68,73,73,73,73,73,73,73,73,73,73,73,73,73,73,73,73],"relics":["Ring of the Snake","Gremlin Horn","Torii","Tingsha","Tiny House","Sundial"],"card_choices":[{"not_picked":["Well Laid Plans","Dodge and Roll"],"picked":"Backflip"},{"not_picked":["Slice","Acrobatics"],"picked":"Footwork"},{"not_picked":["Dodge and Roll","Tactician"],"picked":"Caltrops"},{"not_picked":["Underhanded Strike","Dagger Throw"],"picked":"Well Laid Plans"},{"not_picked":["Corpse Explosion","Tactician"],"picked":"Doppelganger"},{"not_picked":["Underhanded Strike","Accuracy"],"picked":"Dodge and Roll"},{"not_picked":["Catalyst","Corpse Explosion"],"picked":"Slice"},{"not_picked":["Sucker Punch","Cloak And Dagger"],"picked":"Dagger Spray"},{"not_picked":["Poisoned Stab","Malaise"],"picked":"Flying Knee"},{"not_picked":["Choke","Endless Agony"],"picked":"Burst"}],"player_experience":450226,"potions_floor_usage":[8,11,18,22,33],"damage_taken":[{"damage":1,"enemies":"Small Slimes","floor":1,"turns":5},{"damage":10,"enemies":"Cultist","floor":3,"turns":6},{"damage":5,"enemies":"Blue Slaver","floor":5,"turns":5},{"damage":5,"enemies":"2 Fungi Beasts","floor":7,"turns":5},{"damage":0,"enemies":"3 Louse","floor":8,"turns":2},{"damage":6,"enemies":"Gremlin Gang","floor":11,"turns":6},{"damage":2,"enemies":"Exordium Thugs","floor":14,"turns":8},{"damage":16,"enemies":"The Guardian","floor":16,"turns":17},{"damage":4,"enemies":"3 Byrds","floor":18,"turns":5},{"damage":0,"enemies":"Chosen","floor":19,"turns":12},{"damage":26,"enemies":"3 Cultists","floor":22,"turns":7},{"damage":6,"enemies":"Chosen and Byrds","floor":25,"turns":12},{"damage":11,"enemies":"Centurion and Healer","floor":27,"turns":8},{"damage":13,"enemies":"Snake Plant","floor":30,"turns":6},{"damage":92,"enemies":"Champ","floor":33,"turns":16}],"event_choices":[{"event_name":"Liars Game","player_choice":"agreed","floor":2,"damage_taken":0},{"event_name":"Big Fish","player_choice":"Donut","floor":4,"damage_taken":0},{"event_name":"Wheel of Change","player_choice":"Damage","floor":21,"damage_taken":0},{"event_name":"The Library","player_choice":"Heal","floor":29,"damage_taken":0},{"event_name":"Addict","player_choice":"Ignored","floor":31,"damage_taken":0}],"boss_relics":[{"not_picked":["Philosopher\u0027s Stone","Cursed Key"],"picked":"Tiny House"}],"potions_floor_spawned":[3,8,16,27],"seed_played":"7117306079704589395","killed_by":"Champ","ascension_level":3,"is_trial":false}