{"path_per_floor":["M","?","M","M","$","?","M","R","T","M","?","M","M","M","R","B",null,"M","M","?","M","$","R"],"character_chosen":"THE_SILENT","items_purchased":["Bouncing Flask","Well Laid Plans","Noxious Fumes"],"gold_per_floor":[114,114,132,143,31,31,51,51,51,70,70,90,109,126,126,224,224,237,224,149,169,128,128],"floor_reached":24,"campfire_rested":1,"playtime":2999,"current_hp_per_floor":[70,63,63,63,63,63,51,51,65,65,65,65,61,61,61,18,84,54,44,44,15,15,40],"items_purged":[],"gold":128,"play_id":"82d3a6c1-1fc8-4bec-9620-07c98d7974b4","is_prod":false,"is_daily":false,"campfire_rituals":0,"campfire_upgraded":2,"is_hardmode":false,"path_taken":["M","?","M","?","$","?","M","R","T","M","?","?","?","M","R","BOSS","M","M","?","?","$","R","M"],"build_version":"2018-01-11-PROD2","purchased_purges":0,"victory":false,"master_deck":["Defend_G","Defend_G","Defend_G","Defend_G","Defend_G","Strike_G","Strike_G","Strike_G","Strike_G","Strike_G","Survivor","Neutralize","Bullet Time","Dash","Deadly Poison","Bouncing Flask","Well Laid Plans","Backflip","Acrobatics","Deadly Poison","Prepared","Distraction","Poisoned Stab","Catalyst","Backflip","Adrenaline","Bane","Noxious Fumes"],"max_hp_per_floor":[70,70,70,70,70,70,70,70,84,84,84,84,84,84,84,84,84,84,84,84,84,84,84],"relics":["Ring of the Snake","Bronze Scales","Mango","Orrery"],"campfire_meditates":0,"card_choices":[{"not_picked":["Die Die Die","Dagger Throw"],"picked":"Dash"},{"not_picked":["Caltrops","Dodge and Roll"],"picked":"Deadly Poison"},{"not_picked":["Dodge and Roll","Corpse Explosion"],"picked":"Backflip"},{"not_picked":["Masterful Stab","Choke"],"picked":"Acrobatics"},{"not_picked":["Slice","Predator"],"picked":"Deadly Poison"},{"not_picked":["Blur","Sucker Punch"],"picked":"Prepared"},{"not_picked":["Bullet Time","Corpse Explosion"],"picked":"Night Terror"},{"not_picked":["Skewer","PiercingWail"],"picked":"Distraction"},{"not_picked":["Dagger Spray","PiercingWail"],"picked":"Poisoned Stab"},{"not_picked":["Tools of the Trade","Caltrops"],"picked":"Catalyst"},{"not_picked":["Calculated Gamble","Slice"],"picked":"Backflip"},{"not_picked":["Deadly Poison","Dagger Throw"],"picked":"Adrenaline"},{"not_picked":["Dagger Spray","Sucker Punch"],"picked":"Bane"}],"player_experience":27843,"potions_floor_usage":[16,16,21,21,24],"damage_taken":[{"damage":0,"enemies":"Cultist","floor":1,"turns":4},{"damage":0,"enemies":"Small Slimes","floor":3,"turns":3},{"damage":0,"enemies":"2 Louse","floor":4,"turns":2},{"damage":12,"enemies":"Gremlin Gang","floor":7,"turns":4},{"damage":0,"enemies":"3 Louse","floor":10,"turns":3},{"damage":0,"enemies":"2 Fungi Beasts","floor":12,"turns":3},{"damage":4,"enemies":"Exordium Wildlife","floor":13,"turns":4},{"damage":0,"enemies":"Exordium Thugs","floor":14,"turns":4},{"damage":43,"enemies":"Slime Boss","floor":16,"turns":11},{"damage":30,"enemies":"3 Byrds","floor":18,"turns":4},{"damage":10,"enemies":"2 Thieves","floor":19,"turns":4},{"damage":44,"enemies":"3 Cultists","floor":21,"turns":6},{"damage":47,"enemies":"Chosen and Byrds","floor":24,"turns":4}],"event_choices":[{"event_name":"Scrap Ooze","player_choice":"success","floor":2,"damage_taken":7},{"event_name":"Living Wall","player_choice":"Grow","floor":6,"damage_taken":0},{"event_name":"Golden Idol","player_choice":"Ignored","floor":11,"damage_taken":0},{"event_name":"Beggar","player_choice":"Gave Gold","floor":20,"damage_taken":0}],"boss_relics":[{"not_picked":["Cursed Key","Astrolabe"],"picked":"Orrery"}],"potions_floor_spawned":[1,3,7,16,18,19],"seed_played":"-6867048685149723141","killed_by":"Chosen and Byrds","is_trial":false}