{"gold_per_floor":[119,119,194,210,360,360,360,374,374,387,387,1,14,38,38,110,110,124,124],"floor_reached":19,"playtime":980,"items_purged":["Doubt"],"score":306,"play_id":"6f051509-c701-4596-a3b5-78bd839fad38","local_time":"20190707192245","is_ascension_mode":true,"campfire_choices":[{"data":"Neutralize","floor":6.0,"key":"SMITH"},{"data":"Prepared","floor":11,"key":"SMITH"},{"data":"Caltrops","floor":15,"key":"SMITH"}],"neow_cost":"TEN_PERCENT_HP_LOSS","seed_source_timestamp":0,"circlet_count":0,"master_deck":["AscendersBane","Strike_G","Strike_G","Strike_G","Strike_G","Strike_G","Defend_G","Defend_G","Defend_G","Defend_G","Defend_G","Survivor","Neutralize+1","Glass Knife+1","Caltrops+1","Dagger Spray","Prepared+1","Flying Knee","Noxious Fumes","PiercingWail","Storm of Steel","After Image","Well Laid Plans","Blade Dance","Cloak And Dagger","Choke","Distraction","Blade Dance"],"special_seed":0,"relics":["Ring of the Snake","Pocketwatch","Paper Crane","Odd Mushroom","Orrery"],"potions_floor_usage":[16,16],"damage_taken":[{"damage":1.0,"enemies":"Small Slimes","floor":1.0,"turns":3.0},{"damage":1.0,"enemies":"Jaw Worm","floor":4.0,"turns":2.0},{"damage":0,"enemies":"2 Louse","floor":8,"turns":3},{"damage":3,"enemies":"Large Slime","floor":10,"turns":5},{"damage":0,"enemies":"2 Fungi Beasts","floor":13,"turns":2},{"damage":16,"enemies":"The Mushroom Lair","floor":14,"turns":3},{"damage":12,"enemies":"The Guardian","floor":16,"turns":9},{"damage":33,"enemies":"3 Byrds","floor":18,"turns":7},{"damage":20,"enemies":"Shell Parasite","floor":19,"turns":2}],"seed_played":"7930077188554611824","potions_obtained":[{"floor":1.0,"key":"LiquidBronze"},{"floor":10,"key":"Regen Potion"},{"floor":16,"key":"Ancient Potion"}],"is_trial":false,"path_per_floor":["M","?","?","M","?","R","?","M","T","M","R","$","M","?","R","B",null,"M","M"],"character_chosen":"THE_SILENT","items_purchased":["Paper Crane","Noxious Fumes"],"campfire_rested":0,"item_purchase_floors":[12,12],"current_hp_per_floor":[58,58,47,46,46,46,46,46,46,43,43,43,43,27,27,30,53,20,0],"gold":124,"neow_bonus":"THREE_RARE_CARDS","is_prod":false,"is_daily":false,"chose_seed":false,"campfire_upgraded":3,"win_rate":0,"timestamp":1562548965,"path_taken":["M","?","?","M","?","R","?","?","T","M","R","$","M","?","R","BOSS","M","M"],"build_version":"2019-07-03","purchased_purges":1,"victory":false,"max_hp_per_floor":[60,60,60,60,60,60,60,60,60,60,60,60,60,60,60,60,60,60,60],"card_choices":[{"not_picked":["Envenom","Storm of Steel"],"picked":"Glass Knife","floor":0.0},{"not_picked":["Backflip","Flying Knee"],"picked":"Caltrops","floor":1.0},{"not_picked":["Escape Plan","Outmaneuver"],"picked":"Dagger Spray","floor":4.0},{"not_picked":["Quick Slash","Expertise"],"picked":"Prepared","floor":8},{"not_picked":["Dagger Spray","Sucker Punch"],"picked":"Flying Knee","floor":10},{"not_picked":["Deadly Poison","Leg Sweep"],"picked":"PiercingWail","floor":13},{"not_picked":["Quick Slash","Bane"],"picked":"Storm of Steel","floor":14},{"not_picked":["Phantasmal Killer","Envenom"],"picked":"After Image","floor":16},{"not_picked":["Flying Knee","Poisoned Stab"],"picked":"Well Laid Plans","floor":17},{"not_picked":["Quick Slash","Outmaneuver"],"picked":"Blade Dance","floor":17},{"not_picked":["Outmaneuver","Bouncing Flask"],"picked":"Cloak And Dagger","floor":17},{"not_picked":["Backflip","Terror"],"picked":"Choke","floor":17},{"not_picked":["Poisoned Stab","Deadly Poison"],"picked":"Distraction","floor":17},{"not_picked":["Bane","Bouncing Flask"],"picked":"Blade Dance","floor":18}],"player_experience":1141399,"relics_obtained":[{"floor":9,"key":"Pocketwatch"},{"floor":14,"key":"Odd Mushroom"}],"event_choices":[{"damage_healed":0.0,"max_hp_gain":0.0,"max_hp_loss":0.0,"gold_gain":0.0,"event_name":"Living Wall","player_choice":"Grow","floor":2.0,"gold_loss":0.0,"damage_taken":0.0,"cards_upgraded":["Glass Knife"]},{"damage_healed":0.0,"max_hp_gain":0.0,"max_hp_loss":0.0,"gold_gain":75.0,"event_name":"World of Goop","player_choice":"Gather Gold","floor":3.0,"gold_loss":0.0,"damage_taken":11.0},{"damage_healed":0.0,"max_hp_gain":0.0,"max_hp_loss":0.0,"gold_gain":150.0,"event_name":"Liars Game","player_choice":"AGREE","floor":5.0,"gold_loss":0.0,"damage_taken":0.0,"cards_obtained":["Doubt"]},{"damage_healed":0,"gold_gain":0,"player_choice":"Searched \u00271\u0027 times","damage_taken":0,"max_hp_gain":0,"max_hp_loss":0,"event_name":"Dead Adventurer","floor":7,"gold_loss":0},{"damage_healed":0,"gold_gain":0,"player_choice":"Searched \u00271\u0027 times","damage_taken":0,"max_hp_gain":0,"max_hp_loss":0,"event_name":"Dead Adventurer","floor":7,"gold_loss":0},{"damage_healed":0,"gold_gain":0,"player_choice":"Fought Mushrooms","damage_taken":0,"max_hp_gain":0,"max_hp_loss":0,"event_name":"Mushrooms","floor":14,"gold_loss":0}],"is_beta":true,"boss_relics":[{"not_picked":["Lizard Tail","Snecko Eye"],"picked":"Orrery"}],"items_purged_floors":[12],"is_endless":false,"potions_floor_spawned":[1,10,16],"killed_by":"Shell Parasite","ascension_level":19}