{"gold_per_floor":[18,32,32,45,59,59,91,109,164,175,200,200,200,221,221,352,352,347,447,126,551,476,476,514,532,587,626,626,646,11,26,26,149,149,167,167,235,255,255,255,275,318,318,24,149,16,16,69,69,69],"floor_reached":51,"playtime":3310,"items_purged":["Strike_R","Strike_R"],"score":748,"play_id":"e6a11675-bef2-4fa7-8943-5d24273b62bb","local_time":"20181104235443","is_ascension_mode":false,"campfire_choices":[{"data":"Whirlwind","floor":6,"key":"SMITH"},{"data":"Rampage","floor":13,"key":"SMITH"},{"data":"Shrug It Off","floor":15,"key":"SMITH"},{"floor":23,"key":"REST"},{"data":"Barricade","floor":28,"key":"SMITH"},{"floor":32,"key":"REST"},{"data":"1","floor":40,"key":"LIFT"},{"data":"2","floor":47,"key":"LIFT"},{"floor":49,"key":"REST"}],"neow_cost":"NO_GOLD","seed_source_timestamp":18524172144058,"circlet_count":0,"master_deck":["Defend_R","Defend_R","Defend_R","Bash","Sword Boomerang","Shrug It Off","Whirlwind+1","Metallicize","Shrug It Off+1","Rampage+1","Barricade+1","Iron Wave+1","Feed+1","Body Slam+1","Body Slam+1","Entrench","Blind","Ghostly Armor+1","Spot Weakness","Good Instincts"],"relics":["Burning Blood","Sundial","Bronze Scales","Singing Bowl","Golden Idol","Velvet Choker","Toy Ornithopter","Old Coin","Molten Egg 2","Regal Pillow","Tiny Chest","StoneCalendar","Bottled Tornado","Mercury Hourglass","Runic Cube","Girya","Pen Nib","Matryoshka","Bottled Lightning","WingedGreaves","Self Forming Clay","Anchor"],"potions_floor_usage":[7,10,11,16,21,21,24,27,33,33,37,42,45,45],"damage_taken":[{"damage":5,"enemies":"Small Slimes","floor":1,"turns":5},{"damage":0,"enemies":"2 Louse","floor":2,"turns":3},{"damage":0,"enemies":"Cultist","floor":4,"turns":3},{"damage":0,"enemies":"3 Louse","floor":5,"turns":2},{"damage":16,"enemies":"3 Sentries","floor":7,"turns":6},{"damage":1,"enemies":"Exordium Wildlife","floor":8,"turns":2},{"damage":0,"enemies":"2 Fungi Beasts","floor":10,"turns":3},{"damage":20,"enemies":"Gremlin Nob","floor":11,"turns":4},{"damage":0,"enemies":"3 Louse","floor":14,"turns":1},{"damage":26,"enemies":"The Guardian","floor":16,"turns":10},{"damage":11,"enemies":"2 Thieves","floor":18,"turns":4},{"damage":13,"enemies":"Colosseum Slavers","floor":21,"turns":6},{"damage":53,"enemies":"Colosseum Nobs","floor":21,"turns":5},{"damage":14,"enemies":"Gremlin Leader","floor":24,"turns":8},{"damage":9,"enemies":"Shell Parasite","floor":25,"turns":5},{"damage":27,"enemies":"Slavers","floor":27,"turns":4},{"damage":26,"enemies":"Shelled Parasite and Fungi","floor":29,"turns":6},{"damage":10,"enemies":"Centurion and Healer","floor":31,"turns":6},{"damage":21,"enemies":"Champ","floor":33,"turns":11},{"damage":29,"enemies":"3 Darklings","floor":35,"turns":4},{"damage":48,"enemies":"2 Orb Walkers","floor":37,"turns":3},{"damage":8,"enemies":"3 Shapes","floor":38,"turns":3},{"damage":6,"enemies":"3 Darklings","floor":41,"turns":6},{"damage":21,"enemies":"Nemesis","floor":42,"turns":7},{"damage":0,"enemies":"Mind Bloom Boss Battle","floor":45,"turns":4},{"damage":53,"enemies":"Donu and Deca","floor":50,"turns":8}],"seed_played":"15958514050567081","potions_obtained":[{"floor":1,"key":"Weak Potion"},{"floor":2,"key":"Regen Potion"},{"floor":7,"key":"Energy Potion"},{"floor":11,"key":"Weak Potion"},{"floor":18,"key":"AttackPotion"},{"floor":21,"key":"EssenceOfSteel"},{"floor":24,"key":"GamblersBrew"},{"floor":31,"key":"Strength Potion"},{"floor":35,"key":"SteroidPotion"},{"floor":41,"key":"Swift Potion"},{"floor":42,"key":"Ancient Potion"}],"is_trial":false,"path_per_floor":["M","M","?","M","M","R","E","M","T","M","E","?","R","M","R","B",null,"M","?","$","?","?","R","E","M","T","E","R","M","$","M","R","B",null,"M","?","?","M","?","R","M","E","T","$","?","$","R","T","R","B",null],"character_chosen":"IRONCLAD","items_purchased":["Toy Ornithopter","Swift Potion","Bottled Tornado","Mercury Hourglass","Poison Potion","Bottled Lightning","Poison Potion","Good Instincts","FearPotion"],"campfire_rested":3,"item_purchase_floors":[20,20,30,30,30,44,44,46,46],"current_hp_per_floor":[80,80,85,85,85,85,85,85,85,85,73,73,73,81,81,61,83,80,80,80,38,38,64,61,60,60,46,46,28,28,26,69,64,95,72,72,35,37,37,37,37,29,29,29,45,45,45,45,90,47],"gold":69,"neow_bonus":"REMOVE_TWO","is_prod":false,"is_daily":false,"chose_seed":false,"campfire_upgraded":4,"win_rate":0,"timestamp":1541393683,"path_taken":["M","M","?","M","M","R","E","M","T","M","E","?","R","M","R","BOSS","M","?","$","?","?","R","E","M","T","E","R","M","$","M","R","BOSS","M","?","?","M","?","R","M","E","T","$","?","$","R","?","R","BOSS"],"build_version":"2018-11-01","purchased_purges":2,"victory":true,"max_hp_per_floor":[80,80,85,85,85,85,85,85,85,85,87,81,81,83,83,83,83,85,85,85,87,87,87,87,89,89,91,91,93,93,95,95,95,95,95,95,95,99,99,99,99,101,101,101,101,101,101,101,101,105],"card_choices":[{"not_picked":["Intimidate","Hemokinesis"],"picked":"Sword Boomerang","floor":1},{"not_picked":["Infernal Blade","Dual Wield"],"picked":"Shrug It Off","floor":2},{"not_picked":["Sword Boomerang","Second Wind"],"picked":"Whirlwind","floor":4},{"not_picked":["Body Slam","Pommel Strike"],"picked":"Metallicize","floor":5},{"not_picked":["Blood for Blood","Headbutt"],"picked":"Shrug It Off","floor":7},{"not_picked":["Havoc","Pommel Strike"],"picked":"Rampage","floor":8},{"not_picked":["Cleave","Warcry","Clothesline"],"picked":"SKIP","floor":10},{"not_picked":["Bludgeon","Sword Boomerang","Combust"],"picked":"Singing Bowl","floor":11},{"not_picked":["Sever Soul","Cleave","Clothesline"],"picked":"Singing Bowl","floor":14},{"not_picked":["Double Tap","Reaper"],"picked":"Barricade","floor":16},{"not_picked":["Pommel Strike","True Grit","Pummel"],"picked":"Singing Bowl","floor":18},{"not_picked":["Clash","Warcry","Twin Strike"],"picked":"Singing Bowl","floor":21},{"not_picked":["Sword Boomerang+1","Rage"],"picked":"Iron Wave+1","floor":24},{"not_picked":["Sword Boomerang+1","Corruption","Anger+1"],"picked":"Singing Bowl","floor":25},{"not_picked":["Havoc","Reckless Charge+1","Sword Boomerang+1"],"picked":"Singing Bowl","floor":27},{"not_picked":["Wild Strike+1","Iron Wave+1","Clash+1"],"picked":"Singing Bowl","floor":29},{"not_picked":["Fiend Fire+1","Rampage+1","Heavy Blade+1"],"picked":"Singing Bowl","floor":31},{"not_picked":["Limit Break","Fiend Fire+1"],"picked":"Feed+1","floor":33},{"not_picked":["Sword Boomerang+1","Whirlwind+1"],"picked":"Body Slam+1","floor":35},{"not_picked":["Sword Boomerang+1","Perfected Strike+1"],"picked":"Body Slam+1","floor":37},{"not_picked":["Carnage+1","Armaments"],"picked":"Entrench","floor":38},{"not_picked":["Panacea","Mind Blast+1"],"picked":"Blind","floor":39},{"not_picked":["Headbutt+1","Heavy Blade+1"],"picked":"Ghostly Armor+1","floor":41},{"not_picked":["Flex+1","Cleave+1","Twin Strike+1"],"picked":"Singing Bowl","floor":42},{"not_picked":["Sword Boomerang+1","Entrench"],"picked":"Spot Weakness","floor":45}],"player_experience":2130262,"relics_obtained":[{"floor":7,"key":"Sundial"},{"floor":9,"key":"Bronze Scales"},{"floor":11,"key":"Singing Bowl"},{"floor":21,"key":"Old Coin"},{"floor":21,"key":"Molten Egg 2"},{"floor":24,"key":"Regal Pillow"},{"floor":26,"key":"Tiny Chest"},{"floor":27,"key":"StoneCalendar"},{"floor":37,"key":"Girya"},{"floor":42,"key":"Pen Nib"},{"floor":43,"key":"Matryoshka"},{"floor":45,"key":"WingedGreaves"},{"floor":48,"key":"Self Forming Clay"},{"floor":48,"key":"Anchor"}],"event_choices":[{"damage_healed":0,"gold_gain":0,"player_choice":"Donut","damage_taken":0,"max_hp_gain":5,"max_hp_loss":0,"event_name":"Big Fish","floor":3,"gold_loss":0},{"damage_healed":0,"gold_gain":0,"player_choice":"Lose Max HP","damage_taken":0,"relics_obtained":["Golden Idol"],"max_hp_gain":0,"max_hp_loss":6,"event_name":"Golden Idol","floor":12,"gold_loss":0},{"damage_healed":0,"gold_gain":100,"player_choice":"Pray","damage_taken":0,"max_hp_gain":0,"max_hp_loss":0,"event_name":"Golden Shrine","floor":19,"gold_loss":0},{"damage_healed":0,"gold_gain":0,"player_choice":"Fight","damage_taken":0,"max_hp_gain":0,"max_hp_loss":0,"event_name":"Colosseum","floor":21,"gold_loss":0},{"damage_healed":0,"gold_gain":0,"player_choice":"Fought Nobs","damage_taken":0,"max_hp_gain":0,"max_hp_loss":0,"event_name":"Colosseum","floor":21,"gold_loss":0},{"cards_removed":["Strike_R"],"damage_healed":0,"gold_gain":0,"player_choice":"Gave Gold","damage_taken":0,"max_hp_gain":0,"max_hp_loss":0,"event_name":"Beggar","floor":22,"gold_loss":75},{"cards_removed":["Defend_R"],"damage_healed":0,"gold_gain":0,"player_choice":"Removed Skill","damage_taken":0,"max_hp_gain":0,"max_hp_loss":0,"event_name":"Falling","floor":36,"gold_loss":0},{"damage_healed":0,"gold_gain":0,"player_choice":"Fight","damage_taken":0,"max_hp_gain":0,"max_hp_loss":0,"event_name":"Mysterious Sphere","floor":37,"gold_loss":0},{"damage_healed":0,"gold_gain":0,"player_choice":"Memory 1","damage_taken":0,"max_hp_gain":0,"max_hp_loss":0,"event_name":"SensoryStone","floor":39,"gold_loss":0},{"damage_healed":0,"gold_gain":0,"player_choice":"Fight","damage_taken":0,"max_hp_gain":0,"max_hp_loss":0,"event_name":"MindBloom","floor":45,"gold_loss":0}],"is_beta":false,"boss_relics":[{"not_picked":["Fusion Hammer","Runic Dome"],"picked":"Velvet Choker"},{"not_picked":["Mark of Pain","Calling Bell"],"picked":"Runic Cube"}],"items_purged_floors":[20,30],"is_endless":false,"potions_floor_spawned":[1,2,7,11,18,21,24,31,35,41,42],"ascension_level":0}