{"gold_per_floor":[10,22,39,39,57,87,87,112,137,152,152,152,171,171,171,275,275,288,302,302,198,208,208,227,254,254,272,299,299,328,328,328,428,428,442,442,21,21,32,66,66,93,138,138,148,168,268,287,287,287],"floor_reached":51,"playtime":3013,"items_purged":[],"score":891,"play_id":"9fc7482b-93a0-439a-91ae-d900f5b394f2","local_time":"20190721202756","is_ascension_mode":true,"campfire_choices":[{"floor":7,"key":"REST"},{"data":"Pummel","floor":15,"key":"SMITH"},{"data":"Reaper","floor":23,"key":"SMITH"},{"floor":29,"key":"REST"},{"data":"Flame Barrier","floor":32,"key":"SMITH"},{"data":"Fiend Fire","floor":41,"key":"SMITH"},{"data":"Juggernaut","floor":44,"key":"SMITH"},{"data":"Spot Weakness","floor":49,"key":"SMITH"}],"neow_cost":"NO_GOLD","seed_source_timestamp":328720353015533,"circlet_count":0,"master_deck":["Strike_R","Strike_R+1","Strike_R+1","Defend_R","Defend_R","Defend_R","Defend_R","Bash","Shrug It Off","Spot Weakness+1","Disarm+1","Pummel+1","Battle Trance+1","Shrug It Off","Burning Pact","Reaper+1","Corruption","Heavy Blade","Metallicize","Sentinel","Flame Barrier+1","Disarm+1","Juggernaut+1","Demon Form","Fiend Fire+1","Body Slam+1","Dark Embrace"],"relics":["Burning Blood","Charon\u0027s Ashes","Bag of Marbles","Potion Belt","Orichalcum","Snecko Eye","Question Card","Pear","Bag of Preparation","StoneCalendar","MutagenicStrength","White Beast Statue","Oddly Smooth Stone","ClockworkSouvenir","War Paint","Whetstone","Art of War","Peace Pipe"],"potions_floor_usage":[12,16,19,25,28,33,33,33,42,50,50,50,50],"damage_taken":[{"damage":7,"enemies":"Small Slimes","floor":1,"turns":4},{"damage":4,"enemies":"2 Louse","floor":2,"turns":4},{"damage":6,"enemies":"Cultist","floor":3,"turns":4},{"damage":37,"enemies":"Exordium Thugs","floor":5,"turns":5},{"damage":29,"enemies":"Lagavulin","floor":6,"turns":9},{"damage":14,"enemies":"3 Sentries","floor":8,"turns":5},{"damage":11,"enemies":"Looter","floor":10,"turns":3},{"damage":21,"enemies":"Lagavulin","floor":12,"turns":5},{"damage":3,"enemies":"2 Fungi Beasts","floor":13,"turns":2},{"damage":12,"enemies":"Hexaghost","floor":16,"turns":10},{"damage":11,"enemies":"3 Byrds","floor":18,"turns":6},{"damage":11,"enemies":"Chosen","floor":19,"turns":4},{"damage":19,"enemies":"Sentry and Sphere","floor":22,"turns":4},{"damage":0,"enemies":"Centurion and Healer","floor":24,"turns":5},{"damage":19,"enemies":"Gremlin Leader","floor":25,"turns":3},{"damage":9,"enemies":"Snake Plant","floor":27,"turns":4},{"damage":25,"enemies":"Slavers","floor":28,"turns":5},{"damage":12,"enemies":"Gremlin Leader","floor":30,"turns":3},{"damage":39,"enemies":"Champ","floor":33,"turns":6},{"damage":0,"enemies":"Orb Walker","floor":35,"turns":2},{"damage":0,"enemies":"3 Shapes","floor":39,"turns":2},{"damage":0,"enemies":"Giant Head","floor":40,"turns":5},{"damage":6,"enemies":"Reptomancer","floor":42,"turns":4},{"damage":1,"enemies":"Spire Growth","floor":45,"turns":4},{"damage":0,"enemies":"Jaw Worm Horde","floor":46,"turns":2},{"damage":3,"enemies":"Mind Bloom Boss Battle","floor":47,"turns":4},{"damage":0,"enemies":"Writhing Mass","floor":48,"turns":1},{"damage":108,"enemies":"Awakened One","floor":50,"turns":7}],"seed_played":"3361194153333014412","potions_obtained":[{"floor":5,"key":"SmokeBomb"},{"floor":8,"key":"Energy Potion"},{"floor":10,"key":"GamblersBrew"},{"floor":13,"key":"AttackPotion"},{"floor":16,"key":"Strength Potion"},{"floor":19,"key":"PowerPotion"},{"floor":22,"key":"Strength Potion"},{"floor":27,"key":"LiquidBronze"},{"floor":28,"key":"SpeedPotion"},{"floor":30,"key":"Fruit Juice"},{"floor":35,"key":"Swift Potion"},{"floor":39,"key":"BloodPotion"},{"floor":40,"key":"Regen Potion"},{"floor":42,"key":"LiquidBronze"}],"is_trial":false,"path_per_floor":["M","M","M","$","M","E","R","E","T","M","?","E","M","?","R","B",null,"M","M","?","$","M","R","M","E","T","M","E","R","E","?","R","B",null,"M","?","$","?","M","E","R","E","T","R","M","M","?","M","R","B",null],"character_chosen":"IRONCLAD","items_purchased":["Corruption","Heavy Blade","Oddly Smooth Stone","Demon Form","ClockworkSouvenir"],"campfire_rested":2,"item_purchase_floors":[21,21,37,37,37],"current_hp_per_floor":[79,80,80,80,49,26,50,42,42,37,37,22,25,45,45,39,80,79,80,77,77,70,70,76,66,76,73,54,80,87,87,87,59,92,92,87,87,87,87,87,87,87,87,87,87,87,87,87,87,22],"gold":287,"neow_bonus":"ONE_RARE_RELIC","is_prod":false,"is_daily":false,"chose_seed":false,"campfire_upgraded":6,"win_rate":0,"timestamp":1563758876,"path_taken":["M","M","M","$","M","E","R","E","T","M","?","E","M","?","R","BOSS","M","M","?","$","M","R","?","E","T","M","E","R","E","?","R","BOSS","M","?","$","?","M","E","R","E","T","R","?","M","?","M","R","BOSS"],"build_version":"2019-07-17","purchased_purges":0,"victory":true,"max_hp_per_floor":[80,80,80,80,80,80,80,80,80,80,80,80,80,80,80,80,80,80,80,77,77,77,77,77,77,87,87,87,87,87,87,87,92,92,92,87,87,87,87,87,87,87,87,87,87,87,87,87,87,87],"card_choices":[{"not_picked":["Armaments","Twin Strike"],"picked":"Shrug It Off","floor":1},{"not_picked":["Iron Wave","Heavy Blade"],"picked":"Spot Weakness","floor":2},{"not_picked":["Warcry","Cleave"],"picked":"Disarm","floor":3},{"not_picked":["Hemokinesis","Body Slam"],"picked":"Pummel","floor":5},{"not_picked":["True Grit","Whirlwind"],"picked":"Battle Trance","floor":6},{"not_picked":["Shockwave","Berserk"],"picked":"Shrug It Off","floor":8},{"not_picked":["Perfected Strike","Headbutt","Reckless Charge"],"picked":"SKIP","floor":10},{"not_picked":["Bloodletting","Intimidate"],"picked":"Burning Pact","floor":13},{"not_picked":["Fiend Fire","Immolate"],"picked":"Reaper","floor":16},{"not_picked":["Iron Wave","Wild Strike","Twin Strike"],"picked":"SKIP","floor":18},{"not_picked":["Perfected Strike","Shrug It Off","Rampage"],"picked":"SKIP","floor":19},{"not_picked":["Fire Breathing","True Grit"],"picked":"Metallicize","floor":22},{"not_picked":["Bloodletting+1","Heavy Blade+1"],"picked":"Sentinel","floor":24},{"not_picked":["Dropkick","Inflame","Sword Boomerang"],"picked":"SKIP","floor":25},{"not_picked":["True Grit","Shockwave","Body Slam"],"picked":"Flame Barrier","floor":27},{"not_picked":["Pommel Strike","Offering","Body Slam"],"picked":"Disarm+1","floor":28},{"not_picked":["Sword Boomerang","Perfected Strike+1","True Grit+1","Pommel Strike+1"],"picked":"SKIP","floor":30},{"not_picked":["Immolate","Bludgeon","Barricade"],"picked":"Juggernaut","floor":33},{"not_picked":["Sword Boomerang","Twin Strike+1","True Grit","Thunderclap+1"],"picked":"SKIP","floor":35},{"not_picked":["Shrug It Off","Havoc","Infernal Blade","Perfected Strike+1"],"picked":"SKIP","floor":39},{"not_picked":["Havoc","Sword Boomerang","Iron Wave"],"picked":"Fiend Fire","floor":40},{"not_picked":["Heavy Blade","Ghostly Armor","Warcry"],"picked":"Body Slam+1","floor":42},{"not_picked":["Warcry+1","Second Wind","Inflame+1","Combust"],"picked":"SKIP","floor":45},{"not_picked":["Body Slam","Havoc+1","Iron Wave","Metallicize+1"],"picked":"SKIP","floor":46},{"not_picked":["Sword Boomerang+1","Shrug It Off+1","Iron Wave+1"],"picked":"Dark Embrace","floor":47},{"not_picked":["Wild Strike","Havoc+1","Anger","Flex"],"picked":"SKIP","floor":48}],"player_experience":196079,"relics_obtained":[{"floor":6,"key":"Bag of Marbles"},{"floor":8,"key":"Potion Belt"},{"floor":9,"key":"Orichalcum"},{"floor":25,"key":"Question Card"},{"floor":26,"key":"Pear"},{"floor":28,"key":"Bag of Preparation"},{"floor":30,"key":"StoneCalendar"},{"floor":40,"key":"War Paint"},{"floor":42,"key":"Whetstone"},{"floor":43,"key":"Art of War"},{"floor":47,"key":"Peace Pipe"}],"event_choices":[{"cards_removed":["Strike_R"],"damage_healed":0,"gold_gain":0,"player_choice":"Forget","damage_taken":0,"max_hp_gain":0,"max_hp_loss":0,"event_name":"Living Wall","floor":11,"gold_loss":0},{"damage_healed":20,"gold_gain":0,"player_choice":"Healed and dodged fight","damage_taken":0,"max_hp_gain":0,"max_hp_loss":0,"event_name":"Mushrooms","floor":14,"gold_loss":0,"cards_obtained":["Parasite"]},{"cards_removed":["Parasite"],"damage_healed":0,"gold_gain":0,"player_choice":"Removed Curses","damage_taken":0,"max_hp_gain":0,"max_hp_loss":0,"event_name":"Fountain of Cleansing","floor":20,"gold_loss":0},{"damage_healed":0,"gold_gain":0,"player_choice":"Inject Mutagens","damage_taken":0,"relics_obtained":["MutagenicStrength"],"max_hp_gain":0,"max_hp_loss":0,"event_name":"Drug Dealer","floor":31,"gold_loss":0},{"damage_healed":0,"gold_gain":0,"player_choice":"Max HP","damage_taken":0,"max_hp_gain":0,"max_hp_loss":5,"event_name":"Winding Halls","floor":36,"gold_loss":0},{"cards_removed":["Strike_R"],"damage_healed":0,"gold_gain":0,"player_choice":"Purged","damage_taken":0,"max_hp_gain":0,"max_hp_loss":0,"event_name":"Purifier","floor":38,"gold_loss":0},{"damage_healed":0,"gold_gain":0,"player_choice":"Fight","damage_taken":0,"max_hp_gain":0,"max_hp_loss":0,"event_name":"MindBloom","floor":47,"gold_loss":0}],"is_beta":false,"boss_relics":[{"not_picked":["Astrolabe","Runic Cube"],"picked":"Snecko Eye"},{"not_picked":["Philosopher\u0027s Stone","Orrery"],"picked":"White Beast Statue"}],"items_purged_floors":[],"is_endless":false,"potions_floor_spawned":[5,8,10,13,16,19,22,27,28,30,35,39,40,42,45,46,47,48],"ascension_level":2}