{"gold_per_floor":[114,129,144,114,129,159,159,174,174,189,189,219,234,234,234,334,334,349,2,17,17,32,32,62,62,62,92,107,122,122,152,152,252,252,267,282,32,47,47,47,77,92,92,107,107,59,74,104,104,104],"floor_reached":51,"playtime":5010,"items_purged":[],"score":1081,"play_id":"51809bfa-bc1b-4f6f-a230-b3253beed965","local_time":"20190121010041","daily_mods":["Shiny","Hoarder","Binary"],"is_ascension_mode":false,"campfire_choices":[{"floor":7,"key":"DIG"},{"floor":11,"key":"DIG"},{"floor":15,"key":"DIG"},{"floor":23,"key":"DIG"},{"floor":30,"key":"DIG"},{"floor":32,"key":"DIG"},{"floor":40,"key":"DIG"},{"floor":49,"key":"DIG"}],"neow_cost":"","seed_source_timestamp":0,"circlet_count":0,"master_deck":["Double Tap","Demon Form+1","Bludgeon","Feed+1","Limit Break","Barricade","Fiend Fire","Dark Embrace","Berserk","Impervious","Juggernaut","Reaper","Exhume","Offering","Immolate","Armaments","Armaments","Armaments","True Grit","True Grit","True Grit","Havoc","Havoc","Havoc","Reaper+1","Reaper","Reaper","Shrug It Off+1","Shrug It Off+1","Shrug It Off+1","Corruption","Corruption","Corruption","Exhume+1","Exhume+1","Exhume+1","Flame Barrier+1","Flame Barrier+1","Flame Barrier+1","Entrench+1","Entrench+1","Entrench+1","Decay","Decay","Decay","Flame Barrier+1","Flame Barrier+1","Flame Barrier+1","Spot Weakness+1","Spot Weakness+1","Spot Weakness+1","Battle Trance+1","Battle Trance+1","Battle Trance+1","Juggernaut+1","Juggernaut+1","Juggernaut+1","Havoc+1","Havoc+1","Havoc+1","Armaments+1","Armaments+1","Armaments+1","Purity+1","Purity+1","Purity+1","Shrug It Off+1","Shrug It Off+1","Shrug It Off+1","Havoc+1","Havoc+1","Havoc+1"],"special_seed":17917,"relics":["Burning Blood","Shovel","Kunai","Toxic Egg 2","Turnip","Sundial","Potion Belt","Fusion Hammer","DollysMirror","MutagenicStrength","Frozen Egg 2","Bronze Scales","Mango","Calipers","Red Skull","PreservedInsect","Blue Candle","White Beast Statue","Bottled Tornado","Blood Vial","Paper Frog","Torii","Pear","Whetstone"],"potions_floor_usage":[8,12,16,16,29,38,38,41,47,50,50,50,50],"damage_taken":[{"damage":6,"enemies":"Small Slimes","floor":1,"turns":1},{"damage":6,"enemies":"Cultist","floor":2,"turns":3},{"damage":5,"enemies":"2 Louse","floor":3,"turns":3},{"damage":0,"enemies":"Gremlin Gang","floor":5,"turns":1},{"damage":23,"enemies":"3 Sentries","floor":6,"turns":9},{"damage":0,"enemies":"Looter","floor":8,"turns":1},{"damage":0,"enemies":"3 Louse","floor":10,"turns":1},{"damage":31,"enemies":"Gremlin Nob","floor":12,"turns":4},{"damage":8,"enemies":"Red Slaver","floor":13,"turns":2},{"damage":53,"enemies":"Slime Boss","floor":16,"turns":8},{"damage":61,"enemies":"3 Byrds","floor":18,"turns":6},{"damage":27,"enemies":"Chosen","floor":20,"turns":5},{"damage":15,"enemies":"Centurion and Healer","floor":22,"turns":7},{"damage":28,"enemies":"Gremlin Leader","floor":24,"turns":7},{"damage":11,"enemies":"Book of Stabbing","floor":27,"turns":6},{"damage":12,"enemies":"Snake Plant","floor":28,"turns":1},{"damage":22,"enemies":"Cultist and Chosen","floor":29,"turns":5},{"damage":6,"enemies":"Gremlin Leader","floor":31,"turns":5},{"damage":21,"enemies":"Champ","floor":33,"turns":9},{"damage":3,"enemies":"Orb Walker","floor":35,"turns":4},{"damage":8,"enemies":"3 Shapes","floor":36,"turns":4},{"damage":30,"enemies":"Transient","floor":38,"turns":5},{"damage":84,"enemies":"Reptomancer","floor":41,"turns":8},{"damage":20,"enemies":"Sphere and 2 Shapes","floor":42,"turns":6},{"damage":44,"enemies":"Jaw Worm Horde","floor":44,"turns":6},{"damage":37,"enemies":"Transient","floor":47,"turns":5},{"damage":16,"enemies":"Giant Head","floor":48,"turns":8},{"damage":14,"enemies":"Time Eater","floor":50,"turns":12}],"seed_played":"8847064133434649062","potions_obtained":[{"floor":3,"key":"SneckoOil"},{"floor":4,"key":"FearPotion"},{"floor":4,"key":"SpeedPotion"},{"floor":5,"key":"Fire Potion"},{"floor":10,"key":"Ancient Potion"},{"floor":12,"key":"Dexterity Potion"},{"floor":13,"key":"Energy Potion"},{"floor":24,"key":"SpeedPotion"},{"floor":28,"key":"Energy Potion"},{"floor":31,"key":"GamblersBrew"},{"floor":35,"key":"Fire Potion"},{"floor":36,"key":"Swift Potion"},{"floor":38,"key":"SteroidPotion"},{"floor":41,"key":"SpeedPotion"},{"floor":42,"key":"GamblersBrew"},{"floor":44,"key":"Regen Potion"},{"floor":47,"key":"Weak Potion"},{"floor":48,"key":"Strength Potion"}],"is_trial":false,"path_per_floor":["M","M","M","?","M","E","R","M","T","M","R","E","M","?","R","B",null,"M","$","M","?","M","R","E","?","T","E","M","M","R","E","R","B",null,"M","M","$","M","?","R","E","M","T","M","?","$","M","E","R","B",null],"character_chosen":"IRONCLAD","items_purchased":["Corruption","DollysMirror","Flame Barrier+1","Bottled Tornado","Havoc+1"],"campfire_rested":0,"item_purchase_floors":[19,19,19,37,46],"current_hp_per_floor":[80,80,83,83,86,77,77,83,83,86,86,66,64,64,64,73,86,41,41,48,48,63,63,64,64,78,106,100,106,106,106,106,106,106,106,106,106,102,102,102,106,106,106,89,89,89,83,111,111,123],"gold":104,"neow_bonus":"","is_prod":false,"is_daily":true,"chose_seed":false,"campfire_upgraded":0,"win_rate":0,"timestamp":1548050441,"path_taken":["M","M","M","?","M","E","R","M","T","?","R","E","M","?","R","BOSS","M","?","M","?","M","R","E","?","T","E","M","M","R","E","R","BOSS","M","?","$","M","?","R","E","M","T","M","?","$","?","E","R","BOSS"],"build_version":"2019-01-17v2","purchased_purges":0,"victory":true,"max_hp_per_floor":[80,80,83,83,86,86,86,86,86,86,86,86,86,86,86,86,86,86,86,86,86,86,86,89,89,103,106,106,106,106,106,106,106,106,106,106,106,106,106,106,106,106,106,109,109,109,109,119,119,123],"card_choices":[{"not_picked":["Sword Boomerang"],"picked":"Armaments","floor":1},{"not_picked":["Cleave"],"picked":"True Grit","floor":2},{"not_picked":["Sword Boomerang","Rupture"],"picked":"SKIP","floor":3},{"not_picked":["Anger"],"picked":"Havoc","floor":5},{"not_picked":["Bludgeon","Clothesline"],"picked":"SKIP","floor":6},{"not_picked":["Twin Strike","Cleave"],"picked":"SKIP","floor":8},{"not_picked":["Sword Boomerang","Thunderclap"],"picked":"SKIP","floor":10},{"not_picked":["Hemokinesis","Second Wind+1"],"picked":"SKIP","floor":12},{"not_picked":["Perfected Strike","Rupture"],"picked":"SKIP","floor":13},{"not_picked":["Demon Form"],"picked":"Reaper","floor":16},{"not_picked":["Whirlwind"],"picked":"Shrug It Off+1","floor":18},{"not_picked":["Whirlwind","Body Slam"],"picked":"SKIP","floor":20},{"not_picked":["Heavy Blade","Immolate"],"picked":"SKIP","floor":22},{"not_picked":["Headbutt"],"picked":"Entrench+1","floor":24},{"not_picked":["Pummel"],"picked":"Flame Barrier+1","floor":27},{"not_picked":["Wild Strike"],"picked":"Spot Weakness+1","floor":28},{"not_picked":["Headbutt+1","Corruption+1"],"picked":"SKIP","floor":29},{"not_picked":["Clash"],"picked":"Battle Trance+1","floor":31},{"not_picked":["Feed"],"picked":"Juggernaut+1","floor":33},{"not_picked":["Carnage"],"picked":"Havoc+1","floor":35},{"not_picked":["Thunderclap","Twin Strike+1"],"picked":"SKIP","floor":36},{"not_picked":["Pommel Strike"],"picked":"Armaments+1","floor":38},{"not_picked":["Chrysalis+1"],"picked":"Purity+1","floor":39},{"not_picked":["Clothesline+1","Clash+1"],"picked":"SKIP","floor":41},{"not_picked":["Battle Trance+1","Bloodletting+1"],"picked":"SKIP","floor":42},{"not_picked":["True Grit+1"],"picked":"Shrug It Off+1","floor":44},{"not_picked":["Pommel Strike","Clothesline+1"],"picked":"SKIP","floor":47},{"not_picked":["Rampage+1","Iron Wave"],"picked":"SKIP","floor":48}],"player_experience":2957950,"relics_obtained":[{"floor":6,"key":"Shovel"},{"floor":7,"key":"Kunai"},{"floor":9,"key":"Toxic Egg 2"},{"floor":11,"key":"Turnip"},{"floor":12,"key":"Sundial"},{"floor":15,"key":"Potion Belt"},{"floor":23,"key":"Frozen Egg 2"},{"floor":24,"key":"Bronze Scales"},{"floor":26,"key":"Mango"},{"floor":27,"key":"Calipers"},{"floor":30,"key":"Red Skull"},{"floor":31,"key":"PreservedInsect"},{"floor":32,"key":"Blue Candle"},{"floor":40,"key":"Blood Vial"},{"floor":41,"key":"Paper Frog"},{"floor":43,"key":"Torii"},{"floor":48,"key":"Pear"},{"floor":49,"key":"Whetstone"}],"event_choices":[{"damage_healed":0,"gold_gain":0,"player_choice":"Bought 2 Potions","damage_taken":0,"max_hp_gain":0,"max_hp_loss":0,"event_name":"The Woman in Blue","floor":4,"gold_loss":0},{"cards_removed":["Brutality"],"damage_healed":0,"gold_gain":0,"player_choice":"Purged","damage_taken":0,"max_hp_gain":0,"max_hp_loss":0,"event_name":"Purifier","floor":14,"gold_loss":0},{"damage_healed":0,"gold_gain":0,"player_choice":"Inject Mutagens","damage_taken":0,"relics_obtained":["MutagenicStrength"],"max_hp_gain":0,"max_hp_loss":0,"event_name":"Drug Dealer","floor":21,"gold_loss":0},{"damage_healed":0,"gold_gain":0,"player_choice":"Cursed","damage_taken":0,"max_hp_gain":0,"max_hp_loss":0,"event_name":"Wheel of Change","floor":25,"gold_loss":0,"cards_obtained":["Decay"]},{"damage_healed":0,"gold_gain":0,"player_choice":"Memory 1","damage_taken":0,"max_hp_gain":0,"max_hp_loss":0,"event_name":"SensoryStone","floor":39,"gold_loss":0},{"damage_healed":0,"gold_gain":0,"player_choice":"Forge","damage_taken":0,"max_hp_gain":0,"max_hp_loss":0,"event_name":"Accursed Blacksmith","floor":45,"gold_loss":0,"cards_upgraded":["Demon Form"]}],"is_beta":false,"boss_relics":[{"not_picked":["Cursed Key","Sozu"],"picked":"Fusion Hammer"},{"not_picked":["Runic Dome","Black Blood"],"picked":"White Beast Statue"}],"items_purged_floors":[],"is_endless":false,"potions_floor_spawned":[3,5,10,12,13,24,28,31,35,36,38,41,42,44,47,48],"ascension_level":0}