{"gold_per_floor":[109,162,179,179,48,83,83,96,96,96],"floor_reached":10,"playtime":382,"items_purged":[],"score":177,"play_id":"63592414-fc6e-49fa-b463-ee0f5aaa301e","local_time":"20190708171134","is_ascension_mode":true,"campfire_choices":[{"data":"Malaise","floor":7,"key":"SMITH"}],"neow_cost":"NONE","seed_source_timestamp":2153212931166452,"circlet_count":0,"master_deck":["AscendersBane","Strike_G","Strike_G","Strike_G","Strike_G","Strike_G","Defend_G","Defend_G","Defend_G","Defend_G","Defend_G","Survivor","Neutralize","Underhanded Strike","Footwork","Caltrops","Malaise+1","Prepared"],"relics":["Ring of the Snake","NeowsBlessing","Bottled Flame","Mummified Hand"],"potions_floor_usage":[10,10],"damage_taken":[{"damage":0,"enemies":"Small Slimes","floor":1,"turns":1},{"damage":0,"enemies":"Jaw Worm","floor":3,"turns":1},{"damage":0,"enemies":"Gremlin Nob","floor":6,"turns":1},{"damage":2,"enemies":"Cultist","floor":8,"turns":5},{"damage":67,"enemies":"Lagavulin","floor":10,"turns":20}],"seed_played":"-1483922166950665644","potions_obtained":[{"floor":6,"key":"Regen Potion"}],"is_trial":false,"path_per_floor":["M","?","M","?","$","E","R","M","T","E"],"character_chosen":"THE_SILENT","items_purchased":["Caltrops","Block Potion"],"campfire_rested":0,"item_purchase_floors":[5,5],"current_hp_per_floor":[59,59,59,59,59,59,59,57,57,5],"gold":96,"neow_bonus":"THREE_ENEMY_KILL","is_prod":false,"is_daily":false,"chose_seed":false,"campfire_upgraded":1,"win_rate":0,"timestamp":1562627494,"path_taken":["M","?","M","?","?","E","R","?","T","E"],"build_version":"2019-07-03","purchased_purges":0,"victory":false,"max_hp_per_floor":[66,66,66,66,66,66,66,66,66,66],"card_choices":[{"not_picked":["Bane","Outmaneuver"],"picked":"Underhanded Strike","floor":1},{"not_picked":["Well Laid Plans","Concentrate"],"picked":"Footwork","floor":3},{"not_picked":["Dagger Throw","Outmaneuver"],"picked":"Malaise","floor":6},{"not_picked":["Cloak And Dagger","Eviscerate"],"picked":"Prepared","floor":8}],"player_experience":1157456,"relics_obtained":[{"floor":6,"key":"Bottled Flame"},{"floor":9,"key":"Mummified Hand"}],"event_choices":[{"damage_healed":0,"gold_gain":53,"player_choice":"Gained Gold","damage_taken":0,"max_hp_gain":0,"max_hp_loss":0,"event_name":"Golden Wing","floor":2,"gold_loss":0},{"damage_healed":0,"gold_gain":0,"player_choice":"Leave","damage_taken":0,"max_hp_gain":0,"max_hp_loss":0,"event_name":"The Cleric","floor":4,"gold_loss":0}],"is_beta":true,"boss_relics":[],"items_purged_floors":[],"is_endless":false,"potions_floor_spawned":[6,8],"killed_by":"Lagavulin","ascension_level":19}