{"gold_per_floor":[213,233,243,19,31,31,43,43,97,113,113,113,113,154,154,250,250,265,265,283,306,333,333,371,371,396,396,27,52,96,109,109,199,199,213,213,163,181,194,194,234,246,258,270,301,313,346,371,383,395],"floor_reached":51,"playtime":3593,"items_purged":["Strike_B","Strike_B"],"score":1229,"play_id":"2f2d128f-5b6e-49d9-82b3-cae9bfa55abc","local_time":"20190329113521","is_ascension_mode":true,"campfire_choices":[{"data":"Barrage","floor":6,"key":"SMITH"},{"data":"Glacier","floor":8,"key":"SMITH"},{"data":"Streamline","floor":11,"key":"SMITH"},{"data":"Zap","floor":15,"key":"SMITH"},{"data":"Defragment","floor":23,"key":"SMITH"},{"floor":25,"key":"REST"},{"floor":27,"key":"REST"},{"data":"Defragment","floor":32,"key":"SMITH"},{"data":"Rainbow","floor":40,"key":"SMITH"},{"data":"Conserve Battery","floor":42,"key":"SMITH"},{"data":"Defragment","floor":44,"key":"SMITH"},{"data":"BootSequence","floor":46,"key":"SMITH"},{"floor":49,"key":"REST"}],"neow_cost":"NONE","seed_source_timestamp":1427406205047525,"circlet_count":0,"master_deck":["AscendersBane","Defend_B","Defend_B","Defend_B","Defend_B","Zap+1","Dualcast","Glacier+1","Genetic Algorithm","Self Repair","Cold Snap","Barrage+1","Compile Driver","Streamline+1","Leap","Echo Form","Conserve Battery+1","Defragment+1","BootSequence+1","Defragment+1","Defragment+1","Doom and Gloom","Conserve Battery+1","Rainbow+1","Steam+1"],"relics":["Cracked Core","Regal Pillow","DataDisk","Golden Idol","Matryoshka","Empty Cage","PreservedInsect","Bronze Scales","Anchor","Mercury Hourglass","Smiling Mask","Emotion Chip","Kunai","Runic Pyramid","MawBank","Ornamental Fan"],"potions_floor_usage":[7,16,33,50,50,50,50],"damage_taken":[{"damage":6,"enemies":"Cultist","floor":1,"turns":4},{"damage":3,"enemies":"Jaw Worm","floor":2,"turns":4},{"damage":2,"enemies":"Small Slimes","floor":3,"turns":5},{"damage":16,"enemies":"Exordium Wildlife","floor":5,"turns":7},{"damage":2,"enemies":"Red Slaver","floor":7,"turns":6},{"damage":2,"enemies":"3 Louse","floor":10,"turns":4},{"damage":12,"enemies":"3 Sentries","floor":14,"turns":9},{"damage":46,"enemies":"Hexaghost","floor":16,"turns":12},{"damage":16,"enemies":"Shell Parasite","floor":18,"turns":6},{"damage":12,"enemies":"Chosen","floor":20,"turns":6},{"damage":17,"enemies":"Centurion and Healer","floor":21,"turns":7},{"damage":52,"enemies":"Slavers","floor":24,"turns":6},{"damage":1,"enemies":"Snake Plant","floor":29,"turns":5},{"damage":7,"enemies":"Gremlin Leader","floor":30,"turns":7},{"damage":0,"enemies":"Snecko","floor":31,"turns":6},{"damage":50,"enemies":"Automaton","floor":33,"turns":15},{"damage":0,"enemies":"Orb Walker","floor":35,"turns":5},{"damage":20,"enemies":"3 Darklings","floor":38,"turns":6},{"damage":0,"enemies":"Spire Growth","floor":39,"turns":6},{"damage":5,"enemies":"Giant Head","floor":41,"turns":9},{"damage":4,"enemies":"Maw","floor":45,"turns":10},{"damage":23,"enemies":"Sphere and 2 Shapes","floor":47,"turns":6},{"damage":11,"enemies":"Jaw Worm Horde","floor":48,"turns":7},{"damage":18,"enemies":"Donu and Deca","floor":50,"turns":12}],"seed_played":"-203026041675943695","potions_obtained":[{"floor":1,"key":"Regen Potion"},{"floor":2,"key":"Block Potion"},{"floor":24,"key":"SpeedPotion"},{"floor":31,"key":"Regen Potion"},{"floor":33,"key":"EntropicBrew"},{"floor":41,"key":"PowerPotion"}],"is_trial":false,"path_per_floor":["M","M","M","$","M","R","M","R","T","M","R","?","?","E","R","B",null,"M","?","M","M","T","R","E","R","T","R","$","M","E","M","R","B",null,"M","?","$","M","M","R","E","R","T","R","M","R","M","M","R","B",null],"character_chosen":"DEFECT","items_purchased":["Regal Pillow","Cold Snap","Emotion Chip"],"campfire_rested":3,"item_purchase_floors":[4,4,28],"current_hp_per_floor":[58,55,53,53,44,44,64,64,64,69,69,74,69,64,64,25,58,56,56,58,55,55,55,3,38,38,69,69,68,61,61,61,33,60,67,67,67,61,68,68,63,63,63,63,66,66,50,53,69,58],"gold":407,"neow_bonus":"HUNDRED_GOLD","is_prod":false,"is_daily":false,"chose_seed":false,"campfire_upgraded":10,"win_rate":0,"timestamp":1553873721,"path_taken":["M","M","M","$","M","R","M","R","T","M","R","?","?","E","R","BOSS","M","?","M","M","?","R","E","R","T","R","$","M","E","?","R","BOSS","M","?","$","M","M","R","E","R","T","R","M","R","M","M","R","BOSS"],"build_version":"2019-01-23","purchased_purges":2,"victory":true,"max_hp_per_floor":[71,71,71,71,71,71,71,71,71,71,71,76,69,69,69,69,69,69,69,69,69,69,69,69,69,69,69,69,69,69,69,69,69,69,69,69,69,69,69,69,69,69,69,69,69,69,69,69,69,69],"card_choices":[{"not_picked":["Streamline","Fusion"],"picked":"Glacier","floor":1},{"not_picked":["Stack","Capacitor"],"picked":"Genetic Algorithm","floor":2},{"not_picked":["Steam","Go for the Eyes"],"picked":"Self Repair","floor":3},{"not_picked":["Ball Lightning","Compile Driver"],"picked":"Barrage","floor":5},{"not_picked":["Reboot","Leap"],"picked":"Compile Driver","floor":7},{"not_picked":["Cold Snap","Ball Lightning"],"picked":"Streamline","floor":10},{"not_picked":["Compile Driver","Redo"],"picked":"Leap","floor":14},{"not_picked":["All For One","Core Surge"],"picked":"Echo Form","floor":16},{"not_picked":["Sweeping Beam","Barrage+1"],"picked":"Conserve Battery","floor":18},{"not_picked":["Compile Driver+1","Hologram","Coolheaded"],"picked":"SKIP","floor":20},{"not_picked":["Leap","Blizzard+1"],"picked":"BootSequence","floor":21},{"not_picked":["Doom and Gloom","Go for the Eyes"],"picked":"Defragment","floor":24},{"not_picked":["Force Field+1","Fusion+1"],"picked":"Defragment","floor":29},{"not_picked":["Streamline+1","Steam"],"picked":"Doom and Gloom","floor":30},{"not_picked":["Cold Snap","Undo"],"picked":"Conserve Battery+1","floor":31},{"not_picked":["Thunder Strike","Creative AI"],"picked":"Rainbow","floor":33},{"not_picked":["Barrage+1","Rip and Tear"],"picked":"Steam+1","floor":35},{"not_picked":["Sweeping Beam","Barrage","Leap"],"picked":"SKIP","floor":38},{"not_picked":["Gash+1","FTL+1","Rebound"],"picked":"SKIP","floor":39},{"not_picked":["Steam","Hologram","Redo"],"picked":"SKIP","floor":41},{"not_picked":["Ball Lightning","Go for the Eyes","Stack"],"picked":"SKIP","floor":45},{"not_picked":["Barrage","Auto Shields","Gash"],"picked":"SKIP","floor":47},{"not_picked":["Steam Power","Aggregate+1","Hello World"],"picked":"SKIP","floor":48}],"player_experience":3287754,"relics_obtained":[{"floor":9,"key":"DataDisk"},{"floor":14,"key":"Matryoshka"},{"floor":22,"key":"PreservedInsect"},{"floor":22,"key":"Bronze Scales"},{"floor":24,"key":"Anchor"},{"floor":26,"key":"Mercury Hourglass"},{"floor":26,"key":"Smiling Mask"},{"floor":30,"key":"Kunai"},{"floor":41,"key":"MawBank"},{"floor":43,"key":"Ornamental Fan"}],"event_choices":[{"damage_healed":0,"gold_gain":0,"player_choice":"Donut","damage_taken":0,"max_hp_gain":5,"max_hp_loss":0,"event_name":"Big Fish","floor":12,"gold_loss":0},{"damage_healed":0,"gold_gain":0,"player_choice":"Lose Max HP","damage_taken":0,"relics_obtained":["Golden Idol"],"max_hp_gain":0,"max_hp_loss":7,"event_name":"Golden Idol","floor":13,"gold_loss":0},{"damage_healed":0,"gold_gain":0,"player_choice":"Read","damage_taken":0,"max_hp_gain":0,"max_hp_loss":0,"event_name":"The Library","floor":19,"gold_loss":0,"cards_obtained":["Defragment"]},{"damage_healed":0,"gold_gain":0,"player_choice":"Ignored","damage_taken":0,"max_hp_gain":0,"max_hp_loss":0,"event_name":"Mysterious Sphere","floor":36,"gold_loss":0}],"is_beta":false,"boss_relics":[{"not_picked":["Busted Crown","Coffee Dripper"],"picked":"Empty Cage"},{"not_picked":["White Beast Statue","Velvet Choker"],"picked":"Runic Pyramid"}],"items_purged_floors":[28,37],"is_endless":false,"potions_floor_spawned":[1,2,3,5,24,31,33,35,41],"ascension_level":16}