{"gold_per_floor":[116,116,135,152,77,77,77,0,27,47,47,47,72,86,86,214,277,291,72,96,110,110,110,127,127,127,144,144],"floor_reached":28,"playtime":1317,"items_purged":["Strike_R","Strike_R"],"score":212,"play_id":"93e7e133-9b7f-4b52-bc72-0015a3db360f","local_time":"20190422113113","is_ascension_mode":false,"campfire_choices":[{"data":"Bash","floor":6,"key":"SMITH"},{"data":"Double Tap","floor":12,"key":"SMITH"},{"data":"Shockwave","floor":15,"key":"SMITH"},{"floor":23,"key":"REST"},{"data":"Seeing Red","floor":25,"key":"SMITH"}],"neow_cost":"NONE","seed_source_timestamp":1094592746984554,"circlet_count":0,"master_deck":["Strike_R","Strike_R+1","Defend_R","Defend_R+1","Defend_R","Defend_R","Bash+1","Double Tap+1","Twin Strike","Shockwave+1","Intimidate","Dropkick+1","Feed","Seeing Red+1","Disarm+1"],"relics":["Burning Blood","Bloody Idol","Whetstone","Tiny House","Blue Candle"],"potions_floor_usage":[16,18,18,21],"damage_taken":[{"damage":13,"enemies":"Jaw Worm","floor":1,"turns":5},{"damage":10,"enemies":"Small Slimes","floor":3,"turns":3},{"damage":12,"enemies":"Cultist","floor":4,"turns":4},{"damage":9,"enemies":"Exordium Thugs","floor":10,"turns":3},{"damage":7,"enemies":"3 Louse","floor":13,"turns":4},{"damage":10,"enemies":"Red Slaver","floor":14,"turns":4},{"damage":50,"enemies":"The Guardian","floor":16,"turns":13},{"damage":16,"enemies":"Spheric Guardian","floor":18,"turns":5},{"damage":29,"enemies":"2 Thieves","floor":20,"turns":4},{"damage":29,"enemies":"3 Cultists","floor":21,"turns":6},{"damage":22,"enemies":"Cultist and Chosen","floor":24,"turns":6},{"damage":27,"enemies":"Chosen and Byrds","floor":27,"turns":9},{"damage":45,"enemies":"3 Cultists","floor":28,"turns":5}],"seed_played":"-7935835072048619782","potions_obtained":[{"floor":10,"key":"Swift Potion"},{"floor":13,"key":"Energy Potion"},{"floor":14,"key":"Weak Potion"},{"floor":17,"key":"GamblersBrew"},{"floor":20,"key":"SkillPotion"},{"floor":27,"key":"FearPotion"}],"is_trial":false,"path_per_floor":["M","?","M","M","$","R","?","$","T","M","?","R","M","M","R","B",null,"M","$","M","M","?","R","M","R","T","M","M"],"character_chosen":"IRONCLAD","items_purchased":["Dropkick","Seeing Red","Swift Potion"],"campfire_rested":1,"item_purchase_floors":[8,19,19],"current_hp_per_floor":[73,73,69,63,63,63,63,63,63,60,74,74,73,69,69,25,79,72,72,49,29,29,54,46,46,46,33,0],"gold":144,"neow_bonus":"ONE_RANDOM_RARE_CARD","is_prod":false,"is_daily":false,"chose_seed":false,"campfire_upgraded":4,"win_rate":0,"timestamp":1555947073,"path_taken":["M","?","M","M","$","R","?","$","T","M","?","R","?","M","R","BOSS","M","$","M","M","?","R","M","R","T","M","M"],"build_version":"2019-01-23","purchased_purges":2,"victory":false,"max_hp_per_floor":[80,80,80,80,80,80,74,74,74,74,74,74,74,74,74,74,79,82,82,82,85,85,85,88,88,88,91,94],"card_choices":[{"not_picked":["Pommel Strike","Flex"],"picked":"Twin Strike","floor":1},{"not_picked":["Sever Soul","Wild Strike"],"picked":"Intimidate","floor":3},{"not_picked":["Clothesline","Spot Weakness","Flex"],"picked":"SKIP","floor":4},{"not_picked":["Cleave","Burning Pact","Thunderclap"],"picked":"SKIP","floor":10},{"not_picked":["Sword Boomerang","Havoc","Warcry"],"picked":"SKIP","floor":13},{"not_picked":["Heavy Blade","Clothesline","Corruption"],"picked":"SKIP","floor":14},{"not_picked":["Limit Break","Berserk"],"picked":"Feed","floor":16},{"not_picked":["Limit Break","True Grit+1","Iron Wave"],"picked":"SKIP","floor":18},{"not_picked":["Warcry","Clash+1"],"picked":"Disarm+1","floor":20},{"not_picked":["Spot Weakness+1","Clothesline","Pommel Strike"],"picked":"SKIP","floor":21},{"not_picked":["Entrench+1","Iron Wave","Impervious"],"picked":"SKIP","floor":24},{"not_picked":["Twin Strike+1","True Grit","Clash"],"picked":"SKIP","floor":27}],"player_experience":3449594,"relics_obtained":[{"floor":9,"key":"Whetstone"},{"floor":26,"key":"Blue Candle"}],"event_choices":[{"damage_healed":0,"gold_gain":0,"cards_transformed":["Strike_R"],"player_choice":"Change","damage_taken":0,"max_hp_gain":0,"max_hp_loss":0,"event_name":"Living Wall","floor":2,"gold_loss":0,"cards_obtained":["Shockwave"]},{"damage_healed":0,"gold_gain":0,"player_choice":"Lose Max HP","damage_taken":0,"relics_obtained":["Golden Idol"],"max_hp_gain":0,"max_hp_loss":6,"event_name":"Golden Idol","floor":7,"gold_loss":0},{"damage_healed":14,"gold_gain":0,"player_choice":"Full Heal","damage_taken":0,"max_hp_gain":0,"max_hp_loss":0,"event_name":"Wheel of Change","floor":11,"gold_loss":0},{"damage_healed":0,"gold_gain":0,"player_choice":"Gave Idol","damage_taken":0,"relics_obtained":["Bloody Idol"],"max_hp_gain":0,"max_hp_loss":0,"event_name":"Forgotten Altar","floor":22,"relics_lost":["Golden Idol"],"gold_loss":0}],"is_beta":false,"boss_relics":[{"not_picked":["Black Blood","Black Star"],"picked":"Tiny House"}],"items_purged_floors":[5,19],"is_endless":false,"potions_floor_spawned":[10,13,14,20,27],"killed_by":"3 Cultists","ascension_level":0}