{"path_per_floor":["M","M","M","?","M","R","M","R","T","$","M","M","R","?","R","B",null,"M","?","M","?","M","R","$","?","T","M","R","$","M","E","R","B",null,"M","M","?","$","?","R","M","?","T","?","M","?","?","M","R","B"],"character_chosen":"THE_SILENT","items_purchased":["Happy Flower","Footwork","Malaise","Lantern","Noxious Fumes"],"gold_per_floor":[118,130,148,148,165,165,177,177,224,6,21,32,32,32,32,135,135,147,147,158,158,178,178,29,29,29,42,42,42,56,89,89,186,216,235,245,245,26,0,0,10,10,10,55,72,72,72,88,88,88],"floor_reached":51,"campfire_rested":1,"playtime":34824,"current_hp_per_floor":[63,63,63,51,46,46,46,46,46,46,46,61,61,47,47,33,61,61,61,59,59,56,56,56,56,56,56,56,56,56,49,49,40,68,63,63,63,63,63,63,63,54,54,47,47,47,47,36,58,46],"items_purged":["Strike_G"],"gold":88,"score":693,"play_id":"e104d844-9f80-40ed-b60c-b8551eb40c50","is_prod":false,"is_daily":false,"is_ascension_mode":true,"campfire_upgraded":6,"path_taken":["M","M","M","?","M","R","M","R","T","$","M","M","R","?","R","BOSS","M","?","?","?","M","R","$","?","T","M","R","$","?","E","R","BOSS","M","M","?","$","?","R","M","?","T","?","?","?","?","?","R","BOSS"],"build_version":"2018-02-08-PROD1","purchased_purges":1,"victory":true,"master_deck":["Defend_G+1","Defend_G","Defend_G","Defend_G","Defend_G","Strike_G","Strike_G","Strike_G","Strike_G","Neutralize+1","Leg Sweep","Calculated Gamble+1","Dagger Spray+1","Expertise+1","Terror+1","Deadly Poison+1","Footwork","Wraith Form","Backflip+1","Neutralize","Dagger Spray+1","Backflip+1","Catalyst+1","Footwork","Malaise","Well Laid Plans","Escape Plan","Escape Plan+1","Venomology","Escape Plan","Finesse","Noxious Fumes+1","Backstab+1","Madness","Madness"],"max_hp_per_floor":[70,70,70,70,70,70,70,70,70,70,70,70,70,70,70,70,70,70,70,70,70,70,70,70,70,70,70,70,70,70,70,70,70,75,75,75,75,75,75,75,75,75,75,75,75,75,75,75,75,75],"relics":["Ring of the Snake","Thread and Needle","Toolbox","Orichalcum","Happy Flower","The Specimen","Girya","War Paint","Tiny House","Lantern","Red Mask","Sundial","Shovel"],"card_choices":[{"not_picked":["Poisoned Stab","Underhanded Strike"],"picked":"Leg Sweep"},{"not_picked":["Riddle With Holes","Leg Sweep"],"picked":"Calculated Gamble"},{"not_picked":["Deflect","Sucker Punch"],"picked":"Dagger Spray"},{"not_picked":["Sucker Punch","Accuracy"],"picked":"Expertise"},{"not_picked":["Flying Knee","Accuracy"],"picked":"Terror"},{"not_picked":["Dagger Spray","Prepared"],"picked":"Deadly Poison"},{"not_picked":["Underhanded Strike","Dodge and Roll"],"picked":"Footwork"},{"not_picked":["Unload","Corpse Explosion"],"picked":"Wraith Form"},{"not_picked":["Outmaneuver","PiercingWail"],"picked":"Backflip"},{"not_picked":["Outmaneuver","Prepared"],"picked":"Dagger Spray"},{"not_picked":["Outmaneuver","Masterful Stab"],"picked":"Catalyst"},{"not_picked":["Flechettes","Heel Hook"],"picked":"Well Laid Plans"},{"not_picked":["All Out Attack","Backstab"],"picked":"Escape Plan"},{"not_picked":["Malaise","Reflex"],"picked":"Escape Plan"},{"not_picked":["Unload","Glass Knife"],"picked":"Venomology"},{"not_picked":["Heel Hook","Slice"],"picked":"Escape Plan"},{"not_picked":["Infinite Blades","Dagger Throw"],"picked":"Backstab"}],"player_experience":631383,"potions_floor_usage":[5,12,16,31,33,33,36,41,44,45,48,50,50,50,50],"damage_taken":[{"damage":0,"enemies":"Jaw Worm","floor":1,"turns":4},{"damage":0,"enemies":"Small Slimes","floor":2,"turns":5},{"damage":0,"enemies":"2 Louse","floor":3,"turns":4},{"damage":5,"enemies":"Large Slime","floor":5,"turns":9},{"damage":0,"enemies":"Looter","floor":7,"turns":5},{"damage":0,"enemies":"Red Slaver","floor":11,"turns":4},{"damage":0,"enemies":"Gremlin Gang","floor":12,"turns":7},{"damage":14,"enemies":"Slime Boss","floor":16,"turns":11},{"damage":0,"enemies":"3 Byrds","floor":18,"turns":5},{"damage":2,"enemies":"Shell Parasite","floor":20,"turns":6},{"damage":3,"enemies":"Snake Plant","floor":22,"turns":7},{"damage":0,"enemies":"Centurion and Healer","floor":27,"turns":4},{"damage":0,"enemies":"Snecko","floor":30,"turns":5},{"damage":7,"enemies":"Gremlin Leader","floor":31,"turns":6},{"damage":9,"enemies":"Automaton","floor":33,"turns":12},{"damage":5,"enemies":"3 Darklings","floor":35,"turns":5},{"damage":0,"enemies":"3 Shapes","floor":36,"turns":8},{"damage":0,"enemies":"3 Darklings","floor":41,"turns":2},{"damage":11,"enemies":"Mysterious Sphere","floor":44,"turns":6},{"damage":0,"enemies":"Sphere and 2 Shapes","floor":45,"turns":5},{"damage":11,"enemies":"4 Shapes","floor":48,"turns":5},{"damage":12,"enemies":"Time Eater","floor":50,"turns":14}],"event_choices":[{"event_name":"Scrap Ooze","player_choice":"success","floor":4,"damage_taken":12},{"event_name":"Shining Light","player_choice":"Entered Light","floor":14,"damage_taken":0},{"event_name":"Match and Keep!","player_choice":"1 cards matched","floor":19,"damage_taken":0},{"event_name":"Duplicator","player_choice":"One dupe","floor":21,"damage_taken":0},{"event_name":"Addict","player_choice":"Ignored","floor":25,"damage_taken":0},{"event_name":"Match and Keep!","player_choice":"1 cards matched","floor":37,"damage_taken":0},{"event_name":"Tomb of Lord Red Mask","player_choice":"Paid","floor":39,"damage_taken":0},{"event_name":"Winding Halls","player_choice":"Embrace Madness","floor":42,"damage_taken":0},{"event_name":"Mysterious Sphere","player_choice":"Fight","floor":44,"damage_taken":0},{"event_name":"Purifier","player_choice":"One Purge","floor":47,"damage_taken":0}],"boss_relics":[{"not_picked":["Runic Pyramid","Black Star"],"picked":"The Specimen"},{"not_picked":["Velvet Choker","Calling Bell"],"picked":"Tiny House"}],"potions_floor_spawned":[2,7,12,16,22,30,31,35,41,48],"seed_played":"7465334511620328933","ascension_level":8,"is_trial":false}