{"gold_per_floor":[110,110,110,121,131,163,163,163,163,182,200,300,283,80,80,80],"floor_reached":16,"playtime":564,"items_purged":["Defend_R"],"score":148,"play_id":"c3d308f8-40fe-45ff-87be-55571423ab2c","local_time":"20190721200921","is_ascension_mode":true,"campfire_choices":[{"floor":8,"key":"REST"},{"floor":15,"key":"REST"}],"neow_cost":"PERCENT_DAMAGE","seed_source_timestamp":38698555362471,"circlet_count":0,"master_deck":["Strike_R","Strike_R","Strike_R","Defend_R","Defend_R","Bash","Shrug It Off"],"relics":["Burning Blood","Molten Egg 2","Pantograph"],"potions_floor_usage":[6,11,16],"damage_taken":[{"damage":6,"enemies":"Cultist","floor":1,"turns":3},{"damage":4,"enemies":"2 Louse","floor":4,"turns":5},{"damage":1,"enemies":"Jaw Worm","floor":5,"turns":5},{"damage":55,"enemies":"Lagavulin","floor":6,"turns":8},{"damage":24,"enemies":"Lots of Slimes","floor":10,"turns":8},{"damage":2,"enemies":"3 Louse","floor":11,"turns":3},{"damage":4,"enemies":"Exordium Thugs","floor":13,"turns":4},{"damage":65,"enemies":"Hexaghost","floor":16,"turns":10}],"seed_played":"4729070470624286862","potions_obtained":[{"floor":4,"key":"Strength Potion"},{"floor":10,"key":"Fire Potion"},{"floor":13,"key":"Fire Potion"}],"is_trial":false,"path_per_floor":["M","?","?","M","M","E","?","R","T","M","M","?","M","$","R","B"],"character_chosen":"IRONCLAD","items_purchased":["Explosive Potion","Regen Potion"],"campfire_rested":2,"item_purchase_floors":[14,14],"current_hp_per_floor":[51,51,51,53,58,9,9,33,33,15,19,19,21,21,45,20],"gold":80,"neow_bonus":"REMOVE_TWO","is_prod":false,"is_daily":false,"chose_seed":false,"campfire_upgraded":0,"win_rate":0,"timestamp":1563732561,"path_taken":["M","?","?","M","?","E","?","R","T","M","?","?","M","$","R","BOSS"],"build_version":"2019-07-17","purchased_purges":1,"victory":false,"max_hp_per_floor":[80,80,80,80,80,80,80,80,80,80,80,80,80,80,80,80],"card_choices":[{"not_picked":["Thunderclap","Dual Wield","Headbutt"],"picked":"SKIP","floor":1},{"not_picked":["Pommel Strike","True Grit","Flex"],"picked":"SKIP","floor":4},{"not_picked":["Feel No Pain","Sword Boomerang","Uppercut"],"picked":"SKIP","floor":5},{"not_picked":["Intimidate","Shockwave","Carnage"],"picked":"SKIP","floor":6},{"not_picked":["Limit Break","Disarm","Heavy Blade+1"],"picked":"SKIP","floor":10},{"not_picked":["Body Slam+1","Corruption","Clash+1"],"picked":"SKIP","floor":11},{"not_picked":["Sword Boomerang+1","Armaments","Second Wind"],"picked":"SKIP","floor":13}],"player_experience":217407,"relics_obtained":[{"floor":6,"key":"Molten Egg 2"},{"floor":9,"key":"Pantograph"}],"event_choices":[{"damage_healed":0,"gold_gain":0,"player_choice":"Ignored","damage_taken":0,"max_hp_gain":0,"max_hp_loss":0,"event_name":"Golden Idol","floor":2,"gold_loss":0},{"cards_removed":["Strike_R"],"damage_healed":0,"gold_gain":0,"player_choice":"Purged","damage_taken":0,"max_hp_gain":0,"max_hp_loss":0,"event_name":"Purifier","floor":3,"gold_loss":0},{"damage_healed":0,"gold_gain":0,"player_choice":"1 cards matched","damage_taken":0,"max_hp_gain":0,"max_hp_loss":0,"event_name":"Match and Keep!","floor":7,"gold_loss":0,"cards_obtained":["Shrug It Off"]},{"damage_healed":0,"gold_gain":100,"player_choice":"Pray","damage_taken":0,"max_hp_gain":0,"max_hp_loss":0,"event_name":"Golden Shrine","floor":12,"gold_loss":0}],"is_beta":false,"boss_relics":[],"items_purged_floors":[14],"is_endless":false,"potions_floor_spawned":[4,10,13],"killed_by":"Hexaghost","ascension_level":9}