{"gold_per_floor":[118,135,152,252,7,7,38,38,115,115,149,163,179,149,149,223,223,234,246,171,204,204,215,215,225,225,225,245,245,245,271,271,349,349,369,388,388],"floor_reached":37,"playtime":3106,"items_purged":[],"score":723,"play_id":"35cfbaa0-b4d8-4aff-b37c-3d2cbaf80dea","local_time":"20190420225150","is_ascension_mode":true,"campfire_choices":[{"data":"Neutralize","floor":6.0,"key":"SMITH"},{"floor":8.0,"key":"REST"},{"data":"Cloak And Dagger","floor":10.0,"key":"SMITH"},{"floor":15.0,"key":"REST"},{"floor":24.0,"key":"REST"},{"floor":27.0,"key":"REST"},{"data":"Phantasmal Killer","floor":29.0,"key":"SMITH"},{"floor":32,"key":"REST"}],"neow_cost":"NONE","seed_source_timestamp":0,"circlet_count":0,"master_deck":["AscendersBane","Defend_G","Defend_G","Defend_G","Defend_G","Defend_G","Strike_G","Strike_G","Strike_G","Strike_G","Strike_G","Survivor","Neutralize+1","Cloak And Dagger+1","Deadly Poison","Caltrops","Well Laid Plans","PiercingWail","Dagger Spray","Footwork","Infinite Blades","Backflip","Phantasmal Killer+1","Footwork","Slice","Slice","Decay","Dagger Spray+1","Footwork","Doppelganger","Endless Agony","Tools of the Trade","Calculated Gamble","Underhanded Strike+1","Blade Dance","Terror+1","Deflect"],"special_seed":0,"relics":["Ring of the Snake","NeowsBlessing","Regal Pillow","Happy Flower","Gremlin Horn","Potion Belt","WristBlade","Red Mask","Torii","Kunai","Orrery"],"potions_floor_usage":[33,35],"damage_taken":[{"damage":0.0,"enemies":"Cultist","floor":1.0,"turns":1.0},{"damage":0.0,"enemies":"Jaw Worm","floor":2.0,"turns":1.0},{"damage":0.0,"enemies":"2 Louse","floor":3.0,"turns":1.0},{"damage":49.0,"enemies":"Gremlin Nob","floor":7.0,"turns":6.0},{"damage":15.0,"enemies":"3 Sentries","floor":11.0,"turns":7.0},{"damage":2.0,"enemies":"Red Slaver","floor":12.0,"turns":4.0},{"damage":4.0,"enemies":"Looter","floor":13.0,"turns":3.0},{"damage":20.0,"enemies":"Slime Boss","floor":16.0,"turns":8.0},{"damage":21.0,"enemies":"Shell Parasite","floor":18.0,"turns":5.0},{"damage":3.0,"enemies":"Chosen","floor":19.0,"turns":7.0},{"damage":24.0,"enemies":"Masked Bandits","floor":21.0,"turns":5.0},{"damage":4.0,"enemies":"Shelled Parasite and Fungi","floor":23.0,"turns":6.0},{"damage":14.0,"enemies":"Centurion and Healer","floor":25.0,"turns":5.0},{"damage":14.0,"enemies":"Snake Plant","floor":28.0,"turns":6.0},{"damage":22,"enemies":"Book of Stabbing","floor":31,"turns":7},{"damage":50,"enemies":"Collector","floor":33,"turns":14},{"damage":9,"enemies":"3 Darklings","floor":35,"turns":6},{"damage":7,"enemies":"3 Shapes","floor":36,"turns":5},{"damage":71,"enemies":"Transient","floor":37,"turns":4}],"seed_played":"-8091207898766515524","potions_obtained":[{"floor":2.0,"key":"Ancient Potion"},{"floor":7.0,"key":"Block Potion"},{"floor":13.0,"key":"SkillPotion"},{"floor":14.0,"key":"Strength Potion"},{"floor":14.0,"key":"Strength Potion"},{"floor":16.0,"key":"Energy Potion"},{"floor":21.0,"key":"Fire Potion"},{"floor":23.0,"key":"GamblersBrew"},{"floor":25.0,"key":"Poison Potion"},{"floor":33,"key":"AttackPotion"},{"floor":36,"key":"FearPotion"}],"is_trial":false,"path_per_floor":["M","M","M","?","$","R","E","R","T","R","E","M","M","?","R","B",null,"M","M","$","?","?","M","R","M","T","R","M","R","?","E","R","B",null,"M","M","M"],"character_chosen":"THE_SILENT","items_purchased":["Well Laid Plans","PiercingWail","Regal Pillow","GhostInAJar"],"campfire_rested":5,"item_purchase_floors":[5,5,5,20],"current_hp_per_floor":[59,59,59,59,59,59,10,44,44,44,29,27,23,23,57,37,59,38,35,35,11,11,7,41,27,27,61,47,47,47,25,59,9,52,43,36,0],"gold":388,"neow_bonus":"THREE_ENEMY_KILL","is_prod":false,"is_daily":false,"chose_seed":false,"campfire_upgraded":3,"win_rate":0,"timestamp":1555822310,"path_taken":["M","M","?","?","$","R","E","R","T","R","E","M","?","?","R","BOSS","M","M","$","?","?","M","R","M","T","R","M","R","?","E","R","BOSS","M","M","?"],"build_version":"2019-04-20","purchased_purges":0,"victory":false,"max_hp_per_floor":[66,66,66,66,66,66,66,66,66,66,66,66,66,66,66,66,66,66,66,66,66,66,66,66,66,66,66,66,66,66,66,66,66,66,66,66,66],"card_choices":[{"not_picked":["Blade Dance","Flying Knee"],"picked":"Cloak And Dagger","floor":1.0},{"not_picked":["Dodge and Roll","Deflect"],"picked":"Deadly Poison","floor":2.0},{"not_picked":["Tactician","Flying Knee"],"picked":"Caltrops","floor":3.0},{"not_picked":["Flying Knee","Reflex"],"picked":"Dagger Spray","floor":7.0},{"not_picked":["PiercingWail","Eviscerate"],"picked":"Footwork","floor":11.0},{"not_picked":["All Out Attack","Masterful Stab"],"picked":"Infinite Blades","floor":12.0},{"not_picked":["Crippling Poison","Quick Slash"],"picked":"Backflip","floor":13.0},{"not_picked":["Burst","Die Die Die"],"picked":"Phantasmal Killer","floor":16.0},{"not_picked":["Tactician+1","Slice"],"picked":"Footwork","floor":18.0},{"not_picked":["Distraction","Setup"],"picked":"Slice","floor":19.0},{"not_picked":["Prepared","Dagger Spray"],"picked":"Slice","floor":21.0},{"not_picked":["Finisher","Predator"],"picked":"Dagger Spray+1","floor":23.0},{"not_picked":["Dagger Spray+1","Bane"],"picked":"Footwork","floor":25.0},{"not_picked":["Dagger Throw","Deflect"],"picked":"Doppelganger","floor":28.0},{"not_picked":["Catalyst","Bane"],"picked":"Endless Agony","floor":31},{"not_picked":["Envenom","Storm of Steel"],"picked":"Tools of the Trade","floor":33},{"not_picked":["Crippling Poison","Blade Dance"],"picked":"Calculated Gamble","floor":34},{"not_picked":["Quick Slash","Poisoned Stab+1"],"picked":"Underhanded Strike+1","floor":34},{"not_picked":["Choke","Outmaneuver"],"picked":"Blade Dance","floor":34},{"not_picked":["Dagger Spray","Dash"],"picked":"Terror+1","floor":35},{"not_picked":["Poisoned Stab","Outmaneuver"],"picked":"Deflect","floor":36}],"player_experience":895715,"relics_obtained":[{"floor":7.0,"key":"Happy Flower"},{"floor":9.0,"key":"Gremlin Horn"},{"floor":11.0,"key":"Potion Belt"},{"floor":21.0,"key":"Red Mask"},{"floor":26.0,"key":"Torii"},{"floor":31,"key":"Kunai"}],"event_choices":[{"damage_healed":0.0,"max_hp_gain":0.0,"max_hp_loss":0.0,"gold_gain":100.0,"event_name":"Wheel of Change","player_choice":"Gold","floor":4.0,"gold_loss":0.0,"damage_taken":0.0},{"damage_healed":0.0,"max_hp_gain":0.0,"max_hp_loss":0.0,"gold_gain":0.0,"event_name":"The Woman in Blue","player_choice":"Bought 2 Potions","floor":14.0,"gold_loss":0.0,"damage_taken":0.0},{"damage_healed":0.0,"max_hp_gain":0.0,"max_hp_loss":0.0,"gold_gain":0.0,"event_name":"Masked Bandits","player_choice":"Fought Bandits","floor":21.0,"gold_loss":0.0,"damage_taken":0.0},{"damage_healed":0.0,"max_hp_gain":0.0,"max_hp_loss":0.0,"gold_gain":0.0,"event_name":"Forgotten Altar","player_choice":"Smashed Altar","floor":22.0,"gold_loss":0.0,"damage_taken":0.0,"cards_obtained":["Decay"]},{"damage_healed":0,"gold_gain":0,"player_choice":"Ignored","damage_taken":0,"max_hp_gain":0,"max_hp_loss":0,"event_name":"Transmorgrifier","floor":30,"gold_loss":0}],"is_beta":true,"boss_relics":[{"not_picked":["Philosopher\u0027s Stone","Busted Crown"],"picked":"WristBlade"},{"not_picked":["Eternal Feather","Runic Pyramid"],"picked":"Orrery"}],"items_purged_floors":[],"is_endless":false,"potions_floor_spawned":[2,7,13,16,21,23,25,33,36],"killed_by":"Transient","ascension_level":15}