{"gold_per_floor":[367,59,69,84,84,115,138,138,138,138,138,138,138,159,159,284,284,299,318,318,318,338,338,374,395,395,395,438,99,99,199,199,318,318,341,362,375,400,414,414,437,456,456,264,364,407,407,40,40,40],"floor_reached":51,"playtime":2841,"items_purged":["Strike_R","Strike_R"],"score":917,"play_id":"05945e74-465b-424e-8372-cd519d16ec33","local_time":"20190422133722","is_ascension_mode":false,"campfire_choices":[{"data":"Bash","floor":8,"key":"SMITH"},{"data":"Body Slam","floor":10,"key":"SMITH"},{"data":"Pommel Strike","floor":12,"key":"SMITH"},{"data":"Shrug It Off","floor":15,"key":"SMITH"},{"data":"Offering","floor":23,"key":"SMITH"},{"floor":27,"key":"REST"},{"data":"Feel No Pain","floor":30,"key":"SMITH"},{"floor":32,"key":"REST"},{"data":"Defend_R","floor":40,"key":"SMITH"},{"data":"Seeing Red","floor":47,"key":"SMITH"},{"data":"Sentinel","floor":49,"key":"SMITH"}],"neow_cost":"PERCENT_DAMAGE","seed_source_timestamp":1100628086414142,"circlet_count":0,"master_deck":["Defend_R+1","Defend_R","Defend_R","Defend_R","Bash+1","Feel No Pain+1","Pommel Strike+1","Body Slam+1","Shrug It Off+1","Fire Breathing+1","Offering+1","True Grit+1","Rupture+1","Dropkick+1","Dark Embrace+1","Seeing Red+1","Magnetism+1","Sentinel+1"],"relics":["Burning Blood","Regal Pillow","Golden Idol","Shuriken","Frozen Egg 2","Self Forming Clay","Runic Pyramid","Ancient Tea Set","Dodecahedron","Bag of Marbles","TheAbacus","Empty Cage","Mummified Hand","Ginger","Dead Branch"],"potions_floor_usage":[6,18,18,28,33,50,50,50],"damage_taken":[{"damage":0,"enemies":"Small Slimes","floor":1,"turns":3},{"damage":3,"enemies":"Jaw Worm","floor":3,"turns":3},{"damage":0,"enemies":"2 Louse","floor":4,"turns":3},{"damage":22,"enemies":"3 Sentries","floor":6,"turns":9},{"damage":19,"enemies":"Gremlin Gang","floor":7,"turns":7},{"damage":11,"enemies":"Blue Slaver","floor":14,"turns":4},{"damage":33,"enemies":"Hexaghost","floor":16,"turns":9},{"damage":16,"enemies":"3 Byrds","floor":18,"turns":3},{"damage":10,"enemies":"Spheric Guardian","floor":19,"turns":5},{"damage":10,"enemies":"Shelled Parasite and Fungi","floor":22,"turns":5},{"damage":8,"enemies":"Slavers","floor":24,"turns":6},{"damage":21,"enemies":"Snake Plant","floor":25,"turns":3},{"damage":21,"enemies":"Gremlin Leader","floor":28,"turns":5},{"damage":6,"enemies":"Automaton","floor":33,"turns":8},{"damage":6,"enemies":"Orb Walker","floor":35,"turns":2},{"damage":6,"enemies":"3 Darklings","floor":36,"turns":3},{"damage":6,"enemies":"4 Shapes","floor":37,"turns":3},{"damage":6,"enemies":"Sphere and 2 Shapes","floor":38,"turns":4},{"damage":6,"enemies":"Maw","floor":39,"turns":4},{"damage":16,"enemies":"Writhing Mass","floor":41,"turns":3},{"damage":6,"enemies":"4 Shapes","floor":42,"turns":3},{"damage":6,"enemies":"Reptomancer","floor":46,"turns":5},{"damage":7,"enemies":"Time Eater","floor":50,"turns":3}],"seed_played":"319026549717996177","potions_obtained":[{"floor":3,"key":"LiquidBronze"},{"floor":4,"key":"Strength Potion"},{"floor":14,"key":"Energy Potion"},{"floor":25,"key":"FearPotion"},{"floor":33,"key":"Fire Potion"},{"floor":38,"key":"Poison Potion"},{"floor":41,"key":"PowerPotion"},{"floor":42,"key":"PowerPotion"}],"is_trial":false,"path_per_floor":["M","$","M","M","?","E","M","R","T","R","T","R","?","M","R","B",null,"M","M","?","?","M","R","E","M","T","R","E","$","R","?","R","B",null,"M","M","M","M","M","R","M","M","T","$","?","E","R","$","R","B",null],"character_chosen":"IRONCLAD","items_purchased":["Regal Pillow","Shockwave","TheAbacus","Swift Potion","Magnetism+1","Sentinel","Dead Branch"],"campfire_rested":2,"item_purchase_floors":[2,2,29,29,44,48,48],"current_hp_per_floor":[62,62,65,71,71,55,42,42,42,42,42,42,74,69,69,42,74,64,60,60,60,56,56,54,39,39,74,59,59,59,59,74,74,74,74,74,74,74,74,74,64,64,64,64,64,64,64,64,64,63],"gold":40,"neow_bonus":"TWO_FIFTY_GOLD","is_prod":false,"is_daily":false,"chose_seed":false,"campfire_upgraded":9,"win_rate":0,"timestamp":1555954642,"path_taken":["M","$","M","M","?","E","M","R","T","R","?","R","?","?","R","BOSS","M","M","?","?","?","R","E","M","T","R","E","$","R","?","R","BOSS","M","M","M","?","M","R","M","M","T","$","?","E","R","$","R","BOSS"],"build_version":"2019-01-23","purchased_purges":2,"victory":true,"max_hp_per_floor":[80,80,80,80,74,74,74,74,74,74,74,74,74,74,74,74,74,74,74,74,74,74,74,74,74,74,74,74,74,74,74,74,74,74,74,74,74,74,74,74,74,74,74,74,74,74,74,74,74,74],"card_choices":[{"not_picked":["Perfected Strike","Iron Wave","Anger"],"picked":"SKIP","floor":1},{"not_picked":["Armaments","Headbutt"],"picked":"Feel No Pain","floor":3},{"not_picked":["Sever Soul","Thunderclap"],"picked":"Pommel Strike","floor":4},{"not_picked":["Flex","Cleave"],"picked":"Body Slam","floor":6},{"not_picked":["Flex","Bludgeon"],"picked":"Shrug It Off","floor":7},{"not_picked":["Iron Wave","Armaments"],"picked":"Fire Breathing+1","floor":14},{"not_picked":["Brutality+1","Limit Break"],"picked":"Offering","floor":16},{"not_picked":["Metallicize+1","Headbutt+1"],"picked":"True Grit+1","floor":18},{"not_picked":["Heavy Blade","Sever Soul"],"picked":"Rupture+1","floor":19},{"not_picked":["Reckless Charge","Twin Strike+1"],"picked":"Dropkick+1","floor":22},{"not_picked":["Armaments","Wild Strike","Shrug It Off"],"picked":"SKIP","floor":24},{"not_picked":["Infernal Blade","Inflame+1","Armaments"],"picked":"SKIP","floor":25},{"not_picked":["Heavy Blade","Havoc","Armaments"],"picked":"SKIP","floor":28},{"not_picked":["Armaments","True Grit+1","Corruption+1"],"picked":"SKIP","floor":35},{"not_picked":["Anger+1","Perfected Strike+1","Uppercut+1"],"picked":"SKIP","floor":36},{"not_picked":["Combust+1","Clothesline+1","Twin Strike"],"picked":"SKIP","floor":37},{"not_picked":["Body Slam+1","Iron Wave+1","Clash"],"picked":"SKIP","floor":38},{"not_picked":["Anger","Corruption+1"],"picked":"Dark Embrace+1","floor":39},{"not_picked":["Carnage","Entrench+1","Clothesline"],"picked":"SKIP","floor":41},{"not_picked":["Flex","Clash+1"],"picked":"Seeing Red","floor":42},{"not_picked":["Spot Weakness+1","Iron Wave+1","Perfected Strike"],"picked":"SKIP","floor":46}],"player_experience":3455190,"relics_obtained":[{"floor":6,"key":"Shuriken"},{"floor":9,"key":"Frozen Egg 2"},{"floor":11,"key":"Self Forming Clay"},{"floor":24,"key":"Ancient Tea Set"},{"floor":26,"key":"Dodecahedron"},{"floor":28,"key":"Bag of Marbles"},{"floor":43,"key":"Mummified Hand"},{"floor":46,"key":"Ginger"}],"event_choices":[{"damage_healed":0,"gold_gain":0,"player_choice":"Lose Max HP","damage_taken":0,"relics_obtained":["Golden Idol"],"max_hp_gain":0,"max_hp_loss":6,"event_name":"Golden Idol","floor":5,"gold_loss":0},{"cards_removed":["Shockwave"],"damage_healed":32,"gold_gain":0,"player_choice":"Offered Uncommon","damage_taken":0,"max_hp_gain":0,"max_hp_loss":0,"event_name":"Bonfire Elementals","floor":13,"gold_loss":0},{"cards_removed":["Strike_R"],"damage_healed":0,"gold_gain":0,"player_choice":"Elegance","damage_taken":0,"max_hp_gain":0,"max_hp_loss":0,"event_name":"Back to Basics","floor":20,"gold_loss":0},{"damage_healed":0,"gold_gain":0,"player_choice":"Ignored","damage_taken":0,"max_hp_gain":0,"max_hp_loss":0,"event_name":"Ghosts","floor":21,"gold_loss":0},{"damage_healed":0,"gold_gain":100,"player_choice":"Pray","damage_taken":0,"max_hp_gain":0,"max_hp_loss":0,"event_name":"Golden Shrine","floor":31,"gold_loss":0},{"damage_healed":0,"gold_gain":100,"player_choice":"Pray","damage_taken":0,"max_hp_gain":0,"max_hp_loss":0,"event_name":"Golden Shrine","floor":45,"gold_loss":0}],"is_beta":false,"boss_relics":[{"not_picked":["Black Blood","Cursed Key"],"picked":"Runic Pyramid"},{"not_picked":["Mark of Pain","Tiny House"],"picked":"Empty Cage"}],"items_purged_floors":[2,29],"is_endless":false,"potions_floor_spawned":[3,4,14,25,33,38,41,42],"ascension_level":0}