{"gold_per_floor":[118,133,133,11,11,11,39,39,39,55,66,82,257,274,274,351,351,365,381,2,20,20,20,53,73,153,153,178,193,209,235,235,312,312,326,337,47,47,62,62,390,390,466,498,498,515,4,4,4,4],"floor_reached":51,"playtime":5201,"items_purged":["Doubt","Storm+1"],"score":1258,"play_id":"2f67b6e2-422c-4542-8def-f6c9ddc1363a","local_time":"20190322123955","is_ascension_mode":true,"campfire_choices":[{"data":"Hologram","floor":6,"key":"SMITH"},{"floor":8,"key":"REST"},{"data":"White Noise","floor":15,"key":"SMITH"},{"floor":23,"key":"REST"},{"floor":27,"key":"REST"},{"data":"Seek","floor":32,"key":"SMITH"},{"data":"Buffer","floor":40,"key":"SMITH"},{"floor":42,"key":"REST"},{"data":"Capacitor","floor":45,"key":"SMITH"},{"data":"Forethought","floor":49,"key":"SMITH"}],"neow_cost":"NONE","seed_source_timestamp":824872450816584,"circlet_count":0,"master_deck":["AscendersBane","Defend_B","Defend_B","Defend_B","Zap","Dualcast","Undo","Hologram+1","Melter","Buffer+1","Cold Snap","Cold Snap","Seek+1","White Noise+1","Creative AI","Ball Lightning+1","White Noise+1","Hologram+1","Compile Driver","Capacitor+1","Coolheaded","Chill","FTL","BootSequence","Self Repair","Consume","Tempest+1","Stack+1","Multi-Cast","Force Field","Leap+1","Double Energy+1","Seek","Forethought+1","Conserve Battery","Master of Strategy"],"relics":["Cracked Core","Mercury Hourglass","Emotion Chip","Pear","Astrolabe","Strange Spoon","DataDisk","Cables","Pen Nib","Gremlin Horn","Snecko Eye","Calipers","Old Coin","Sundial","Bag of Marbles","PrismaticShard"],"potions_floor_usage":[12,16,16,28,35,39,39,50,50],"damage_taken":[{"damage":3,"enemies":"2 Louse","floor":1,"turns":3},{"damage":0,"enemies":"Small Slimes","floor":2,"turns":3},{"damage":27,"enemies":"3 Sentries","floor":7,"turns":6},{"damage":0,"enemies":"Cultist","floor":10,"turns":3},{"damage":0,"enemies":"2 Fungi Beasts","floor":11,"turns":3},{"damage":9,"enemies":"Lots of Slimes","floor":12,"turns":2},{"damage":6,"enemies":"Blue Slaver","floor":14,"turns":2},{"damage":5,"enemies":"The Guardian","floor":16,"turns":15},{"damage":18,"enemies":"3 Byrds","floor":18,"turns":4},{"damage":12,"enemies":"Shell Parasite","floor":19,"turns":5},{"damage":25,"enemies":"Centurion and Healer","floor":21,"turns":10},{"damage":5,"enemies":"Gremlin Leader","floor":24,"turns":7},{"damage":4,"enemies":"Sentry and Sphere","floor":25,"turns":4},{"damage":10,"enemies":"Book of Stabbing","floor":28,"turns":7},{"damage":3,"enemies":"Cultist and Chosen","floor":29,"turns":4},{"damage":0,"enemies":"Centurion and Healer","floor":30,"turns":7},{"damage":10,"enemies":"Gremlin Leader","floor":31,"turns":6},{"damage":28,"enemies":"Automaton","floor":33,"turns":8},{"damage":4,"enemies":"3 Shapes","floor":35,"turns":3},{"damage":8,"enemies":"Orb Walker","floor":36,"turns":4},{"damage":22,"enemies":"Transient","floor":39,"turns":5},{"damage":5,"enemies":"Reptomancer","floor":41,"turns":5},{"damage":18,"enemies":"Nemesis","floor":44,"turns":9},{"damage":0,"enemies":"Jaw Worm Horde","floor":46,"turns":3},{"damage":45,"enemies":"Awakened One","floor":50,"turns":19}],"seed_played":"1057300060521379853","potions_obtained":[{"floor":7,"key":"FearPotion"},{"floor":11,"key":"Energy Potion"},{"floor":14,"key":"SteroidPotion"},{"floor":16,"key":"FearPotion"},{"floor":19,"key":"Dexterity Potion"},{"floor":24,"key":"Poison Potion"},{"floor":25,"key":"SpeedPotion"},{"floor":29,"key":"Poison Potion"},{"floor":36,"key":"AttackPotion"},{"floor":46,"key":"Strength Potion"}],"is_trial":false,"path_per_floor":["M","M","?","$","?","R","E","R","T","M","M","M","?","M","R","B",null,"M","M","$","M","?","R","E","M","T","R","E","M","M","E","R","B",null,"M","M","$","?","M","R","E","R","T","E","R","M","$","?","R","B",null],"character_chosen":"DEFECT","items_purchased":["Hologram","Melter","Strange Spoon","Capacitor","Coolheaded","Calipers","Forethought","Conserve Battery","Ancient Potion","PrismaticShard"],"campfire_rested":4,"item_purchase_floors":[4,4,20,20,20,37,47,47,47,47],"current_hp_per_floor":[72,72,65,65,65,65,38,62,72,72,72,63,63,57,57,52,82,64,52,52,27,27,54,49,45,45,72,69,66,80,77,77,56,83,86,85,85,85,63,63,65,92,92,81,81,81,81,81,81,43],"gold":4,"neow_bonus":"TEN_PERCENT_HP_BONUS","is_prod":false,"is_daily":false,"chose_seed":false,"campfire_upgraded":6,"win_rate":0,"timestamp":1553272795,"path_taken":["M","M","?","$","?","R","E","R","T","M","M","?","?","M","R","BOSS","M","M","$","M","?","R","E","M","T","R","E","M","?","E","R","BOSS","M","M","$","?","M","R","E","R","T","E","R","M","$","?","R","BOSS"],"build_version":"2019-01-23","purchased_purges":2,"victory":true,"max_hp_per_floor":[82,82,82,82,82,82,82,82,92,92,92,92,92,92,92,92,92,92,92,92,92,92,92,92,92,92,92,92,92,92,92,92,92,92,92,92,92,92,92,92,92,92,92,92,92,92,92,92,92,92],"card_choices":[{"not_picked":["Beam Cell","Undo"],"picked":"Conserve Battery","floor":1},{"not_picked":["Gash","Steam"],"picked":"Undo","floor":2},{"not_picked":["Consume","Chill"],"picked":"Buffer","floor":7},{"not_picked":["Beam Cell","Streamline"],"picked":"Cold Snap","floor":10},{"not_picked":["Compile Driver","Leap"],"picked":"Cold Snap","floor":11},{"not_picked":["Coolheaded","Reinforced Body"],"picked":"Seek","floor":12},{"not_picked":["Go for the Eyes","Turbo"],"picked":"White Noise","floor":14},{"not_picked":["Amplify","Hyperbeam"],"picked":"Creative AI","floor":16},{"not_picked":["Scrape","Gash"],"picked":"Hologram+1","floor":18},{"not_picked":["Reprogram","Scrape"],"picked":"Compile Driver","floor":19},{"not_picked":["Sunder","Fusion"],"picked":"Chill","floor":21},{"not_picked":["Cold Snap","Gash"],"picked":"BootSequence","floor":24},{"not_picked":["Lockon","Turbo"],"picked":"Self Repair","floor":25},{"not_picked":["Coolheaded","Reprogram+1"],"picked":"Consume","floor":28},{"not_picked":["Rebound","Melter","Ball Lightning"],"picked":"SKIP","floor":29},{"not_picked":["Rebound","Melter","Ball Lightning"],"picked":"SKIP","floor":29},{"not_picked":["Streamline","Ball Lightning"],"picked":"Tempest+1","floor":30},{"not_picked":["Turbo","Steam Power"],"picked":"Stack+1","floor":31},{"not_picked":["Hyperbeam","Reboot"],"picked":"Multi-Cast","floor":33},{"not_picked":["Conserve Battery","Gash"],"picked":"Force Field","floor":35},{"not_picked":["Barrage","Lockon"],"picked":"Leap+1","floor":36},{"not_picked":["Static Discharge","Gash"],"picked":"Double Energy+1","floor":39},{"not_picked":["Hologram","White Noise","Coolheaded"],"picked":"SKIP","floor":41},{"not_picked":["Steam Power","Hologram"],"picked":"Seek","floor":44},{"not_picked":["Hologram","Reinforced Body+1","Go for the Eyes"],"picked":"SKIP","floor":46},{"not_picked":["Bandage Up","Deep Breath"],"picked":"Master of Strategy","floor":48}],"player_experience":3227317,"relics_obtained":[{"floor":7,"key":"Emotion Chip"},{"floor":9,"key":"Pear"},{"floor":24,"key":"DataDisk"},{"floor":26,"key":"Cables"},{"floor":28,"key":"Pen Nib"},{"floor":31,"key":"Gremlin Horn"},{"floor":41,"key":"Old Coin"},{"floor":43,"key":"Sundial"},{"floor":44,"key":"Bag of Marbles"}],"event_choices":[{"cards_removed":["Strike_B"],"damage_healed":0,"gold_gain":0,"player_choice":"Card Removal","damage_taken":7,"max_hp_gain":0,"max_hp_loss":0,"event_name":"Golden Wing","floor":3,"gold_loss":0},{"cards_removed":["Conserve Battery"],"damage_healed":0,"gold_gain":0,"player_choice":"Gave Card","damage_taken":0,"relics_obtained":["Mercury Hourglass"],"max_hp_gain":0,"max_hp_loss":0,"event_name":"WeMeetAgain","floor":5,"gold_loss":0},{"damage_healed":0,"gold_gain":175,"player_choice":"AGREE","damage_taken":0,"max_hp_gain":0,"max_hp_loss":0,"event_name":"Liars Game","floor":13,"gold_loss":0,"cards_obtained":["Doubt"]},{"damage_healed":0,"gold_gain":0,"cards_transformed":["Defend_B"],"player_choice":"Transformed","damage_taken":0,"max_hp_gain":0,"max_hp_loss":0,"event_name":"Transmorgrifier","floor":22,"gold_loss":0,"cards_obtained":["FTL"]},{"damage_healed":0,"gold_gain":0,"player_choice":"Ignored","damage_taken":0,"max_hp_gain":0,"max_hp_loss":0,"event_name":"Mysterious Sphere","floor":38,"gold_loss":0},{"damage_healed":0,"gold_gain":0,"player_choice":"Memory 1","damage_taken":0,"max_hp_gain":0,"max_hp_loss":0,"event_name":"SensoryStone","floor":48,"gold_loss":0}],"is_beta":false,"boss_relics":[{"not_picked":["Calling Bell","Runic Dome"],"picked":"Astrolabe"},{"not_picked":["Tiny House","Empty Cage"],"picked":"Snecko Eye"}],"items_purged_floors":[20,47],"is_endless":false,"potions_floor_spawned":[7,11,14,16,19,24,25,29,36,46],"ascension_level":13}