{"gold_per_floor":[110,130,140,152,152,152,179,191,282,308,320],"floor_reached":11,"playtime":2585,"items_purged":[],"score":83,"play_id":"e3cc2265-b6d8-4a8c-8c50-7144bb34e3c3","local_time":"20190706204333","is_ascension_mode":true,"campfire_choices":[{"floor":6,"key":"DIG"},{"floor":8,"key":"RECALL"}],"neow_cost":"CURSE","seed_source_timestamp":11690042777143,"circlet_count":0,"master_deck":["Strike_G","Strike_G+1","Strike_G","Strike_G","Strike_G","Defend_G","Defend_G","Defend_G","Defend_G","Defend_G","Survivor","Neutralize+1","Regret","Dagger Throw","Dagger Spray","PiercingWail","Quick Slash","Deflect","Cloak And Dagger"],"relics":["Ring of the Snake","Shovel","Mango","Whetstone","MawBank"],"potions_floor_usage":[],"damage_taken":[{"damage":5,"enemies":"Small Slimes","floor":1,"turns":4},{"damage":0,"enemies":"2 Louse","floor":2,"turns":3},{"damage":4,"enemies":"Jaw Worm","floor":3,"turns":4},{"damage":5,"enemies":"Red Slaver","floor":4,"turns":5},{"damage":26,"enemies":"Lagavulin","floor":7,"turns":9},{"damage":0,"enemies":"2 Fungi Beasts","floor":10,"turns":3},{"damage":4,"enemies":"Gremlin Nob","floor":11,"turns":2}],"seed_played":"-6090263706272619167","potions_obtained":[{"floor":7,"key":"FairyPotion"},{"floor":10,"key":"PowerPotion"}],"is_trial":false,"path_per_floor":["M","M","M","M","?","R","E","R","T","M","E"],"character_chosen":"THE_SILENT","items_purchased":[],"campfire_rested":0,"item_purchase_floors":[],"current_hp_per_floor":[65,65,61,56,52,52,26,26,26,26,22],"gold":320,"neow_bonus":"ONE_RARE_RELIC","is_prod":false,"is_daily":false,"chose_seed":false,"campfire_upgraded":0,"win_rate":0,"timestamp":1562438613,"path_taken":["M","M","M","M","?","R","E","R","T","M","E"],"build_version":"2019-07-05","purchased_purges":0,"victory":false,"max_hp_per_floor":[70,70,70,70,84,84,84,84,84,84,84],"card_choices":[{"not_picked":["Prepared","Slice"],"picked":"Dagger Throw","floor":1},{"not_picked":["Tactician","Reflex"],"picked":"Dagger Spray","floor":2},{"not_picked":["Terror","Heel Hook"],"picked":"PiercingWail","floor":3},{"not_picked":["Blur","Accuracy"],"picked":"Quick Slash","floor":4},{"not_picked":["Sucker Punch","Poisoned Stab"],"picked":"Deflect","floor":7},{"not_picked":["Dodge and Roll","Skewer"],"picked":"Cloak And Dagger","floor":10}],"player_experience":50721,"relics_obtained":[{"floor":6,"key":"Whetstone"},{"floor":7,"key":"MawBank"}],"event_choices":[{"damage_healed":0,"gold_gain":0,"player_choice":"Success","damage_taken":18,"relics_obtained":["Mango"],"max_hp_gain":0,"max_hp_loss":0,"event_name":"Scrap Ooze","floor":5,"gold_loss":0}],"is_beta":false,"boss_relics":[],"items_purged_floors":[],"is_endless":false,"potions_floor_spawned":[7,10],"killed_by":"Gremlin Nob","ascension_level":2}