{"gold_per_floor":[113,22,37,47,47,47,47,47,47,80,92,136,168,190,202,287,299,322,334,362,93,108,108,125,125],"floor_reached":25,"playtime":1957,"items_purged":["Scrape"],"score":351,"play_id":"95ea0cfb-2b0a-4b4b-906c-514bfca1eff2","local_time":"20190221161235","is_ascension_mode":true,"campfire_choices":[{"data":"Zap","floor":6,"key":"SMITH"},{"data":"Coolheaded","floor":8,"key":"SMITH"},{"floor":11,"key":"REST"},{"floor":15,"key":"DIG"},{"floor":23,"key":"REST"}],"neow_cost":"NONE","seed_source_timestamp":768562568318950,"circlet_count":0,"master_deck":["AscendersBane","Zap+1","Dualcast","Defragment","Doom and Gloom","Rebound","White Noise","Coolheaded+1","Glacier","Ball Lightning","Biased Cognition","Stack","Echo Form","Steam","Buffer+1","Storm","Cold Snap","Aggregate","BootSequence","All For One","Sweeping Beam","Consume","Conserve Battery","Chill","Hologram+1"],"relics":["Cracked Core","Shovel","MawBank","Nunchaku","Blood Vial","Pandora\u0027s Box","Anchor"],"potions_floor_usage":[10,10,14,16,22],"damage_taken":[{"damage":2,"enemies":"2 Louse","floor":1,"turns":4},{"damage":0,"enemies":"Small Slimes","floor":3,"turns":2},{"damage":1,"enemies":"Cultist","floor":4,"turns":3},{"damage":15,"enemies":"3 Sentries","floor":10,"turns":5},{"damage":19,"enemies":"Lagavulin","floor":12,"turns":5},{"damage":1,"enemies":"Red Slaver","floor":13,"turns":4},{"damage":8,"enemies":"Large Slime","floor":14,"turns":4},{"damage":29,"enemies":"Slime Boss","floor":16,"turns":8},{"damage":19,"enemies":"Spheric Guardian","floor":18,"turns":6},{"damage":12,"enemies":"Chosen","floor":20,"turns":7},{"damage":3,"enemies":"Snecko","floor":22,"turns":5},{"damage":0,"enemies":"3 Cultists","floor":24,"turns":5},{"damage":66,"enemies":"Book of Stabbing","floor":25,"turns":7}],"seed_played":"-8533430513487884529","potions_obtained":[{"floor":3,"key":"Block Potion"},{"floor":4,"key":"Dexterity Potion"},{"floor":10,"key":"SteroidPotion"},{"floor":13,"key":"SpeedPotion"},{"floor":20,"key":"SkillPotion"},{"floor":22,"key":"Strength Potion"}],"is_trial":false,"path_per_floor":["M","$","M","M","?","R","$","R","T","E","R","E","M","M","R","B",null,"M","?","M","$","M","R","M","E"],"character_chosen":"DEFECT","items_purchased":["Doom and Gloom","Rebound","Anchor","Conserve Battery"],"campfire_rested":2,"item_purchase_floors":[2,2,21,21],"current_hp_per_floor":[73,73,73,72,56,56,56,56,56,41,65,46,45,37,37,10,64,47,47,37,37,36,60,62,0],"gold":125,"neow_bonus":"TEN_PERCENT_HP_BONUS","is_prod":false,"is_daily":false,"chose_seed":false,"campfire_upgraded":2,"win_rate":0,"timestamp":1550783555,"path_taken":["M","$","M","M","?","R","$","R","T","E","R","E","M","M","R","BOSS","M","?","M","?","M","R","M","E"],"build_version":"2019-01-23","purchased_purges":1,"victory":false,"max_hp_per_floor":[82,82,82,82,82,82,82,82,82,82,82,82,82,82,82,82,82,82,82,82,82,82,82,82,82],"card_choices":[{"not_picked":["Streamline","Coolheaded"],"picked":"Defragment","floor":1},{"not_picked":["Turbo","Steam Power"],"picked":"White Noise","floor":3},{"not_picked":["Gash","Turbo"],"picked":"Coolheaded","floor":4},{"not_picked":["Sweeping Beam","Stack"],"picked":"Glacier","floor":10},{"not_picked":["Steam Power","Heatsinks"],"picked":"Ball Lightning","floor":12},{"not_picked":["Steam","FTL"],"picked":"Biased Cognition","floor":13},{"not_picked":["Go for the Eyes","Steam"],"picked":"Stack","floor":14},{"not_picked":["Machine Learning","Meteor Strike"],"picked":"Echo Form","floor":16},{"not_picked":["Coolheaded","Leap"],"picked":"Sweeping Beam","floor":18},{"not_picked":["Recycle","Rip and Tear+1"],"picked":"Consume","floor":20},{"not_picked":["Beam Cell","Streamline"],"picked":"Chill","floor":22},{"not_picked":["Turbo","Steam"],"picked":"Hologram+1","floor":24}],"player_experience":3039552,"relics_obtained":[{"floor":9,"key":"Shovel"},{"floor":10,"key":"MawBank"},{"floor":12,"key":"Nunchaku"},{"floor":15,"key":"Blood Vial"}],"event_choices":[{"damage_healed":0,"gold_gain":0,"player_choice":"Entered Light","damage_taken":16,"max_hp_gain":0,"max_hp_loss":0,"event_name":"Shining Light","floor":5,"gold_loss":0,"cards_upgraded":["Strike_B","Defend_B"]},{"damage_healed":0,"gold_gain":0,"player_choice":"Forge","damage_taken":0,"max_hp_gain":0,"max_hp_loss":0,"event_name":"Accursed Blacksmith","floor":19,"gold_loss":0,"cards_upgraded":["Buffer"]}],"is_beta":false,"boss_relics":[{"not_picked":["Runic Dome","Busted Crown"],"picked":"Pandora\u0027s Box"}],"items_purged_floors":[21],"is_endless":false,"potions_floor_spawned":[3,4,10,13,20,22],"killed_by":"Book of Stabbing","ascension_level":13}