{"path_per_floor":["M","?","$","?","$","R","?","R","T","M","M","M","R","M","R","B",null,"M","M"],"character_chosen":"THE_SILENT","items_purchased":["Prayer Wheel","Deadly Poison"],"gold_per_floor":[214,214,14,14,14,14,14,14,61,76,94,112,112,130,130,228,228,245,229],"floor_reached":20,"campfire_rested":0,"playtime":1601,"current_hp_per_floor":[70,75,75,75,75,75,75,75,75,75,75,74,74,65,65,65,89,70,59],"items_purged":[],"gold":229,"score":239,"play_id":"ac1df445-fa9f-41b0-be4f-c58928be9008","is_prod":false,"is_daily":false,"is_ascension_mode":false,"campfire_upgraded":4,"path_taken":["M","?","?","?","$","R","?","R","T","M","M","?","R","M","R","BOSS","M","?","M"],"build_version":"2018-02-15-PROD1","purchased_purges":0,"victory":false,"master_deck":["Defend_G","Defend_G","Defend_G","Defend_G","Defend_G","Strike_G","Strike_G","Strike_G","Strike_G","Survivor+1","Neutralize+1","Well Laid Plans","Deadly Poison+1","Backflip+1","PiercingWail","Backflip+1","Prepared","Tactician","Injury","Writhe","Normality","Bane+1","Catalyst"],"max_hp_per_floor":[70,75,75,75,75,75,75,75,75,75,75,75,75,75,75,75,89,89,89],"relics":["Ring of the Snake","Prayer Wheel","Bag of Preparation","Calling Bell","Sundial","Mango","Omamori"],"card_choices":[{"not_picked":["Outmaneuver","Dagger Throw"],"picked":"Well Laid Plans"},{"not_picked":["Deflect","Deadly Poison"],"picked":"Backflip"},{"not_picked":["Quick Slash","Cloak And Dagger"],"picked":"PiercingWail"},{"not_picked":["Masterful Stab","Dagger Throw"],"picked":"Backflip"},{"not_picked":["Deadly Poison","Sucker Punch"],"picked":"Prepared"},{"not_picked":["Tools of the Trade","Glass Knife"],"picked":"Tactician"},{"not_picked":["Dagger Throw","Wraith Form"],"picked":"Bane"},{"not_picked":["Well Laid Plans","Outmaneuver"],"picked":"Catalyst"}],"player_experience":749149,"potions_floor_usage":[14,20,20],"damage_taken":[{"damage":0,"enemies":"Jaw Worm","floor":1,"turns":6},{"damage":0,"enemies":"2 Louse","floor":10,"turns":2},{"damage":0,"enemies":"Cultist","floor":11,"turns":3},{"damage":1,"enemies":"3 Louse","floor":12,"turns":5},{"damage":9,"enemies":"Gremlin Gang","floor":14,"turns":5},{"damage":0,"enemies":"Hexaghost","floor":16,"turns":12},{"damage":19,"enemies":"Spheric Guardian","floor":18,"turns":9},{"damage":11,"enemies":"2 Thieves","floor":19,"turns":4},{"damage":68,"enemies":"3 Cultists","floor":20,"turns":7}],"event_choices":[{"event_name":"Big Fish","player_choice":"Donut","floor":2,"damage_taken":0},{"event_name":"Upgrade Shrine","player_choice":"Upgraded","floor":4,"damage_taken":0},{"event_name":"Bonfire Elementals","player_choice":"BASIC","floor":7,"damage_taken":0}],"boss_relics":[{"not_picked":["Pandora\u0027s Box","Philosopher\u0027s Stone"],"picked":"Calling Bell"}],"potions_floor_spawned":[10,12,19],"seed_played":"-7791462094392074481","killed_by":"3 Cultists","ascension_level":0,"is_trial":false}