{"gold_per_floor":[366,366,12,23,35,35,70,81,104,116,12,12],"floor_reached":12,"playtime":581,"items_purged":[],"score":160,"play_id":"f601e44d-5ddf-47d0-8dd3-c2c617c650db","local_time":"20181124115554","is_ascension_mode":true,"campfire_choices":[{"floor":6,"key":"REST"}],"neow_cost":"PERCENT_DAMAGE","seed_source_timestamp":912690666427908,"circlet_count":0,"master_deck":["AscendersBane","Defend_G","Defend_G","Defend_G","Defend_G","Defend_G","Strike_G","Strike_G","Strike_G","Strike_G","Strike_G","Survivor","Neutralize","Calculated Gamble","Flying Knee","Predator","Slice","Deadly Poison","Blur","Backflip","Cloak And Dagger"],"relics":["Ring of the Snake","Bag of Marbles","Strawberry"],"potions_floor_usage":[7,7,12,12],"damage_taken":[{"damage":17,"enemies":"Jaw Worm","floor":1,"turns":9},{"damage":0,"enemies":"2 Louse","floor":4,"turns":3},{"damage":0,"enemies":"Small Slimes","floor":5,"turns":2},{"damage":23,"enemies":"3 Sentries","floor":7,"turns":8},{"damage":6,"enemies":"Looter","floor":8,"turns":3},{"damage":18,"enemies":"Exordium Thugs","floor":10,"turns":6},{"damage":7,"enemies":"Gremlin Nob","floor":12,"turns":2}],"seed_played":"-3733133931530425272","potions_obtained":[{"floor":1,"key":"Poison Potion"},{"floor":10,"key":"EssenceOfSteel"}],"is_trial":false,"path_per_floor":["M","?","$","M","M","R","E","M","T","M","$","E"],"character_chosen":"THE_SILENT","items_purchased":["Bag of Marbles","Flying Knee","Predator","Dexterity Potion","FearPotion","Cloak And Dagger"],"campfire_rested":1,"item_purchase_floors":[3,3,3,3,11,11],"current_hp_per_floor":[27,27,27,27,27,46,30,24,24,6,6,0],"gold":12,"neow_bonus":"TWO_FIFTY_GOLD","is_prod":false,"is_daily":false,"chose_seed":false,"campfire_upgraded":0,"win_rate":0,"timestamp":1543078554,"path_taken":["M","?","$","M","M","R","E","M","T","M","?","E"],"build_version":"2018-11-15","purchased_purges":0,"victory":false,"max_hp_per_floor":[66,66,66,66,66,66,73,73,73,73,73,73],"card_choices":[{"not_picked":["Eviscerate","Outmaneuver"],"picked":"Calculated Gamble","floor":1},{"not_picked":["Bane","Distraction"],"picked":"Slice","floor":4},{"not_picked":["Acrobatics","Backflip"],"picked":"Deadly Poison","floor":5},{"not_picked":["Flying Knee","Concentrate"],"picked":"Blur","floor":7},{"not_picked":["Dodge and Roll","Poisoned Stab"],"picked":"Backflip","floor":8},{"not_picked":["Setup","Cloak And Dagger","Grand Finale"],"picked":"SKIP","floor":10}],"player_experience":2481915,"relics_obtained":[{"floor":7,"key":"Strawberry"}],"event_choices":[{"damage_healed":0,"gold_gain":0,"player_choice":"Ignored","damage_taken":0,"max_hp_gain":0,"max_hp_loss":0,"event_name":"Shining Light","floor":2,"gold_loss":0}],"is_beta":false,"boss_relics":[],"items_purged_floors":[],"is_endless":false,"potions_floor_spawned":[1,5,10],"killed_by":"Gremlin Nob","ascension_level":20}