{"gold_per_floor":[118,3,20,32,32,32,43,43,69,69,130,150,182,194,194,296,296,296,296,296,296,296,296,296,296,296,296,296,296,296,296,296,296,296,296,296,296,296,296,296,296,296,296,296,45,45,45,45,45,45],"floor_reached":51,"playtime":3329,"items_purged":["Strike_G"],"score":789,"play_id":"59da2e6d-04bc-4c48-badf-cfff1fae19a4","local_time":"20181115161619","is_ascension_mode":false,"campfire_choices":[{"data":"Footwork","floor":6,"key":"SMITH"},{"data":"Sucker Punch","floor":8,"key":"SMITH"},{"data":"Dash","floor":10,"key":"SMITH"},{"data":"Catalyst","floor":15,"key":"SMITH"},{"data":"Bouncing Flask","floor":23,"key":"SMITH"},{"data":"Footwork","floor":25,"key":"SMITH"},{"floor":28,"key":"REST"},{"data":"Noxious Fumes","floor":32,"key":"SMITH"},{"data":"Metamorphosis","floor":40,"key":"SMITH"},{"data":"Catalyst","floor":42,"key":"SMITH"},{"data":"Glass Knife","floor":44,"key":"SMITH"},{"data":"Calculated Gamble","floor":47,"key":"SMITH"},{"data":"Well Laid Plans","floor":49,"key":"SMITH"}],"neow_cost":"NONE","seed_source_timestamp":147952295090231,"circlet_count":0,"master_deck":["Defend_G","Defend_G","Defend_G","Defend_G","Defend_G","Strike_G","Strike_G","Strike_G","Strike_G","Survivor","Neutralize","Footwork+1","Blur","Dash+1","Sucker Punch+1","Bouncing Flask+1","Footwork+1","Catalyst+1","Malaise+1","Poisoned Stab+1","Leg Sweep","PiercingWail","Calculated Gamble+1","PiercingWail","Well Laid Plans+1","Noxious Fumes+1","Endless Agony+1","Backflip+1","Glass Knife+1","Catalyst+1","Poisoned Stab+1","Metamorphosis+1","Catalyst+1"],"relics":["Ring of the Snake","Meat on the Bone","Dream Catcher","Singing Bowl","Snake Skull","Ectoplasm","Omamori","Bag of Marbles","Pen Nib","Busted Crown","MawBank","TwistedFunnel"],"potions_floor_usage":[0,7,11,11,11,11,14,16,24,24,27,50,50,50],"damage_taken":[{"damage":0,"enemies":"Cultist","floor":1,"turns":5},{"damage":1,"enemies":"Jaw Worm","floor":3,"turns":5},{"damage":0,"enemies":"Small Slimes","floor":4,"turns":5},{"damage":5,"enemies":"Gremlin Gang","floor":7,"turns":4},{"damage":3,"enemies":"Lagavulin Event","floor":11,"turns":9},{"damage":0,"enemies":"Exordium Wildlife","floor":12,"turns":3},{"damage":15,"enemies":"Gremlin Nob","floor":13,"turns":5},{"damage":0,"enemies":"2 Fungi Beasts","floor":14,"turns":2},{"damage":0,"enemies":"Hexaghost","floor":16,"turns":8},{"damage":5,"enemies":"Chosen","floor":18,"turns":4},{"damage":1,"enemies":"3 Byrds","floor":20,"turns":6},{"damage":4,"enemies":"Shelled Parasite and Fungi","floor":21,"turns":7},{"damage":4,"enemies":"Snake Plant","floor":22,"turns":6},{"damage":11,"enemies":"Slavers","floor":24,"turns":6},{"damage":13,"enemies":"Gremlin Leader","floor":27,"turns":7},{"damage":0,"enemies":"Snecko","floor":29,"turns":3},{"damage":5,"enemies":"Cultist and Chosen","floor":30,"turns":6},{"damage":0,"enemies":"Sentry and Sphere","floor":31,"turns":4},{"damage":0,"enemies":"Automaton","floor":33,"turns":10},{"damage":0,"enemies":"Orb Walker","floor":35,"turns":2},{"damage":0,"enemies":"3 Shapes","floor":37,"turns":4},{"damage":2,"enemies":"Sphere and 2 Shapes","floor":46,"turns":4},{"damage":5,"enemies":"4 Shapes","floor":48,"turns":5},{"damage":10,"enemies":"Time Eater","floor":50,"turns":7}],"seed_played":"-3357168866416396043","potions_obtained":[{"floor":0,"key":"EntropicBrew"},{"floor":0,"key":"Fruit Juice"},{"floor":0,"key":"Regen Potion"},{"floor":4,"key":"AttackPotion"},{"floor":7,"key":"Weak Potion"},{"floor":11,"key":"Explosive Potion"},{"floor":16,"key":"PowerPotion"},{"floor":21,"key":"Poison Potion"},{"floor":24,"key":"PowerPotion"},{"floor":27,"key":"GhostInAJar"},{"floor":33,"key":"Fire Potion"}],"is_trial":false,"path_per_floor":["M","$","M","M","T","R","M","R","T","R","?","M","E","M","R","B",null,"M","?","M","M","M","R","E","R","T","E","R","M","M","M","R","B",null,"M","?","M","?","?","R","?","R","T","R","$","M","R","M","R","B",null],"character_chosen":"THE_SILENT","items_purchased":["Blur","TwistedFunnel","Poison Potion"],"campfire_rested":1,"item_purchase_floors":[2,45,45],"current_hp_per_floor":[75,75,74,74,74,74,69,69,69,69,75,75,60,62,62,62,77,72,72,71,67,63,63,52,52,52,39,62,62,59,59,59,59,79,79,79,79,79,73,73,73,73,73,73,73,73,73,68,68,58],"gold":45,"neow_bonus":"THREE_SMALL_POTIONS","is_prod":false,"is_daily":false,"chose_seed":false,"campfire_upgraded":12,"win_rate":0,"timestamp":1542316579,"path_taken":["M","$","?","M","?","R","M","R","T","R","?","M","E","M","R","BOSS","M","?","M","M","M","R","E","R","T","E","R","M","M","?","R","BOSS","M","?","M","?","?","R","?","R","T","R","$","M","R","M","R","BOSS"],"build_version":"2018-11-08","purchased_purges":1,"victory":true,"max_hp_per_floor":[75,75,75,75,75,75,75,75,75,75,75,75,75,77,77,77,77,77,77,77,77,77,77,77,77,77,77,77,77,79,79,79,79,79,79,79,79,79,83,83,79,79,79,79,79,81,81,81,81,81],"card_choices":[{"not_picked":["Sucker Punch","Poisoned Stab"],"picked":"Footwork","floor":1},{"not_picked":["Backflip","PiercingWail"],"picked":"Dash","floor":3},{"not_picked":["Concentrate","Bane"],"picked":"Predator","floor":4},{"not_picked":["Slice","Concentrate"],"picked":"Sucker Punch","floor":7},{"not_picked":["Poisoned Stab","Dagger Throw"],"picked":"Bouncing Flask","floor":11},{"not_picked":["Sucker Punch","Underhanded Strike"],"picked":"Footwork","floor":12},{"not_picked":["Distraction","Slice"],"picked":"Catalyst","floor":13},{"not_picked":["Tactician","Phantasmal Killer","Eviscerate"],"picked":"Singing Bowl","floor":14},{"not_picked":["Unload","Storm of Steel"],"picked":"Malaise","floor":16},{"not_picked":["Outmaneuver+1","Blade Dance"],"picked":"Poisoned Stab+1","floor":18},{"not_picked":["Deflect","Prepared"],"picked":"Leg Sweep","floor":20},{"not_picked":["Poisoned Stab","Setup"],"picked":"PiercingWail","floor":21},{"not_picked":["Outmaneuver","Slice"],"picked":"Calculated Gamble","floor":22},{"not_picked":["Grand Finale","All Out Attack"],"picked":"PiercingWail","floor":24},{"not_picked":["Flying Knee","Bullet Time"],"picked":"Well Laid Plans","floor":27},{"not_picked":["Bane+1","Slice"],"picked":"Noxious Fumes","floor":28},{"not_picked":["Calculated Gamble","Setup"],"picked":"Endless Agony+1","floor":29},{"not_picked":["Prepared","Poisoned Stab","Tactician"],"picked":"Singing Bowl","floor":30},{"not_picked":["Blade Dance","Bouncing Flask"],"picked":"Backflip+1","floor":31},{"not_picked":["A Thousand Cuts","Envenom"],"picked":"Glass Knife","floor":33},{"not_picked":[],"picked":"Catalyst","floor":35},{"not_picked":[],"picked":"Poisoned Stab+1","floor":37},{"not_picked":["Flash of Steel"],"picked":"Singing Bowl","floor":39},{"not_picked":[],"picked":"Metamorphosis","floor":39},{"not_picked":["Deep Breath"],"picked":"Singing Bowl","floor":39},{"not_picked":["Deadly Poison"],"picked":"Singing Bowl","floor":46},{"not_picked":[],"picked":"Catalyst+1","floor":48}],"player_experience":2317529,"relics_obtained":[{"floor":5,"key":"Meat on the Bone"},{"floor":9,"key":"Dream Catcher"},{"floor":11,"key":"Singing Bowl"},{"floor":13,"key":"Snake Skull"},{"floor":24,"key":"Omamori"},{"floor":26,"key":"Bag of Marbles"},{"floor":27,"key":"Pen Nib"},{"floor":43,"key":"MawBank"}],"event_choices":[{"damage_healed":0,"gold_gain":0,"player_choice":"Searched \u00271\u0027 times","damage_taken":0,"max_hp_gain":0,"max_hp_loss":0,"event_name":"Dead Adventurer","floor":11,"gold_loss":0},{"damage_healed":0,"gold_gain":0,"player_choice":"Upgraded","damage_taken":0,"max_hp_gain":0,"max_hp_loss":0,"event_name":"Upgrade Shrine","floor":19,"gold_loss":0,"cards_upgraded":["Malaise"]},{"cards_removed":["Predator"],"damage_healed":0,"gold_gain":0,"player_choice":"Removed Attack","damage_taken":0,"max_hp_gain":0,"max_hp_loss":0,"event_name":"Falling","floor":36,"gold_loss":0},{"damage_healed":0,"gold_gain":999,"player_choice":"Gold","damage_taken":0,"max_hp_gain":0,"max_hp_loss":0,"event_name":"MindBloom","floor":38,"gold_loss":0,"cards_obtained":["Normality","Normality"]},{"damage_healed":0,"gold_gain":0,"player_choice":"Memory 3","damage_taken":10,"max_hp_gain":0,"max_hp_loss":0,"event_name":"SensoryStone","floor":39,"gold_loss":0},{"damage_healed":0,"gold_gain":0,"player_choice":"Max HP","damage_taken":0,"max_hp_gain":0,"max_hp_loss":4,"event_name":"Winding Halls","floor":41,"gold_loss":0}],"is_beta":false,"boss_relics":[{"not_picked":["Tiny House","Black Star"],"picked":"Ectoplasm"},{"not_picked":["HoveringKite","Ring of the Serpent"],"picked":"Busted Crown"}],"items_purged_floors":[2],"is_endless":false,"potions_floor_spawned":[4,7,11,13,16,21,24,27,33,37,46],"ascension_level":0}