{"gold_per_floor":[117,130,130,142,156,183,183,201,252,263,275,285,285,33,33,135,135,147,167,182,0,20,20,33,33,33,45,45,60,74,274,274,375,425,441,441,541,558,558,387,387,2,2,2,12,22,22,22,22,22],"floor_reached":51,"playtime":3022,"items_purged":["Strike_G","Strike_G"],"score":630,"play_id":"4855e8fe-fd01-4a49-ad4e-793d76cd5347","local_time":"20190711180008","is_ascension_mode":false,"campfire_choices":[{"data":"Neutralize","floor":7,"key":"SMITH"},{"data":"Dagger Spray","floor":13,"key":"SMITH"},{"data":"Bouncing Flask","floor":15,"key":"SMITH"},{"data":"Backflip","floor":23,"key":"SMITH"},{"data":"Deadly Poison","floor":25,"key":"SMITH"},{"data":"Strike_G","floor":28,"key":"PURGE"},{"floor":32,"key":"REST"},{"data":"Defend_G","floor":41,"key":"PURGE"},{"floor":44,"key":"REST"},{"data":"Footwork","floor":47,"key":"SMITH"},{"data":"Footwork","floor":49,"key":"SMITH"}],"neow_cost":"NONE","seed_source_timestamp":60899537788876,"circlet_count":0,"master_deck":["Defend_G+1","Defend_G","Defend_G","Defend_G","Survivor","Neutralize+1","Dagger Spray+1","Quick Slash","Deadly Poison+1","Bouncing Flask+1","Backflip+1","Adrenaline+1","Cloak And Dagger+1","Night Terror+1","PiercingWail+1","Cloak And Dagger+1","PiercingWail+1","Well Laid Plans+1","Leg Sweep+1","Calculated Gamble+1","Malaise+1","Outmaneuver+1","Leg Sweep+1","Trip+1","Dark Shackles+1","Dark Shackles+1","Footwork+1","Footwork+1","Sadistic Nature","Finesse+1","Jack Of All Trades+1","Catalyst+1","Strike_R"],"relics":["Ring of the Snake","The Courier","Shuriken","Lantern","Toxic Egg 2","Sozu","Membership Card","Peace Pipe","Tiny House","Art of War","Pen Nib","Thread and Needle","Toolbox","Darkstone Periapt"],"potions_floor_usage":[6,6,16,50],"damage_taken":[{"damage":2,"enemies":"Jaw Worm","floor":1,"turns":9},{"damage":4,"enemies":"Cultist","floor":2,"turns":5},{"damage":2,"enemies":"Small Slimes","floor":4,"turns":3},{"damage":0,"enemies":"Looter","floor":5,"turns":4},{"damage":14,"enemies":"Gremlin Nob","floor":6,"turns":3},{"damage":1,"enemies":"2 Fungi Beasts","floor":8,"turns":3},{"damage":1,"enemies":"Blue Slaver","floor":10,"turns":5},{"damage":6,"enemies":"Lots of Slimes","floor":11,"turns":2},{"damage":0,"enemies":"Red Slaver","floor":12,"turns":3},{"damage":38,"enemies":"Slime Boss","floor":16,"turns":12},{"damage":0,"enemies":"3 Byrds","floor":18,"turns":3},{"damage":0,"enemies":"Shell Parasite","floor":19,"turns":3},{"damage":11,"enemies":"Snake Plant","floor":20,"turns":3},{"damage":10,"enemies":"Chosen and Byrds","floor":22,"turns":5},{"damage":0,"enemies":"Centurion and Healer","floor":24,"turns":3},{"damage":3,"enemies":"Snake Plant","floor":27,"turns":3},{"damage":0,"enemies":"Cultist and Chosen","floor":29,"turns":6},{"damage":0,"enemies":"Chosen and Byrds","floor":30,"turns":5},{"damage":12,"enemies":"Automaton","floor":33,"turns":7},{"damage":0,"enemies":"Orb Walker","floor":35,"turns":4},{"damage":7,"enemies":"3 Darklings","floor":38,"turns":5},{"damage":0,"enemies":"Transient","floor":45,"turns":5},{"damage":0,"enemies":"Spire Growth","floor":46,"turns":6},{"damage":6,"enemies":"Donu and Deca","floor":50,"turns":12}],"seed_played":"-5193528798474665021","potions_obtained":[{"floor":1,"key":"AttackPotion"},{"floor":5,"key":"AttackPotion"},{"floor":8,"key":"FearPotion"},{"floor":11,"key":"SneckoOil"}],"is_trial":false,"path_per_floor":["M","M","?","M","M","E","R","M","T","M","M","M","R","$","R","B",null,"M","M","M","$","M","R","M","R","T","M","R","M","M","?","R","B",null,"M","?","?","M","?","$","R","$","T","R","M","M","R","?","R","B",null],"character_chosen":"THE_SILENT","items_purchased":["Toxic Egg 2","Membership Card","PiercingWail+1","Art of War","Pen Nib","Footwork","Footwork","Thread and Needle","Toolbox","Sadistic Nature","Finesse+1","Jack Of All Trades+1"],"campfire_rested":2,"item_purchase_floors":[14,21,21,40,40,42,42,42,42,42,42,42],"current_hp_per_floor":[68,64,64,62,62,48,48,47,47,46,40,40,40,40,40,2,70,70,70,59,59,49,49,49,49,49,46,46,46,46,46,67,55,75,75,65,65,58,58,58,58,58,58,75,75,75,75,75,75,69],"gold":22,"neow_bonus":"REMOVE_CARD","is_prod":false,"is_daily":false,"chose_seed":false,"campfire_upgraded":7,"win_rate":0,"timestamp":1562882408,"path_taken":["M","M","?","M","?","E","R","M","T","M","M","?","R","$","R","BOSS","M","M","M","$","M","R","M","R","T","M","R","M","M","?","R","BOSS","M","?","?","?","?","$","R","$","T","R","M","M","R","?","R","BOSS"],"build_version":"2019-07-05","purchased_purges":2,"victory":true,"max_hp_per_floor":[70,70,70,70,70,70,70,70,70,70,70,70,70,70,70,70,70,70,70,70,70,70,70,70,70,70,70,70,70,70,70,70,70,75,75,75,75,75,75,75,75,75,75,75,75,75,75,75,75,75],"card_choices":[{"not_picked":["Tactician","Slice"],"picked":"Blade Dance","floor":1},{"not_picked":["Deflect","Choke"],"picked":"Dagger Spray","floor":2},{"not_picked":["Blur","Dodge and Roll"],"picked":"Quick Slash","floor":4},{"not_picked":["Underhanded Strike","Tactician"],"picked":"Deadly Poison","floor":5},{"not_picked":["Deadly Poison","Flying Knee","Bane"],"picked":"SKIP","floor":6},{"not_picked":["Flying Knee","Deflect","Setup"],"picked":"SKIP","floor":8},{"not_picked":["Dodge and Roll","Night Terror"],"picked":"Bouncing Flask","floor":10},{"not_picked":["Masterful Stab","Poisoned Stab","Concentrate"],"picked":"SKIP","floor":11},{"not_picked":["Cloak And Dagger","Accuracy"],"picked":"Backflip","floor":12},{"not_picked":["Venomology+1","Die Die Die"],"picked":"Adrenaline+1","floor":16},{"not_picked":["Acrobatics+1","Prepared+1","Quick Slash"],"picked":"SKIP","floor":18},{"not_picked":["Backstab","Outmaneuver+1"],"picked":"Cloak And Dagger+1","floor":19},{"not_picked":["Riddle With Holes+1","Slice"],"picked":"Night Terror+1","floor":20},{"not_picked":["Poisoned Stab","Flechettes"],"picked":"Cloak And Dagger+1","floor":22},{"not_picked":["Flying Knee+1","Dash"],"picked":"PiercingWail+1","floor":24},{"not_picked":["Expertise+1","Underhanded Strike"],"picked":"Well Laid Plans+1","floor":27},{"not_picked":["Endless Agony","Terror+1"],"picked":"Leg Sweep+1","floor":29},{"not_picked":["Slice+1","Endless Agony"],"picked":"Calculated Gamble+1","floor":30},{"not_picked":["Corpse Explosion+1","Envenom"],"picked":"Malaise+1","floor":33},{"not_picked":["Eviscerate+1","Dagger Spray+1"],"picked":"Outmaneuver+1","floor":34},{"not_picked":["Deflect+1","Flying Knee"],"picked":"Leg Sweep+1","floor":35},{"not_picked":["Swift Strike","Jack Of All Trades+1"],"picked":"Trip+1","floor":36},{"not_picked":["Enlightenment+1","Flash of Steel"],"picked":"Dark Shackles+1","floor":36},{"not_picked":["Madness+1","Enlightenment+1"],"picked":"Dark Shackles+1","floor":36},{"not_picked":["Expertise+1","Outmaneuver+1","Envenom"],"picked":"SKIP","floor":38},{"not_picked":["Bane+1","Deflect+1"],"picked":"Catalyst+1","floor":45},{"not_picked":["Backstab","Poisoned Stab+1"],"picked":"Deflect+1","floor":46}],"player_experience":3939042,"relics_obtained":[{"floor":6,"key":"Shuriken"},{"floor":9,"key":"Lantern"},{"floor":26,"key":"Peace Pipe"},{"floor":43,"key":"Darkstone Periapt"}],"event_choices":[{"cards_removed":["Blade Dance"],"damage_healed":0,"gold_gain":0,"player_choice":"Gave Card","damage_taken":0,"relics_obtained":["The Courier"],"max_hp_gain":0,"max_hp_loss":0,"event_name":"WeMeetAgain","floor":3,"gold_loss":0},{"damage_healed":0,"gold_gain":200,"player_choice":"Gold","damage_taken":0,"max_hp_gain":0,"max_hp_loss":0,"event_name":"Wheel of Change","floor":31,"gold_loss":0},{"damage_healed":0,"gold_gain":0,"player_choice":"Memory 3","damage_taken":10,"max_hp_gain":0,"max_hp_loss":0,"event_name":"SensoryStone","floor":36,"gold_loss":0},{"damage_healed":0,"gold_gain":100,"player_choice":"Pray","damage_taken":0,"max_hp_gain":0,"max_hp_loss":0,"event_name":"Golden Shrine","floor":37,"gold_loss":0},{"cards_removed":["Strike_G"],"damage_healed":0,"gold_gain":0,"player_choice":"Removed Attack","damage_taken":0,"max_hp_gain":0,"max_hp_loss":0,"event_name":"Falling","floor":39,"gold_loss":0},{"cards_removed":["Deflect"],"damage_healed":0,"gold_gain":0,"player_choice":"Took Card","damage_taken":0,"max_hp_gain":0,"max_hp_loss":0,"event_name":"NoteForYourself","floor":48,"gold_loss":0,"cards_obtained":["Strike_R"]}],"is_beta":false,"boss_relics":[{"not_picked":["Cursed Key","Philosopher\u0027s Stone"],"picked":"Sozu"},{"not_picked":["Calling Bell","Pandora\u0027s Box"],"picked":"Tiny House"}],"items_purged_floors":[14,40],"is_endless":false,"potions_floor_spawned":[1,5,8,11,20,27,30,33,38],"ascension_level":0}