{"path_per_floor":["M","T","?","$","?","R","M","$","T","?","R","?","$","M","R","B",null,"M","?","?","M","$","R","E","R","T","?","$","R","$","M","R","B",null,"M","M","?","?","M","R"],"character_chosen":"THE_SILENT","items_purchased":["Footwork","Backflip","Dramatic Entrance","Backstab","Caltrops"],"gold_per_floor":[113,140,140,29,29,29,45,45,120,120,120,70,18,34,34,131,131,146,146,146,165,23,23,54,54,54,54,16,16,16,29,29,125,125,141,160,160,0,13,13],"floor_reached":41,"campfire_rested":1,"playtime":5218,"current_hp_per_floor":[69,69,69,69,69,69,69,69,69,62,62,62,62,62,62,44,70,47,47,47,41,41,41,14,14,14,14,14,14,14,28,49,29,70,70,66,66,66,53,61],"items_purged":["Strike_G"],"gold":13,"play_id":"3e19365b-37a5-4818-a6a0-d2cc28a07dde","is_prod":false,"is_daily":false,"is_ascension_mode":true,"campfire_upgraded":4,"path_taken":["M","?","?","?","?","R","M","$","T","?","R","?","?","M","R","BOSS","M","?","?","M","$","R","E","R","T","?","$","R","?","M","R","BOSS","M","M","?","?","M","R","E"],"build_version":"2018-01-25-PROD3","purchased_purges":1,"victory":false,"master_deck":["Defend_G+1","Defend_G+1","Defend_G+1","Strike_G+1","Strike_G+1","Strike_G+1","Strike_G+1","Survivor","Neutralize+1","Adrenaline+1","Footwork+1","Blur","Backflip+1","Footwork+1","Malaise+1","Dramatic Entrance","Backstab","Venomology","Footwork","Caltrops","Slice+1","After Image","PiercingWail+1","Riddle With Holes+1"],"max_hp_per_floor":[70,70,70,70,70,70,70,70,70,70,70,70,70,70,70,70,70,70,70,70,70,70,70,70,70,70,70,70,70,70,70,70,70,70,70,70,70,70,70,70],"relics":["Ring of the Snake","Juzu Bracelet","Letter Opener","Meat on the Bone","Lizard Tail","Girya","Blood Vial","Eternal Feather","Red Mask"],"card_choices":[{"not_picked":["Crippling Poison","Dodge and Roll"],"picked":"Adrenaline"},{"not_picked":["Malaise","Endless Agony"],"picked":"Blur"},{"not_picked":["Underhanded Strike","Acrobatics"],"picked":"Footwork"},{"not_picked":["Eviscerate","Deflect"],"picked":"Malaise"},{"not_picked":["Bane","Deflect"],"picked":"Venomology"},{"not_picked":["Outmaneuver","Poisoned Stab"],"picked":"Slice"},{"not_picked":["Grand Finale","Venomology"],"picked":"After Image"},{"not_picked":["Underhanded Strike","Cloak And Dagger"],"picked":"PiercingWail"},{"not_picked":["Flying Knee","Heel Hook"],"picked":"Riddle With Holes"}],"player_experience":388347,"potions_floor_usage":[16,31,33,35,35,39,39,41],"damage_taken":[{"damage":1,"enemies":"Blue Slaver","floor":1,"turns":6},{"damage":0,"enemies":"Small Slimes","floor":7,"turns":4},{"damage":0,"enemies":"Cultist","floor":14,"turns":4},{"damage":18,"enemies":"The Guardian","floor":16,"turns":28},{"damage":35,"enemies":"Chosen","floor":18,"turns":12},{"damage":6,"enemies":"3 Byrds","floor":21,"turns":9},{"damage":77,"enemies":"Gremlin Leader","floor":24,"turns":18},{"damage":0,"enemies":"Snake Plant","floor":31,"turns":4},{"damage":34,"enemies":"Collector","floor":33,"turns":20},{"damage":0,"enemies":"Orb Walker","floor":35,"turns":4},{"damage":4,"enemies":"3 Darklings","floor":36,"turns":8},{"damage":15,"enemies":"4 Shapes","floor":39,"turns":10},{"damage":66,"enemies":"Giant Head","floor":41,"turns":13}],"event_choices":[{"event_name":"Accursed Blacksmith","player_choice":"Forge","floor":3,"damage_taken":0},{"event_name":"Big Fish","player_choice":"Box","floor":5,"damage_taken":0},{"event_name":"Golden Wing","player_choice":"Card Removal","floor":10,"damage_taken":0},{"event_name":"The Cleric","player_choice":"Card Removal","floor":12,"damage_taken":0},{"event_name":"Back to Basics","player_choice":"Simplicity","floor":19,"damage_taken":0},{"event_name":"Vampires","player_choice":"Ignored","floor":20,"damage_taken":0},{"event_name":"The Library","player_choice":"Read","floor":27,"damage_taken":0},{"event_name":"Tomb of Lord Red Mask","player_choice":"Paid","floor":38,"damage_taken":0}],"boss_relics":[{"not_picked":["Tiny House","Velvet Choker"],"picked":"Lizard Tail"},{"not_picked":["The Specimen","Runic Pyramid"],"picked":"Eternal Feather"}],"potions_floor_spawned":[1,24,33],"seed_played":"8406813889865332352","killed_by":"Giant Head","ascension_level":2,"is_trial":false}