{"gold_per_floor":[119,119,194,369,384,418,430,430,430,462,474,474,502,518,518,620,620,636,636],"floor_reached":19,"playtime":1239,"items_purged":[],"score":221,"play_id":"642d5271-f71f-4117-840f-24123a0780fe","local_time":"20181203161726","is_ascension_mode":true,"campfire_choices":[{"floor":8,"key":"REST"},{"data":"Juggernaut","floor":12,"key":"SMITH"},{"floor":15,"key":"REST"}],"neow_cost":"NONE","seed_source_timestamp":1705329652600681,"circlet_count":0,"master_deck":["Strike_R","Strike_R","Strike_R","Strike_R","Defend_R","Defend_R","Defend_R","Defend_R","Bash","Juggernaut+1","Clothesline","Feed","Doubt","Evolve","Cleave","Thunderclap","Armaments","Barricade","Seeing Red"],"relics":["Burning Blood","Torii","Champion Belt","Dream Catcher","Odd Mushroom","Runic Pyramid"],"potions_floor_usage":[6,14,16,16],"damage_taken":[{"damage":0,"enemies":"Small Slimes","floor":1,"turns":3},{"damage":3,"enemies":"2 Louse","floor":5,"turns":4},{"damage":40,"enemies":"3 Sentries","floor":6,"turns":8},{"damage":2,"enemies":"Jaw Worm","floor":7,"turns":5},{"damage":30,"enemies":"Gremlin Nob","floor":10,"turns":5},{"damage":8,"enemies":"2 Fungi Beasts","floor":11,"turns":4},{"damage":27,"enemies":"The Mushroom Lair","floor":13,"turns":5},{"damage":16,"enemies":"Large Slime","floor":14,"turns":5},{"damage":47,"enemies":"The Guardian","floor":16,"turns":17},{"damage":42,"enemies":"3 Byrds","floor":18,"turns":7},{"damage":41,"enemies":"Spheric Guardian","floor":19,"turns":5}],"seed_played":"-5763009807747260745","potions_obtained":[{"floor":1,"key":"Fire Potion"},{"floor":10,"key":"Weak Potion"},{"floor":11,"key":"Weak Potion"},{"floor":14,"key":"Ancient Potion"}],"is_trial":false,"path_per_floor":["M","?","?","?","M","E","M","R","T","E","M","R","?","M","R","B",null,"M","M"],"character_chosen":"IRONCLAD","items_purchased":[],"campfire_rested":2,"item_purchase_floors":[],"current_hp_per_floor":[80,80,69,69,72,41,48,73,73,52,50,50,32,22,49,8,71,35,0],"gold":636,"neow_bonus":"ONE_RANDOM_RARE_CARD","is_prod":false,"is_daily":false,"chose_seed":false,"campfire_upgraded":1,"win_rate":0,"timestamp":1543871846,"path_taken":["M","?","?","?","M","E","M","R","T","E","M","R","?","M","R","BOSS","M","M"],"build_version":"2018-11-15","purchased_purges":0,"victory":false,"max_hp_per_floor":[80,80,80,80,80,83,86,86,86,89,89,89,92,92,92,92,92,92,92],"card_choices":[{"not_picked":["Carnage","Heavy Blade"],"picked":"Clothesline","floor":1},{"not_picked":["Headbutt","Sword Boomerang"],"picked":"Evolve","floor":5},{"not_picked":["Inflame","Anger"],"picked":"Cleave","floor":6},{"not_picked":["Thunderclap","Clash","Cleave"],"picked":"SKIP","floor":7},{"not_picked":["Sentinel","Heavy Blade","Perfected Strike"],"picked":"SKIP","floor":10},{"not_picked":["Blood for Blood","Twin Strike","Havoc"],"picked":"SKIP","floor":11},{"not_picked":["Headbutt","Blood for Blood"],"picked":"Thunderclap","floor":13},{"not_picked":["Hemokinesis","Anger"],"picked":"Armaments","floor":14},{"not_picked":["Immolate","Double Tap"],"picked":"Barricade","floor":16},{"not_picked":["Armaments","Rage"],"picked":"Seeing Red","floor":18}],"player_experience":2613230,"relics_obtained":[{"floor":6,"key":"Torii"},{"floor":9,"key":"Champion Belt"},{"floor":10,"key":"Dream Catcher"},{"floor":13,"key":"Odd Mushroom"}],"event_choices":[{"damage_healed":0,"gold_gain":0,"cards_transformed":["Strike_R"],"player_choice":"Change","damage_taken":0,"max_hp_gain":0,"max_hp_loss":0,"event_name":"Living Wall","floor":2,"gold_loss":0,"cards_obtained":["Feed"]},{"damage_healed":0,"gold_gain":75,"player_choice":"Gather Gold","damage_taken":11,"max_hp_gain":0,"max_hp_loss":0,"event_name":"World of Goop","floor":3,"gold_loss":0},{"damage_healed":0,"gold_gain":175,"player_choice":"AGREE","damage_taken":0,"max_hp_gain":0,"max_hp_loss":0,"event_name":"Liars Game","floor":4,"gold_loss":0,"cards_obtained":["Doubt"]},{"damage_healed":0,"gold_gain":0,"player_choice":"Fought Mushrooms","damage_taken":0,"max_hp_gain":0,"max_hp_loss":0,"event_name":"Mushrooms","floor":13,"gold_loss":0}],"is_beta":false,"boss_relics":[{"not_picked":["Runic Dome","Runic Cube"],"picked":"Runic Pyramid"}],"items_purged_floors":[],"is_endless":false,"potions_floor_spawned":[1,10,11,14],"killed_by":"Spheric Guardian","ascension_level":5}