{"gold_per_floor":[114,129,144,319,269,269,4,34,84,99,129,144,144,174,174,274,274,289,142,157,172,187,187,202,202,202,217,247,247,262,292,292,392,392,407,422,437,437,440,440,470,485,485,515,20,20,50,65,65,65],"floor_reached":51,"playtime":59946,"items_purged":["Strike_G","Slice"],"score":874,"play_id":"5183a5e5-35fd-4317-b98f-94c17b7a033c","local_time":"20181214153221","daily_mods":["Specialized","Blue Cards","Binary"],"is_ascension_mode":false,"campfire_choices":[{"data":"Neutralize","floor":6,"key":"SMITH"},{"floor":13,"key":"REST"},{"data":"Predator","floor":15,"key":"SMITH"},{"data":"Apotheosis","floor":23,"key":"SMITH"},{"floor":25,"key":"REST"},{"floor":29,"key":"REST"},{"data":"Noxious Fumes","floor":32,"key":"SMITH"},{"floor":40,"key":"DIG"},{"floor":46,"key":"DIG"},{"floor":49,"key":"DIG"}],"neow_cost":"","seed_source_timestamp":0,"circlet_count":0,"master_deck":["Survivor","Neutralize+1","FTL","FTL+1","FTL+1","FTL","FTL","Backstab","Predator+1","Leap","Leap","Glass Knife","Die Die Die","Leap","Machine Learning","Dash","Machine Learning","Creative AI","Apotheosis+1","Noxious Fumes+1","Backflip","Glacier+1","Aggregate+1","Night Terror","Recycle+1","Well Laid Plans+1","White Noise+1","Backflip+1","Night Terror","Panacea","Go for the Eyes+1","White Noise+1"],"special_seed":17879,"relics":["Ring of the Snake","Membership Card","Ornamental Fan","Juzu Bracelet","Oddly Smooth Stone","Smiling Mask","Pandora\u0027s Box","Bottled Lightning","Calipers","FossilizedHelix","Astrolabe","Shovel","Dream Catcher","Centennial Puzzle","Molten Egg 2","Whetstone","Gremlin Horn","Frozen Eye","Blue Candle","Boot","Toxic Egg 2","Mercury Hourglass"],"potions_floor_usage":[11,16,21,27,31,37,39,44,47,50,50,50],"damage_taken":[{"damage":0,"enemies":"Jaw Worm","floor":1,"turns":2},{"damage":2,"enemies":"2 Louse","floor":2,"turns":2},{"damage":0,"enemies":"Small Slimes","floor":3,"turns":1},{"damage":17,"enemies":"Lagavulin","floor":8,"turns":4},{"damage":0,"enemies":"Exordium Wildlife","floor":10,"turns":2},{"damage":3,"enemies":"3 Sentries","floor":11,"turns":5},{"damage":0,"enemies":"Blue Slaver","floor":12,"turns":2},{"damage":3,"enemies":"Lagavulin","floor":14,"turns":5},{"damage":2,"enemies":"Slime Boss","floor":16,"turns":11},{"damage":0,"enemies":"Shell Parasite","floor":18,"turns":3},{"damage":0,"enemies":"Spheric Guardian","floor":20,"turns":3},{"damage":4,"enemies":"Snake Plant","floor":21,"turns":5},{"damage":22,"enemies":"Snecko","floor":22,"turns":5},{"damage":0,"enemies":"Centurion and Healer","floor":24,"turns":5},{"damage":6,"enemies":"Cultist and Chosen","floor":27,"turns":3},{"damage":26,"enemies":"Gremlin Leader","floor":28,"turns":7},{"damage":0,"enemies":"Snecko","floor":30,"turns":5},{"damage":0,"enemies":"Slavers","floor":31,"turns":4},{"damage":23,"enemies":"Collector","floor":33,"turns":12},{"damage":0,"enemies":"3 Shapes","floor":35,"turns":4},{"damage":0,"enemies":"3 Darklings","floor":36,"turns":5},{"damage":8,"enemies":"Transient","floor":37,"turns":5},{"damage":1,"enemies":"2 Orb Walkers","floor":39,"turns":4},{"damage":0,"enemies":"Giant Head","floor":41,"turns":9},{"damage":0,"enemies":"Maw","floor":42,"turns":8},{"damage":0,"enemies":"Reptomancer","floor":44,"turns":6},{"damage":0,"enemies":"Nemesis","floor":47,"turns":7},{"damage":0,"enemies":"4 Shapes","floor":48,"turns":5},{"damage":33,"enemies":"Awakened One","floor":50,"turns":17}],"seed_played":"7066479884304422075","potions_obtained":[{"floor":2,"key":"Dexterity Potion"},{"floor":10,"key":"PowerPotion"},{"floor":11,"key":"AttackPotion"},{"floor":20,"key":"SpeedPotion"},{"floor":24,"key":"Weak Potion"},{"floor":27,"key":"AttackPotion"},{"floor":28,"key":"GamblersBrew"},{"floor":31,"key":"SteroidPotion"},{"floor":37,"key":"Strength Potion"},{"floor":41,"key":"Block Potion"},{"floor":42,"key":"Weak Potion"},{"floor":47,"key":"FearPotion"},{"floor":48,"key":"LiquidBronze"}],"is_trial":false,"path_per_floor":["M","M","M","?","?","R","$","E","T","M","E","M","R","E","R","B",null,"M","$","M","M","M","R","M","R","T","M","E","R","M","E","R","B",null,"M","M","M","?","?","R","E","M","T","E","$","R","E","M","R","B",null],"character_chosen":"THE_SILENT","items_purchased":["Membership Card","Leap","Apotheosis","Gremlin Horn","Frozen Eye","GhostInAJar","GhostInAJar","Panacea","Go for the Eyes+1","Blue Candle"],"campfire_rested":3,"item_purchase_floors":[7,7,19,45,45,45,45,45,45,45],"current_hp_per_floor":[70,68,68,68,68,68,68,51,51,51,48,48,69,66,66,64,70,70,70,70,66,44,44,44,65,65,59,33,54,54,54,54,31,70,70,70,62,62,61,61,61,61,61,61,61,61,61,61,61,28],"gold":65,"neow_bonus":"","is_prod":false,"is_daily":true,"chose_seed":false,"campfire_upgraded":4,"win_rate":0,"timestamp":1544819541,"path_taken":["M","M","M","?","?","R","$","E","T","M","E","M","R","E","R","BOSS","M","$","M","M","M","R","M","R","T","M","E","R","M","E","R","BOSS","M","M","M","?","?","R","E","M","T","E","$","R","E","M","R","BOSS"],"build_version":"2018-12-13","purchased_purges":2,"victory":true,"max_hp_per_floor":[70,70,70,70,70,70,70,70,70,70,70,70,70,70,70,70,70,70,70,70,70,70,70,70,70,70,70,70,70,70,70,70,70,70,70,70,70,70,70,70,70,70,70,70,70,70,70,70,70,70],"card_choices":[{"not_picked":["Coolheaded"],"picked":"Backstab","floor":1},{"not_picked":["Steam Power","Dagger Throw"],"picked":"SKIP","floor":2},{"not_picked":["Prepared"],"picked":"Predator","floor":3},{"not_picked":["Slice"],"picked":"Cold Snap","floor":8},{"not_picked":["Storm","Quick Slash"],"picked":"SKIP","floor":10},{"not_picked":["Infinite Blades"],"picked":"Leap","floor":11},{"not_picked":["Deadly Poison","Steam"],"picked":"SKIP","floor":12},{"not_picked":["Finisher","Hologram"],"picked":"SKIP","floor":14},{"not_picked":["Unload"],"picked":"Glass Knife","floor":16},{"not_picked":["Flying Knee+1","Sweeping Beam+1"],"picked":"SKIP","floor":18},{"not_picked":["Cold Snap"],"picked":"Noxious Fumes","floor":20},{"not_picked":["Hologram","Rip and Tear"],"picked":"SKIP","floor":21},{"not_picked":["Quick Slash"],"picked":"Backflip","floor":22},{"not_picked":["Acrobatics"],"picked":"Glacier+1","floor":24},{"not_picked":["Cold Snap","Dagger Spray"],"picked":"SKIP","floor":27},{"not_picked":["Steam+1","Slice"],"picked":"SKIP","floor":28},{"not_picked":["Lockon","Skewer"],"picked":"SKIP","floor":30},{"not_picked":["Concentrate+1"],"picked":"Aggregate+1","floor":31},{"not_picked":["Burst"],"picked":"Night Terror","floor":33},{"not_picked":["Compile Driver","Barrage"],"picked":"SKIP","floor":35},{"not_picked":["Bane+1","Setup"],"picked":"SKIP","floor":36},{"not_picked":["Tactician","Chaos"],"picked":"SKIP","floor":37},{"not_picked":["Beam Cell+1"],"picked":"Backflip+1","floor":41},{"not_picked":["Rebound","Escape Plan"],"picked":"SKIP","floor":42},{"not_picked":["Rebound+1"],"picked":"Night Terror","floor":44},{"not_picked":["Beam Cell+1","Poisoned Stab+1"],"picked":"SKIP","floor":47},{"not_picked":["Steam+1"],"picked":"White Noise+1","floor":48}],"player_experience":2858898,"relics_obtained":[{"floor":8,"key":"Ornamental Fan"},{"floor":9,"key":"Juzu Bracelet"},{"floor":11,"key":"Oddly Smooth Stone"},{"floor":14,"key":"Smiling Mask"},{"floor":26,"key":"Bottled Lightning"},{"floor":28,"key":"Calipers"},{"floor":31,"key":"FossilizedHelix"},{"floor":39,"key":"Shovel"},{"floor":40,"key":"Dream Catcher"},{"floor":41,"key":"Centennial Puzzle"},{"floor":43,"key":"Molten Egg 2"},{"floor":44,"key":"Whetstone"},{"floor":46,"key":"Boot"},{"floor":47,"key":"Toxic Egg 2"},{"floor":49,"key":"Mercury Hourglass"}],"event_choices":[{"damage_healed":0,"gold_gain":175,"player_choice":"AGREE","damage_taken":0,"max_hp_gain":0,"max_hp_loss":0,"event_name":"Liars Game","floor":4,"gold_loss":0,"cards_obtained":["Doubt"]},{"cards_removed":["Doubt"],"damage_healed":0,"gold_gain":0,"player_choice":"Card Removal","damage_taken":0,"max_hp_gain":0,"max_hp_loss":0,"event_name":"The Cleric","floor":5,"gold_loss":50},{"damage_healed":0,"gold_gain":0,"player_choice":"Ignored","damage_taken":0,"max_hp_gain":0,"max_hp_loss":0,"event_name":"Tomb of Lord Red Mask","floor":38,"gold_loss":0},{"damage_healed":0,"gold_gain":0,"player_choice":"Fight","damage_taken":0,"max_hp_gain":0,"max_hp_loss":0,"event_name":"Mysterious Sphere","floor":39,"gold_loss":0}],"is_beta":false,"boss_relics":[{"not_picked":["Cursed Key","Lizard Tail"],"picked":"Pandora\u0027s Box"},{"not_picked":["Coffee Dripper","HoveringKite"],"picked":"Astrolabe"}],"items_purged_floors":[7,19],"is_endless":false,"potions_floor_spawned":[2,10,11,20,24,27,28,30,31,37,41,42,47,48],"ascension_level":0}