{"path_per_floor":["M","?","M","$","M","M","R","?","T","R","M","R","?","$","R","B",null,"M","$","M","M","?","R","?","M","T","R","M","M","M","M","R","B",null,"M","?","?","M","M","R","M","$","T","?"],"character_chosen":"THE_SILENT","items_purchased":["Noxious Fumes","Well Laid Plans","Strength Potion","Regen Potion","Bag of Preparation","Happy Flower","Footwork"],"gold_per_floor":[110,110,130,16,36,50,50,74,143,143,161,161,236,9,9,110,110,124,75,95,108,108,108,108,128,174,174,185,203,215,234,234,333,333,349,349,349,359,378,378,392,27,27,27],"floor_reached":45,"campfire_rested":1,"playtime":6413,"current_hp_per_floor":[70,70,70,70,70,70,70,70,80,80,80,80,69,69,69,56,80,63,63,78,78,78,78,78,71,71,71,71,67,79,71,71,45,80,80,70,70,70,13,37,50,50,50,50],"items_purged":["Strike_G","Strike_G"],"gold":27,"score":359,"play_id":"346533a1-a163-4113-9f44-48793d4bb0f5","is_prod":false,"is_daily":false,"is_ascension_mode":false,"campfire_upgraded":7,"path_taken":["M","?","M","$","M","M","R","?","T","R","M","R","?","?","R","BOSS","M","$","M","M","?","R","?","?","T","R","M","M","?","M","R","BOSS","M","?","?","M","M","R","?","$","T","?","?"],"build_version":"2018-02-15-PROD1","purchased_purges":2,"victory":false,"master_deck":["Defend_G","Defend_G","Defend_G","Defend_G","Strike_G","Strike_G","Survivor+1","Neutralize+1","Dagger Spray+1","Noxious Fumes+1","Leg Sweep+1","Blur","Well Laid Plans","Envenom+1","Prepared","Malaise+1","Venomology+1","Malaise+1","Blur","Noxious Fumes","Madness","Madness","Dash+1","Underhanded Strike+1","Bane+1","Footwork","Clumsy"],"max_hp_per_floor":[70,70,70,70,70,70,70,70,80,80,80,80,80,80,80,80,80,80,80,80,80,80,80,80,80,80,80,80,80,80,80,80,80,80,80,80,80,80,80,80,80,80,80,80],"relics":["Ring of the Snake","Dream Catcher","Odd Mushroom","Pear","The Specimen","Lantern","Cursed Key","Bag of Preparation","Happy Flower","Frozen Eye"],"card_choices":[{"not_picked":["Dagger Throw","Flying Knee"],"picked":"Dagger Spray"},{"not_picked":["Crippling Poison","Cloak And Dagger"],"picked":"Leg Sweep"},{"not_picked":["Heel Hook","All Out Attack"],"picked":"Blur"},{"not_picked":["Bullet Time","Phantasmal Killer"],"picked":"Envenom"},{"not_picked":["Underhanded Strike","Acrobatics"],"picked":"Prepared"},{"not_picked":["Flechettes","Riddle With Holes"],"picked":"Malaise"},{"not_picked":["Poisoned Stab","Dodge and Roll"],"picked":"Blur"},{"not_picked":["Blade Dance","Cloak And Dagger"],"picked":"Noxious Fumes"},{"not_picked":["Poisoned Stab","Deflect"],"picked":"Dash"},{"not_picked":["Slice","Deflect"],"picked":"Underhanded Strike"},{"not_picked":["Dagger Throw","Poisoned Stab"],"picked":"Bane"}],"player_experience":798403,"potions_floor_usage":[16,16,20,20,25,28,29,29,30,31,33,33,33,35,38,39,41,45,45,45,45],"damage_taken":[{"damage":0,"enemies":"2 Louse","floor":1,"turns":4},{"damage":0,"enemies":"Cultist","floor":3,"turns":4},{"damage":0,"enemies":"Jaw Worm","floor":5,"turns":4},{"damage":0,"enemies":"3 Louse","floor":6,"turns":5},{"damage":0,"enemies":"The Mushroom Lair","floor":8,"turns":4},{"damage":0,"enemies":"Large Slime","floor":11,"turns":7},{"damage":13,"enemies":"Hexaghost","floor":16,"turns":13},{"damage":17,"enemies":"Spheric Guardian","floor":18,"turns":8},{"damage":0,"enemies":"Shell Parasite","floor":20,"turns":9},{"damage":0,"enemies":"Cultist and Chosen","floor":21,"turns":7},{"damage":7,"enemies":"Centurion and Healer","floor":25,"turns":8},{"damage":0,"enemies":"Snecko","floor":28,"turns":7},{"damage":4,"enemies":"Cultist and Chosen","floor":29,"turns":7},{"damage":3,"enemies":"Centurion and Healer","floor":30,"turns":9},{"damage":8,"enemies":"3 Cultists","floor":31,"turns":5},{"damage":26,"enemies":"Champ","floor":33,"turns":19},{"damage":0,"enemies":"3 Darklings","floor":35,"turns":7},{"damage":0,"enemies":"Orb Walker","floor":38,"turns":7},{"damage":57,"enemies":"Sphere and 2 Shapes","floor":39,"turns":6},{"damage":2,"enemies":"Maw","floor":41,"turns":10},{"damage":50,"enemies":"Mysterious Sphere","floor":45,"turns":6}],"event_choices":[{"event_name":"Upgrade Shrine","player_choice":"Upgraded","floor":2,"damage_taken":0},{"event_name":"Mushrooms","player_choice":"Fought Mushrooms","floor":8,"damage_taken":0},{"event_name":"World of Goop","player_choice":"Gather Gold","floor":13,"damage_taken":0},{"event_name":"Transmorgrifier","player_choice":"Transform","floor":22,"damage_taken":0},{"event_name":"The Library","player_choice":"Read","floor":24,"damage_taken":0},{"event_name":"Winding Halls","player_choice":"Embrace Madness","floor":36,"damage_taken":0},{"event_name":"Tomb of Lord Red Mask","player_choice":"Ignored","floor":37,"damage_taken":0},{"event_name":"Mysterious Sphere","player_choice":"Fight","floor":45,"damage_taken":0}],"boss_relics":[{"not_picked":["Pandora\u0027s Box","Philosopher\u0027s Stone"],"picked":"The Specimen"},{"not_picked":["Runic Dome","Eternal Feather"],"picked":"Cursed Key"}],"potions_floor_spawned":[3,11,16,18,21,28,31,33,41],"seed_played":"-4005722883837734858","killed_by":"Mysterious Sphere","ascension_level":0,"is_trial":false}