{"gold_per_floor":[110,128,139,139,63,75,119,143,155,195,218,230,260,282,294,378,390,418,7,7],"floor_reached":20,"playtime":938,"items_purged":[],"score":397,"play_id":"f8315214-70fe-4e24-8c93-1e409e9b4f8d","local_time":"20190506164036","is_ascension_mode":true,"campfire_choices":[{"data":"Bash","floor":6,"key":"SMITH"},{"floor":12,"key":"REST"},{"data":"Heavy Blade","floor":15,"key":"SMITH"}],"neow_cost":"NONE","seed_source_timestamp":2323137439994716,"circlet_count":0,"master_deck":["AscendersBane","Strike_R","Strike_R","Strike_R","Strike_R","Strike_R","Defend_R","Defend_R","Defend_R","Defend_R","Bash+1","Hemokinesis","Inflame","Feed+1","Spot Weakness","Metallicize","Impervious","Heavy Blade+1","Iron Wave","Battle Trance","Fiend Fire","Shockwave","Offering","Feel No Pain+1"],"relics":["Burning Blood","NeowsBlessing","MawBank","Ice Cream","Frozen Egg 2","Smiling Mask","Mark of Pain","Bronze Scales"],"potions_floor_usage":[7,16,16],"damage_taken":[{"damage":0,"enemies":"Cultist","floor":1,"turns":1},{"damage":0,"enemies":"2 Louse","floor":2,"turns":1},{"damage":0,"enemies":"Small Slimes","floor":3,"turns":1},{"damage":26,"enemies":"Gremlin Nob","floor":7,"turns":4},{"damage":18,"enemies":"Red Slaver","floor":8,"turns":3},{"damage":25,"enemies":"Lagavulin","floor":10,"turns":6},{"damage":16,"enemies":"Lots of Slimes","floor":11,"turns":5},{"damage":20,"enemies":"Looter","floor":13,"turns":3},{"damage":0,"enemies":"3 Louse","floor":14,"turns":4},{"damage":21,"enemies":"Slime Boss","floor":16,"turns":6},{"damage":44,"enemies":"3 Byrds","floor":18,"turns":7},{"damage":50,"enemies":"Masked Bandits","floor":20,"turns":4}],"seed_played":"7065777171722185418","potions_obtained":[{"floor":1,"key":"Fire Potion"},{"floor":3,"key":"Block Potion"},{"floor":13,"key":"Block Potion"}],"is_trial":false,"path_per_floor":["M","M","M","?","?","R","E","M","T","E","M","R","M","M","R","B",null,"M","$","?"],"character_chosen":"IRONCLAD","items_purchased":["Bronze Scales","Offering","Feel No Pain+1"],"campfire_rested":1,"item_purchase_floors":[19,19,19],"current_hp_per_floor":[74,75,75,75,75,75,55,47,47,28,22,46,36,46,46,35,80,46,46,0],"gold":7,"neow_bonus":"THREE_ENEMY_KILL","is_prod":false,"is_daily":false,"chose_seed":false,"campfire_upgraded":2,"win_rate":0,"timestamp":1557175236,"path_taken":["M","M","?","?","?","R","E","?","T","E","?","R","M","M","R","BOSS","M","$","?"],"build_version":"2019-01-23","purchased_purges":0,"victory":false,"max_hp_per_floor":[75,75,75,75,75,75,75,79,79,79,83,83,87,91,91,95,95,99,99,99],"card_choices":[{"not_picked":["Iron Wave","Reckless Charge"],"picked":"Hemokinesis","floor":1},{"not_picked":["Perfected Strike","Thunderclap"],"picked":"Inflame","floor":2},{"not_picked":["Twin Strike","Armaments"],"picked":"Feed","floor":3},{"not_picked":["Perfected Strike","Anger"],"picked":"Spot Weakness","floor":7},{"not_picked":["Clash","Combust"],"picked":"Metallicize","floor":8},{"not_picked":["Feel No Pain+1","Rage"],"picked":"Impervious","floor":10},{"not_picked":["Warcry","Pommel Strike"],"picked":"Heavy Blade","floor":11},{"not_picked":["Blood for Blood","True Grit"],"picked":"Iron Wave","floor":13},{"not_picked":["Cleave","Body Slam"],"picked":"Battle Trance","floor":14},{"not_picked":["Dark Embrace+1","Exhume"],"picked":"Fiend Fire","floor":16},{"not_picked":["Headbutt","Pummel"],"picked":"Shockwave","floor":18}],"player_experience":3601275,"relics_obtained":[{"floor":7,"key":"Ice Cream"},{"floor":9,"key":"Frozen Egg 2"},{"floor":10,"key":"Smiling Mask"}],"event_choices":[{"damage_healed":0,"gold_gain":0,"player_choice":"Grow","damage_taken":0,"max_hp_gain":0,"max_hp_loss":0,"event_name":"Living Wall","floor":4,"gold_loss":0,"cards_upgraded":["Feed"]},{"damage_healed":0,"gold_gain":0,"player_choice":"Paid Gold","damage_taken":0,"relics_obtained":["MawBank"],"max_hp_gain":0,"max_hp_loss":0,"event_name":"WeMeetAgain","floor":5,"gold_loss":76},{"damage_healed":0,"gold_gain":0,"player_choice":"Fought Bandits","damage_taken":0,"max_hp_gain":0,"max_hp_loss":0,"event_name":"Masked Bandits","floor":20,"gold_loss":0}],"is_beta":false,"boss_relics":[{"not_picked":["Tiny House","Coffee Dripper"],"picked":"Mark of Pain"}],"items_purged_floors":[],"is_endless":false,"potions_floor_spawned":[1,3,13,14],"killed_by":"Masked Bandits","ascension_level":20}