{"gold_per_floor":[114,132,132,145,52,77,77,88,88,88,13,32,32,44,44,117,117,130,1,1,1,1,1,1,54,54,79,99,111,111,127,127,201,201,217,231,47,63,63,63,78,78,78,78,106,116,116,116,116,116],"floor_reached":50,"playtime":3111,"items_purged":["Strike_R"],"score":1030,"play_id":"c49c9f06-af4e-4d38-933f-4de596908912","local_time":"20190430171132","is_ascension_mode":true,"campfire_choices":[{"data":"Inflame","floor":7,"key":"SMITH"},{"floor":10,"key":"REST"},{"data":"Bash","floor":13,"key":"SMITH"},{"data":"Clothesline","floor":15,"key":"SMITH"},{"floor":23,"key":"REST"},{"floor":30,"key":"REST"},{"data":"1","floor":32,"key":"LIFT"},{"data":"2","floor":40,"key":"LIFT"},{"floor":42,"key":"REST"},{"floor":44,"key":"REST"},{"floor":49,"key":"REST"}],"neow_cost":"NONE","seed_source_timestamp":1804420341837912,"circlet_count":0,"master_deck":["AscendersBane","Strike_R","Strike_R","Strike_R","Defend_R","Defend_R","Defend_R","Defend_R","Bash+1","Barricade","Anger","Evolve","Anger","Inflame+1","Shrug It Off","Iron Wave","Battle Trance+1","Clothesline+1","Impervious+1","Shrug It Off+1","Ghostly Armor+1","Necronomicurse","True Grit+1","Shrug It Off+1","Shockwave+1","Feed","Bloodletting+1","Chrysalis+1","Body Slam","True Grit+1","Body Slam+1"],"relics":["Burning Blood","Oddly Smooth Stone","Toxic Egg 2","Velvet Choker","Necronomicon","Bag of Preparation","Pen Nib","Girya","Sozu","Dodecahedron","Calipers"],"potions_floor_usage":[6,16,27,27,31,33,50],"damage_taken":[{"damage":9,"enemies":"Jaw Worm","floor":1,"turns":4},{"damage":0,"enemies":"Cultist","floor":2,"turns":3},{"damage":3,"enemies":"2 Louse","floor":4,"turns":3},{"damage":22,"enemies":"3 Sentries","floor":6,"turns":6},{"damage":40,"enemies":"Exordium Wildlife","floor":8,"turns":6},{"damage":2,"enemies":"Looter","floor":12,"turns":3},{"damage":5,"enemies":"Red Slaver","floor":14,"turns":3},{"damage":16,"enemies":"Slime Boss","floor":16,"turns":9},{"damage":16,"enemies":"2 Thieves","floor":18,"turns":4},{"damage":52,"enemies":"Gremlin Leader","floor":27,"turns":6},{"damage":0,"enemies":"Chosen","floor":28,"turns":3},{"damage":0,"enemies":"Snecko","floor":29,"turns":5},{"damage":1,"enemies":"Centurion and Healer","floor":31,"turns":5},{"damage":48,"enemies":"Automaton","floor":33,"turns":13},{"damage":7,"enemies":"3 Shapes","floor":35,"turns":4},{"damage":3,"enemies":"Orb Walker","floor":36,"turns":4},{"damage":3,"enemies":"4 Shapes","floor":38,"turns":6},{"damage":54,"enemies":"Maw","floor":41,"turns":8},{"damage":24,"enemies":"Giant Head","floor":45,"turns":8},{"damage":15,"enemies":"Sphere and 2 Shapes","floor":46,"turns":7},{"damage":77,"enemies":"Donu and Deca","floor":50,"turns":11}],"seed_played":"6822873177472294881","potions_obtained":[{"floor":4,"key":"Explosive Potion"},{"floor":8,"key":"Ancient Potion"},{"floor":12,"key":"AttackPotion"},{"floor":14,"key":"PowerPotion"},{"floor":18,"key":"Poison Potion"},{"floor":28,"key":"SpeedPotion"},{"floor":29,"key":"BloodPotion"},{"floor":31,"key":"AttackPotion"}],"is_trial":false,"path_per_floor":["M","M","?","M","$","E","R","M","T","R","$","M","R","M","R","B",null,"M","$","?","?","$","R","?","T","T","E","M","M","R","M","R","B",null,"M","M","$","M","?","R","M","R","T","R","E","M","?","?","R","B"],"character_chosen":"IRONCLAD","items_purchased":["Inflame","Shrug It Off","Shrug It Off+1","Ghostly Armor+1","Chrysalis+1"],"campfire_rested":6,"item_purchase_floors":[5,5,19,19,37],"current_hp_per_floor":[65,71,71,74,74,58,58,24,24,46,46,50,50,51,51,41,67,57,57,36,36,36,58,58,58,58,12,18,24,46,58,58,16,60,62,65,65,71,66,66,21,46,46,71,53,47,47,47,71,0],"gold":116,"neow_bonus":"ONE_RANDOM_RARE_CARD","is_prod":false,"is_daily":false,"chose_seed":false,"campfire_upgraded":3,"win_rate":0,"timestamp":1556658692,"path_taken":["M","M","?","M","$","E","R","?","T","R","$","M","R","M","R","BOSS","M","$","?","?","?","R","?","?","T","E","M","?","R","M","R","BOSS","M","M","$","M","?","R","?","R","T","R","E","M","?","?","R","BOSS"],"build_version":"2019-01-23","purchased_purges":1,"victory":false,"max_hp_per_floor":[75,75,75,75,75,75,75,75,75,75,75,75,75,75,75,75,75,75,75,75,75,75,75,75,75,75,75,75,75,75,75,75,75,75,78,78,78,81,81,81,84,84,84,84,84,87,83,83,83,83],"card_choices":[{"not_picked":["Heavy Blade","Havoc"],"picked":"Anger","floor":1},{"not_picked":["Cleave","Clash"],"picked":"Evolve","floor":2},{"not_picked":["Sword Boomerang","Thunderclap"],"picked":"Anger","floor":4},{"not_picked":["Bludgeon","Searing Blow"],"picked":"Combust","floor":6},{"not_picked":["Sentinel","Carnage"],"picked":"Iron Wave","floor":8},{"not_picked":["Havoc+1","Heavy Blade"],"picked":"Battle Trance+1","floor":12},{"not_picked":["Sword Boomerang","Headbutt"],"picked":"Clothesline","floor":14},{"not_picked":["Reaper","Barricade"],"picked":"Impervious+1","floor":16},{"not_picked":["Perfected Strike","Blood for Blood","Cleave"],"picked":"SKIP","floor":18},{"not_picked":["Searing Blow","Havoc+1","Combust+1"],"picked":"SKIP","floor":27},{"not_picked":["Corruption","Headbutt"],"picked":"True Grit+1","floor":28},{"not_picked":["Pommel Strike","Perfected Strike"],"picked":"Shrug It Off+1","floor":29},{"not_picked":["Perfected Strike","Fire Breathing"],"picked":"Shockwave+1","floor":31},{"not_picked":["Demon Form","Fiend Fire"],"picked":"Feed","floor":33},{"not_picked":["Fire Breathing","Clash+1"],"picked":"Bloodletting+1","floor":35},{"not_picked":["Wild Strike","Perfected Strike","Cleave"],"picked":"SKIP","floor":36},{"not_picked":["Headbutt","Havoc+1"],"picked":"Body Slam","floor":38},{"not_picked":["Rupture","Havoc+1"],"picked":"True Grit+1","floor":41},{"not_picked":["Thunderclap","Anger"],"picked":"Body Slam+1","floor":45},{"not_picked":["Perfected Strike","Wild Strike","Heavy Blade"],"picked":"SKIP","floor":46}],"player_experience":3530307,"relics_obtained":[{"floor":6,"key":"Oddly Smooth Stone"},{"floor":9,"key":"Toxic Egg 2"},{"floor":20,"key":"Necronomicon"},{"floor":25,"key":"Bag of Preparation"},{"floor":26,"key":"Pen Nib"},{"floor":27,"key":"Girya"},{"floor":43,"key":"Dodecahedron"},{"floor":45,"key":"Calipers"}],"event_choices":[{"cards_removed":["Strike_R"],"damage_healed":0,"gold_gain":0,"player_choice":"Purged","damage_taken":0,"max_hp_gain":0,"max_hp_loss":0,"event_name":"Purifier","floor":3,"gold_loss":0},{"damage_healed":0,"gold_gain":0,"player_choice":"Obtained Book","damage_taken":21,"max_hp_gain":0,"max_hp_loss":0,"event_name":"Cursed Tome","floor":20,"gold_loss":0},{"damage_healed":0,"gold_gain":0,"player_choice":"Ignored","damage_taken":0,"max_hp_gain":0,"max_hp_loss":0,"event_name":"Beggar","floor":21,"gold_loss":0},{"damage_healed":0,"gold_gain":0,"player_choice":"Ignored","damage_taken":0,"max_hp_gain":0,"max_hp_loss":0,"event_name":"The Mausoleum","floor":24,"gold_loss":0},{"damage_healed":0,"gold_gain":0,"player_choice":"Bought 0 Potions","damage_taken":0,"max_hp_gain":0,"max_hp_loss":0,"event_name":"The Woman in Blue","floor":39,"gold_loss":0},{"damage_healed":0,"gold_gain":0,"player_choice":"Max HP","damage_taken":0,"max_hp_gain":0,"max_hp_loss":4,"event_name":"Winding Halls","floor":47,"gold_loss":0},{"cards_removed":["Combust"],"damage_healed":0,"gold_gain":0,"player_choice":"Removed Power","damage_taken":0,"max_hp_gain":0,"max_hp_loss":0,"event_name":"Falling","floor":48,"gold_loss":0}],"is_beta":false,"boss_relics":[{"not_picked":["Orrery","Lizard Tail"],"picked":"Velvet Choker"},{"not_picked":["Coffee Dripper","Cursed Key"],"picked":"Sozu"}],"items_purged_floors":[11],"is_endless":false,"potions_floor_spawned":[4,8,12,14,18,28,29,31,35,41,45],"killed_by":"Donu and Deca","ascension_level":20}