{"gold_per_floor":[218,232,1,12,12,45,65,65,65,65,93,13,25,25,25,121,121,132,162,172,172,188,188,217,217,217,37,37,57,82,95,95,198,198,210,432,432,1431,681,681,698,728,728,738,750,750,750,151,151,151,151,151,1,1],"floor_reached":54,"playtime":3248,"items_purged":["Strike_B","Normality","Normality","Strike_B"],"score":911,"play_id":"ec067385-b055-404b-96a4-c420f83ed330","local_time":"20181201160353","is_ascension_mode":true,"campfire_choices":[{"floor":8,"key":"REST"},{"data":"Zap","floor":10,"key":"SMITH"},{"data":"Electrodynamics","floor":15,"key":"SMITH"},{"floor":23,"key":"RECALL"},{"floor":25,"key":"REST"},{"floor":32,"key":"REST"},{"floor":40,"key":"REST"},{"floor":47,"key":"REST"},{"floor":49,"key":"REST"},{"floor":52,"key":"REST"}],"neow_cost":"NONE","seed_source_timestamp":1529464115264393,"circlet_count":0,"master_deck":["Strike_B","Defend_B","Defend_B","Defend_B","Defend_B","Zap+1","Dualcast","Ball Lightning","Cold Snap","Electrodynamics+1","Chaos","Glacier","Chill","Seek","BootSequence","Buffer","Apotheosis","Go for the Eyes+1","Creative AI","Enlightenment","Doom and Gloom+1","Capacitor+1","Hologram+1","Madness","Madness"],"relics":["Cracked Core","Ancient Tea Set","Bottled Lightning","Pantograph","Gremlin Horn","Centennial Puzzle","Fusion Hammer","Red Mask","Boot","Cables","Blood Vial","Philosopher\u0027s Stone","Bottled Tornado","Tiny Chest","Sling","Pen Nib","Bottled Flame","Vajra"],"potions_floor_usage":[6,11,24,24,24,42,44,44,45,50],"damage_taken":[{"damage":1,"enemies":"Cultist","floor":1,"turns":4},{"damage":2,"enemies":"Jaw Worm","floor":2,"turns":3},{"damage":4,"enemies":"Small Slimes","floor":4,"turns":3},{"damage":27,"enemies":"3 Sentries","floor":6,"turns":5},{"damage":4,"enemies":"Red Slaver","floor":7,"turns":3},{"damage":13,"enemies":"Lagavulin","floor":11,"turns":5},{"damage":4,"enemies":"Blue Slaver","floor":13,"turns":3},{"damage":39,"enemies":"The Guardian","floor":16,"turns":15},{"damage":2,"enemies":"Shell Parasite","floor":18,"turns":5},{"damage":0,"enemies":"Masked Bandits","floor":19,"turns":4},{"damage":0,"enemies":"3 Byrds","floor":20,"turns":1},{"damage":5,"enemies":"Shelled Parasite and Fungi","floor":22,"turns":6},{"damage":0,"enemies":"Book of Stabbing","floor":24,"turns":5},{"damage":0,"enemies":"3 Cultists","floor":29,"turns":3},{"damage":2,"enemies":"Slavers","floor":30,"turns":6},{"damage":0,"enemies":"Snake Plant","floor":31,"turns":4},{"damage":10,"enemies":"Automaton","floor":33,"turns":11},{"damage":15,"enemies":"Orb Walker","floor":35,"turns":4},{"damage":0,"enemies":"3 Darklings","floor":41,"turns":8},{"damage":0,"enemies":"Giant Head","floor":42,"turns":13},{"damage":0,"enemies":"Transient","floor":44,"turns":5},{"damage":0,"enemies":"Maw","floor":45,"turns":8},{"damage":59,"enemies":"Time Eater","floor":50,"turns":12},{"damage":92,"enemies":"Shield and Spear","floor":54,"turns":6}],"seed_played":"1499475939923755329","potions_obtained":[{"floor":1,"key":"Ancient Potion"},{"floor":4,"key":"FocusPotion"},{"floor":7,"key":"AttackPotion"},{"floor":16,"key":"LiquidBronze"},{"floor":18,"key":"LiquidBronze"},{"floor":19,"key":"Block Potion"},{"floor":31,"key":"Fire Potion"},{"floor":33,"key":"Energy Potion"},{"floor":41,"key":"EssenceOfSteel"},{"floor":44,"key":"Ancient Potion"}],"is_trial":false,"path_per_floor":["M","M","$","M","?","E","M","R","T","R","E","$","M","?","R","B",null,"M","?","M","?","M","R","E","R","T","$","?","M","E","M","R","B",null,"M","?","?","?","$","R","M","E","T","M","M","?","R","$","R","B",null,"R","$","E"],"character_chosen":"DEFECT","items_purchased":["Ancient Tea Set","Glacier","Apotheosis","Bottled Tornado","Tiny Chest","Regen Potion","Sling","Bottled Flame","Vajra","FocusPotion"],"campfire_rested":7,"item_purchase_floors":[3,12,27,39,39,39,39,48,48,48],"current_hp_per_floor":[74,72,72,68,68,41,37,59,59,59,46,46,42,42,42,28,75,73,73,73,73,68,68,68,75,75,75,75,75,73,75,75,65,75,60,60,60,60,60,75,75,75,75,75,75,66,75,75,75,16,75,75,75,0],"gold":1,"neow_bonus":"HUNDRED_GOLD","is_prod":false,"is_daily":false,"chose_seed":false,"campfire_upgraded":2,"win_rate":0,"timestamp":1543698233,"path_taken":["M","M","?","M","?","E","M","R","T","R","E","$","M","?","R","BOSS","M","?","M","?","?","R","E","R","T","$","?","M","E","M","R","BOSS","M","?","?","?","$","R","M","E","T","?","M","?","R","$","R","BOSS","R","$","E"],"build_version":"2018-11-15","purchased_purges":4,"victory":false,"max_hp_per_floor":[75,75,75,75,75,75,75,75,75,75,75,75,75,75,75,75,75,75,75,75,75,75,75,75,75,75,75,75,75,75,75,75,75,75,75,75,75,75,75,75,75,75,75,75,75,75,75,75,75,75,75,75,75,75],"card_choices":[{"not_picked":["Consume","Turbo","Stack"],"picked":"SKIP","floor":1},{"not_picked":["Steam","BootSequence"],"picked":"Ball Lightning","floor":2},{"not_picked":["Sweeping Beam","Scrape"],"picked":"Cold Snap","floor":4},{"not_picked":["Gash","Steam"],"picked":"Electrodynamics","floor":6},{"not_picked":["Storm","Aggregate"],"picked":"Chaos","floor":7},{"not_picked":["Barrage","Lockon","Undo"],"picked":"SKIP","floor":11},{"not_picked":["Rebound","Turbo"],"picked":"Chill","floor":13},{"not_picked":["Core Surge","Machine Learning"],"picked":"Seek","floor":16},{"not_picked":["Aggregate","Consume+1","Compile Driver+1"],"picked":"SKIP","floor":18},{"not_picked":["Stack","Undo"],"picked":"BootSequence","floor":20},{"not_picked":["Beam Cell+1","Storm","Conserve Battery"],"picked":"SKIP","floor":22},{"not_picked":["Beam Cell","Glacier"],"picked":"Buffer","floor":24},{"not_picked":["Barrage","Compile Driver+1"],"picked":"Go for the Eyes+1","floor":29},{"not_picked":["Heatsinks","Biased Cognition","Electrodynamics"],"picked":"SKIP","floor":30},{"not_picked":["Cold Snap+1","Steam","Hologram"],"picked":"SKIP","floor":31},{"not_picked":["Machine Learning","Amplify"],"picked":"Creative AI","floor":33},{"not_picked":["Compile Driver","Cold Snap+1","Reprogram"],"picked":"SKIP","floor":35},{"not_picked":["Blind","PanicButton"],"picked":"Enlightenment","floor":37},{"not_picked":["Blizzard+1","Sweeping Beam"],"picked":"Doom and Gloom+1","floor":41},{"not_picked":["Sunder","Recycle"],"picked":"Capacitor+1","floor":42},{"not_picked":["Compile Driver","Rebound","Gash+1"],"picked":"SKIP","floor":44},{"not_picked":["Rip and Tear","Compile Driver+1"],"picked":"Hologram+1","floor":45}],"player_experience":2601236,"relics_obtained":[{"floor":6,"key":"Bottled Lightning"},{"floor":9,"key":"Pantograph"},{"floor":11,"key":"Gremlin Horn"},{"floor":19,"key":"Red Mask"},{"floor":24,"key":"Boot"},{"floor":26,"key":"Cables"},{"floor":30,"key":"Blood Vial"},{"floor":42,"key":"Pen Nib"}],"event_choices":[{"damage_healed":0,"gold_gain":0,"player_choice":"Leave","damage_taken":0,"max_hp_gain":0,"max_hp_loss":0,"event_name":"The Cleric","floor":5,"gold_loss":0},{"damage_healed":0,"gold_gain":0,"player_choice":"Searched \u00271\u0027 times","damage_taken":0,"relics_obtained":["Centennial Puzzle"],"max_hp_gain":0,"max_hp_loss":0,"event_name":"Dead Adventurer","floor":14,"gold_loss":0},{"damage_healed":0,"gold_gain":0,"player_choice":"Fought Bandits","damage_taken":0,"max_hp_gain":0,"max_hp_loss":0,"event_name":"Masked Bandits","floor":19,"gold_loss":0},{"cards_removed":["Strike_B"],"damage_healed":0,"gold_gain":0,"player_choice":"Offered Basic","damage_taken":0,"max_hp_gain":0,"max_hp_loss":0,"event_name":"Bonfire Elementals","floor":21,"gold_loss":0},{"damage_healed":0,"gold_gain":0,"player_choice":"Ignored","damage_taken":0,"max_hp_gain":0,"max_hp_loss":0,"event_name":"Ghosts","floor":28,"gold_loss":0},{"damage_healed":0,"gold_gain":222,"player_choice":"Wore Mask","damage_taken":0,"max_hp_gain":0,"max_hp_loss":0,"event_name":"Tomb of Lord Red Mask","floor":36,"gold_loss":0},{"damage_healed":0,"gold_gain":0,"player_choice":"Memory 1","damage_taken":0,"max_hp_gain":0,"max_hp_loss":0,"event_name":"SensoryStone","floor":37,"gold_loss":0},{"damage_healed":0,"gold_gain":999,"player_choice":"Gold","damage_taken":0,"max_hp_gain":0,"max_hp_loss":0,"event_name":"MindBloom","floor":38,"gold_loss":0,"cards_obtained":["Normality","Normality"]},{"damage_healed":0,"gold_gain":0,"player_choice":"Embrace Madness","damage_taken":9,"max_hp_gain":0,"max_hp_loss":0,"event_name":"Winding Halls","floor":46,"gold_loss":0,"cards_obtained":["Madness","Madness"]}],"is_beta":false,"boss_relics":[{"not_picked":["Velvet Choker","FrozenCore"],"picked":"Fusion Hammer"},{"not_picked":["Runic Dome","Cursed Key"],"picked":"Philosopher\u0027s Stone"}],"items_purged_floors":[3,39,48,53],"is_endless":false,"potions_floor_spawned":[1,4,7,16,18,19,22,31,33,41,44],"killed_by":"Shield and Spear","ascension_level":4}