{"gold_per_floor":[115,115,135,210,210,541,557,12,38,68,68,68,88,118,118,192,242,259,277,17,17,30,30],"floor_reached":23,"playtime":1161,"items_purged":["Strike_G"],"score":468,"play_id":"dc76c997-c9c0-494a-b9fe-35579a34b0b2","local_time":"20190424193223","is_ascension_mode":true,"campfire_choices":[{"floor":12,"key":"REST"},{"floor":15,"key":"REST"}],"neow_cost":"NONE","seed_source_timestamp":1296420436835636,"circlet_count":0,"master_deck":["AscendersBane","Defend_G","Defend_G","Defend_G","Defend_G","Defend_G","Strike_G","Strike_G","Strike_G","Strike_G","Survivor","Neutralize+1","Footwork+1","Dagger Spray+1","Flying Knee","Poisoned Stab","Heel Hook","Deflect","Slice","Corpse Explosion","Leg Sweep","Die Die Die","Infinite Blades","Envenom","Backflip","Backstab+1","Well Laid Plans+1","Footwork","Adrenaline"],"relics":["Ring of the Snake","NeowsBlessing","Bronze Scales","Old Coin","Shuriken","Dream Catcher","Lantern","PreservedInsect","Tiny House","CultistMask"],"potions_floor_usage":[10,16,16,23,23],"damage_taken":[{"damage":0,"enemies":"Cultist","floor":1,"turns":1},{"damage":0,"enemies":"Small Slimes","floor":3,"turns":1},{"damage":0,"enemies":"Gremlin Nob","floor":6,"turns":1},{"damage":3,"enemies":"2 Louse","floor":7,"turns":2},{"damage":9,"enemies":"Lagavulin","floor":10,"turns":7},{"damage":3,"enemies":"Gremlin Gang","floor":13,"turns":2},{"damage":2,"enemies":"3 Sentries","floor":14,"turns":2},{"damage":40,"enemies":"Slime Boss","floor":16,"turns":7},{"damage":15,"enemies":"Shell Parasite","floor":18,"turns":7},{"damage":1,"enemies":"Chosen","floor":19,"turns":3},{"damage":22,"enemies":"Centurion and Healer","floor":22,"turns":5},{"damage":25,"enemies":"Slavers","floor":23,"turns":2}],"seed_played":"-606733294579316194","potions_obtained":[{"floor":6,"key":"Ancient Potion"},{"floor":13,"key":"FearPotion"},{"floor":14,"key":"Dexterity Potion"},{"floor":16,"key":"LiquidBronze"},{"floor":17,"key":"LiquidBronze"}],"is_trial":false,"path_per_floor":["M","?","M","?","?","E","M","$","T","E","?","R","M","E","R","B",null,"M","M","$","?","M","E"],"character_chosen":"THE_SILENT","items_purchased":["Shuriken","Heel Hook","Deflect","SpeedPotion","Footwork","Adrenaline"],"campfire_rested":2,"item_purchase_floors":[8,8,8,8,20,20],"current_hp_per_floor":[59,33,33,22,22,22,19,19,19,10,10,29,26,24,43,3,55,40,39,39,39,17,0],"gold":30,"neow_bonus":"THREE_ENEMY_KILL","is_prod":false,"is_daily":false,"chose_seed":false,"campfire_upgraded":0,"win_rate":0,"timestamp":1556148743,"path_taken":["M","?","M","?","?","E","?","?","T","E","?","R","M","E","R","BOSS","M","M","$","?","?","E"],"build_version":"2019-01-23","purchased_purges":1,"victory":false,"max_hp_per_floor":[66,66,66,66,66,66,66,66,66,66,66,66,66,66,66,66,71,71,71,71,71,71,71],"card_choices":[{"not_picked":["Flying Knee","Caltrops"],"picked":"Footwork","floor":1},{"not_picked":["Blade Dance","Deflect"],"picked":"Dagger Spray","floor":3},{"not_picked":["Blur","Dodge and Roll"],"picked":"Flying Knee","floor":6},{"not_picked":["Blade Dance","Bane"],"picked":"Poisoned Stab","floor":7},{"not_picked":["Dagger Spray","Escape Plan"],"picked":"Slice","floor":10},{"not_picked":["Choke","Prepared"],"picked":"Corpse Explosion","floor":12},{"not_picked":["Flechettes","Blade Dance"],"picked":"Leg Sweep","floor":13},{"not_picked":["Eviscerate","Acrobatics"],"picked":"Die Die Die","floor":14},{"not_picked":["Escape Plan","Masterful Stab"],"picked":"Infinite Blades","floor":15},{"not_picked":["Phantasmal Killer","Doppelganger"],"picked":"Envenom","floor":16},{"not_picked":["Sucker Punch","Slice"],"picked":"Backflip","floor":17},{"not_picked":["Deflect","Bane"],"picked":"Backstab+1","floor":18},{"not_picked":["Slice","Prepared+1"],"picked":"Well Laid Plans+1","floor":19},{"not_picked":["Quick Slash","Phantasmal Killer","Dagger Spray"],"picked":"SKIP","floor":22}],"player_experience":3492315,"relics_obtained":[{"floor":6,"key":"Old Coin"},{"floor":9,"key":"Dream Catcher"},{"floor":10,"key":"Lantern"},{"floor":14,"key":"PreservedInsect"}],"event_choices":[{"damage_healed":0,"gold_gain":0,"player_choice":"Success","damage_taken":26,"relics_obtained":["Bronze Scales"],"max_hp_gain":0,"max_hp_loss":0,"event_name":"Scrap Ooze","floor":2,"gold_loss":0},{"damage_healed":0,"gold_gain":75,"player_choice":"Gather Gold","damage_taken":11,"max_hp_gain":0,"max_hp_loss":0,"event_name":"World of Goop","floor":4,"gold_loss":0},{"damage_healed":0,"gold_gain":0,"player_choice":"Upgraded","damage_taken":0,"max_hp_gain":0,"max_hp_loss":0,"event_name":"Upgrade Shrine","floor":5,"gold_loss":0,"cards_upgraded":["Neutralize"]},{"damage_healed":0,"gold_gain":0,"player_choice":"Grow","damage_taken":0,"max_hp_gain":0,"max_hp_loss":0,"event_name":"Living Wall","floor":11,"gold_loss":0,"cards_upgraded":["Footwork"]},{"damage_healed":0,"gold_gain":0,"player_choice":"Trade","damage_taken":0,"relics_obtained":["CultistMask"],"max_hp_gain":0,"max_hp_loss":0,"event_name":"FaceTrader","floor":21,"gold_loss":0}],"is_beta":false,"boss_relics":[{"not_picked":["Empty Cage","Busted Crown"],"picked":"Tiny House"}],"items_purged_floors":[8],"is_endless":false,"potions_floor_spawned":[6,13,14,16,19,22],"killed_by":"Slavers","ascension_level":20}