{"gold_per_floor":[216,216,291,291,311,311,326,326,349,361,385,412,438,39,39,140,140,151,31,31,47,63,94,94,43,43,57,70,85,85,100,100,202,202,218,218,22,22,22,22,35,63,63,63],"floor_reached":44,"playtime":2802,"items_purged":["Strike_G"],"score":475,"play_id":"e3fb05be-3008-4cd6-9605-72fc525acc23","local_time":"20190702221256","is_ascension_mode":false,"campfire_choices":[{"data":"Neutralize","floor":6,"key":"SMITH"},{"data":"Cloak And Dagger","floor":8,"key":"SMITH"},{"data":"Skewer","floor":10,"key":"SMITH"},{"floor":15,"key":"REST"},{"floor":24,"key":"REST"},{"floor":30,"key":"REST"},{"floor":32,"key":"REST"},{"data":"Noxious Fumes","floor":40,"key":"SMITH"}],"neow_cost":"NONE","seed_source_timestamp":1718449914235224,"circlet_count":0,"master_deck":["Strike_G","Strike_G+1","Strike_G+1","Defend_G","Defend_G","Defend_G","Defend_G","Defend_G","Survivor","Neutralize+1","Skewer+1","Blade Dance","Cloak And Dagger+1","PiercingWail","Escape Plan","Caltrops","Catalyst","Die Die Die","Noxious Fumes+1","Backflip","Dash","Flying Knee+1","Noxious Fumes","PiercingWail","Cloak And Dagger+1","Poisoned Stab+1","Crippling Poison+1","PiercingWail","Dash","Burst","After Image","Acrobatics+1","Backflip","Bandage Up","Bouncing Flask+1","Infinite Blades+1"],"relics":["Ring of the Snake","MawBank","Anchor","Orrery","Bag of Preparation","Shuriken","Sozu","Omamori","Centennial Puzzle","Meat on the Bone"],"potions_floor_usage":[12,16,21,23,23,28,33,33],"damage_taken":[{"damage":0,"enemies":"Small Slimes","floor":1,"turns":5},{"damage":0,"enemies":"2 Louse","floor":5,"turns":3},{"damage":4,"enemies":"Cultist","floor":7,"turns":3},{"damage":9,"enemies":"Blue Slaver","floor":11,"turns":3},{"damage":5,"enemies":"Gremlin Gang","floor":12,"turns":3},{"damage":0,"enemies":"Exordium Wildlife","floor":13,"turns":3},{"damage":7,"enemies":"The Guardian","floor":16,"turns":13},{"damage":1,"enemies":"Shell Parasite","floor":18,"turns":8},{"damage":28,"enemies":"Chosen","floor":21,"turns":6},{"damage":14,"enemies":"Snecko","floor":22,"turns":6},{"damage":7,"enemies":"Gremlin Leader","floor":23,"turns":7},{"damage":2,"enemies":"Snake Plant","floor":27,"turns":5},{"damage":10,"enemies":"Shelled Parasite and Fungi","floor":28,"turns":5},{"damage":9,"enemies":"Centurion and Healer","floor":29,"turns":7},{"damage":10,"enemies":"Cultist and Chosen","floor":31,"turns":5},{"damage":66,"enemies":"Champ","floor":33,"turns":12},{"damage":12,"enemies":"3 Darklings","floor":35,"turns":6},{"damage":0,"enemies":"3 Shapes","floor":41,"turns":3},{"damage":44,"enemies":"Giant Head","floor":42,"turns":8},{"damage":32,"enemies":"Spire Growth","floor":44,"turns":3}],"seed_played":"-2267889992415423362","potions_obtained":[{"floor":5,"key":"SteroidPotion"},{"floor":7,"key":"Poison Potion"},{"floor":16,"key":"SkillPotion"},{"floor":18,"key":"Energy Potion"},{"floor":23,"key":"Energy Potion"},{"floor":31,"key":"Regen Potion"},{"floor":33,"key":"Explosive Potion"}],"is_trial":false,"path_per_floor":["M","?","?","?","M","R","M","R","T","R","M","M","M","$","R","B",null,"M","$","?","M","M","E","R","$","T","M","M","M","R","M","R","B",null,"M","?","$","?","?","R","M","E","T","M"],"character_chosen":"THE_SILENT","items_purchased":["Caltrops","Anchor","Fire Potion","Catalyst","Noxious Fumes","PiercingWail","Block Potion","Omamori","Backflip"],"campfire_rested":4,"item_purchase_floors":[14,14,14,14,19,19,25,37,37],"current_hp_per_floor":[70,56,45,45,45,45,41,41,41,41,32,27,27,27,48,41,70,69,69,69,41,27,20,41,41,41,39,29,20,41,31,52,1,70,58,58,58,58,58,58,62,22,22,0],"gold":63,"neow_bonus":"HUNDRED_GOLD","is_prod":false,"is_daily":false,"chose_seed":false,"campfire_upgraded":4,"win_rate":0,"timestamp":1562119976,"path_taken":["M","?","?","?","M","R","?","R","T","R","M","M","M","$","R","BOSS","M","$","?","M","M","E","R","$","T","?","M","?","R","M","R","BOSS","M","?","$","?","?","R","?","E","T","?"],"build_version":"2019-07-01","purchased_purges":1,"victory":false,"max_hp_per_floor":[70,70,70,70,70,70,70,70,70,70,70,70,70,70,70,70,70,70,70,70,70,70,70,70,70,70,70,70,70,70,70,70,70,70,70,70,70,70,70,70,70,70,70,70],"card_choices":[{"not_picked":["Deflect","Reflex"],"picked":"Skewer","floor":1},{"not_picked":["Underhanded Strike","Accuracy"],"picked":"Blade Dance","floor":5},{"not_picked":["Heel Hook","Concentrate"],"picked":"Cloak And Dagger","floor":7},{"not_picked":["Dagger Throw","Grand Finale"],"picked":"PiercingWail","floor":11},{"not_picked":["Dagger Spray","Masterful Stab"],"picked":"Escape Plan","floor":12},{"not_picked":["Flying Knee","Underhanded Strike","Choke"],"picked":"SKIP","floor":13},{"not_picked":["Wraith Form v2","Adrenaline"],"picked":"Die Die Die","floor":16},{"not_picked":["Doppelganger","PiercingWail"],"picked":"Noxious Fumes","floor":17},{"not_picked":["Acrobatics","PiercingWail"],"picked":"Backflip","floor":17},{"not_picked":["Dagger Spray","Prepared"],"picked":"Blur","floor":17},{"not_picked":["Cloak And Dagger","Dodge and Roll"],"picked":"Dash","floor":17},{"not_picked":["Sucker Punch","Flechettes"],"picked":"Flying Knee+1","floor":18},{"not_picked":["Flechettes+1","Poisoned Stab","Deflect"],"picked":"SKIP","floor":21},{"not_picked":["Dagger Throw+1","Flying Knee"],"picked":"Cloak And Dagger+1","floor":22},{"not_picked":["Storm of Steel","Sucker Punch+1"],"picked":"Poisoned Stab+1","floor":23},{"not_picked":["Leg Sweep","Expertise"],"picked":"Crippling Poison+1","floor":27},{"not_picked":["Dagger Spray","Deflect"],"picked":"PiercingWail","floor":28},{"not_picked":["PiercingWail","Outmaneuver"],"picked":"Dash","floor":29},{"not_picked":["Caltrops","Tactician+1"],"picked":"Burst","floor":31},{"not_picked":["Glass Knife","Doppelganger"],"picked":"After Image","floor":33},{"not_picked":["Dagger Spray+1","Dagger Throw+1"],"picked":"Acrobatics+1","floor":35},{"not_picked":["Enlightenment","Jack Of All Trades"],"picked":"Bandage Up","floor":38},{"not_picked":["Escape Plan+1","Prepared+1"],"picked":"Bouncing Flask+1","floor":41},{"not_picked":["Choke","Prepared"],"picked":"Infinite Blades+1","floor":42}],"player_experience":3880937,"relics_obtained":[{"floor":9,"key":"MawBank"},{"floor":23,"key":"Bag of Preparation"},{"floor":26,"key":"Shuriken"},{"floor":42,"key":"Centennial Puzzle"},{"floor":43,"key":"Meat on the Bone"}],"event_choices":[{"damage_healed":0,"gold_gain":0,"player_choice":"Entered Light","damage_taken":14,"max_hp_gain":0,"max_hp_loss":0,"event_name":"Shining Light","floor":2,"gold_loss":0,"cards_upgraded":["Strike_G","Strike_G"]},{"damage_healed":0,"gold_gain":75,"player_choice":"Gather Gold","damage_taken":11,"max_hp_gain":0,"max_hp_loss":0,"event_name":"World of Goop","floor":3,"gold_loss":0},{"cards_removed":["Strike_G"],"damage_healed":0,"gold_gain":0,"player_choice":"Purged","damage_taken":0,"max_hp_gain":0,"max_hp_loss":0,"event_name":"Purifier","floor":4,"gold_loss":0},{"damage_healed":0,"gold_gain":0,"player_choice":"0 cards matched","damage_taken":0,"max_hp_gain":0,"max_hp_loss":0,"event_name":"Match and Keep!","floor":20,"gold_loss":0,"cards_obtained":[]},{"damage_healed":0,"gold_gain":0,"player_choice":"Ignored","damage_taken":0,"max_hp_gain":0,"max_hp_loss":0,"event_name":"Mysterious Sphere","floor":36,"gold_loss":0},{"damage_healed":0,"gold_gain":0,"player_choice":"Memory 1","damage_taken":0,"max_hp_gain":0,"max_hp_loss":0,"event_name":"SensoryStone","floor":38,"gold_loss":0},{"cards_removed":["Blur"],"damage_healed":0,"gold_gain":0,"player_choice":"Removed Skill","damage_taken":0,"max_hp_gain":0,"max_hp_loss":0,"event_name":"Falling","floor":39,"gold_loss":0}],"is_beta":false,"boss_relics":[{"not_picked":["Runic Dome","Ring of the Serpent"],"picked":"Orrery"},{"not_picked":["HoveringKite","Empty Cage"],"picked":"Sozu"}],"items_purged_floors":[14],"is_endless":false,"potions_floor_spawned":[5,7,16,18,23,31,33,35],"killed_by":"Spire Growth","ascension_level":0}