{"gold_per_floor":[111,134,150,34,34,34,60,60,84,112,131,141,141,141,141,141],"floor_reached":16,"playtime":527,"items_purged":[],"score":213,"play_id":"99e4efd6-3bd0-487b-ad9e-89c64bb6141d","local_time":"20190130205605","is_ascension_mode":true,"campfire_choices":[{"data":"Tempest","floor":6,"key":"SMITH"},{"data":"Zap","floor":8,"key":"SMITH"},{"data":"Loop","floor":13,"key":"SMITH"},{"data":"Barrage","floor":15,"key":"SMITH"}],"neow_cost":"NONE","seed_source_timestamp":84356854260432,"circlet_count":0,"master_deck":["AscendersBane","Strike_B+1","Strike_B","Strike_B+1","Strike_B","Defend_B","Defend_B","Defend_B","Defend_B","Zap+1","Dualcast","Tempest+1","Sweeping Beam","Melter","Barrage+1","Loop+1"],"relics":["Cracked Core","NeowsBlessing","Whetstone","Tiny Chest","Question Card","Gremlin Horn","Omamori","Blue Candle"],"potions_floor_usage":[12,16,16],"damage_taken":[{"damage":0,"enemies":"Cultist","floor":1,"turns":1},{"damage":0,"enemies":"Jaw Worm","floor":3,"turns":1},{"damage":0,"enemies":"Lagavulin","floor":7,"turns":2},{"damage":20,"enemies":"Gremlin Nob","floor":10,"turns":3},{"damage":7,"enemies":"Small Slimes","floor":11,"turns":3},{"damage":10,"enemies":"Exordium Thugs","floor":12,"turns":3},{"damage":33,"enemies":"The Guardian","floor":16,"turns":8}],"seed_played":"3141620612139972846","potions_obtained":[{"floor":1,"key":"Dexterity Potion"},{"floor":11,"key":"AttackPotion"},{"floor":12,"key":"AttackPotion"}],"is_trial":false,"path_per_floor":["M","T","M","$","T","R","E","R","T","E","M","M","R","?","R","B"],"character_chosen":"DEFECT","items_purchased":["Tiny Chest"],"campfire_rested":0,"item_purchase_floors":[4],"current_hp_per_floor":[68,68,68,68,68,68,68,68,68,48,41,31,31,31,31,0],"gold":141,"neow_bonus":"THREE_ENEMY_KILL","is_prod":false,"is_daily":false,"chose_seed":false,"campfire_upgraded":4,"win_rate":0,"timestamp":1548899765,"path_taken":["M","?","?","$","?","R","E","R","T","E","?","M","R","?","R","BOSS"],"build_version":"2019-01-23","purchased_purges":0,"victory":false,"max_hp_per_floor":[75,75,75,75,75,75,75,75,75,75,75,75,75,75,75,75],"card_choices":[{"not_picked":["Chill","Heatsinks"],"picked":"Tempest","floor":1},{"not_picked":["Loop","Leap"],"picked":"Sweeping Beam","floor":3},{"not_picked":["All For One","Redo","Hello World"],"picked":"Melter","floor":7},{"not_picked":["Steam Power","Force Field","Compile Driver","Redo"],"picked":"SKIP","floor":10},{"not_picked":["Ball Lightning","Beam Cell","Redo"],"picked":"Barrage","floor":11},{"not_picked":["Rebound","Turbo","Hello World"],"picked":"Loop","floor":12}],"player_experience":3013859,"relics_obtained":[{"floor":2,"key":"Whetstone"},{"floor":5,"key":"Question Card"},{"floor":7,"key":"Gremlin Horn"},{"floor":9,"key":"Omamori"},{"floor":10,"key":"Blue Candle"}],"event_choices":[{"damage_healed":0,"gold_gain":0,"player_choice":"Ignored","damage_taken":0,"max_hp_gain":0,"max_hp_loss":0,"event_name":"WeMeetAgain","floor":14,"gold_loss":0}],"is_beta":false,"boss_relics":[],"items_purged_floors":[],"is_endless":false,"potions_floor_spawned":[1,11,12],"killed_by":"The Guardian","ascension_level":12}