{"gold_per_floor":[219,232,12,25,25,25,50,50,73,89,89,89,102,135,135,237,237,255,238,65,65,75,100,100,118,118,138,138,153,185,214,214,313,313,327,341,341,563,575,604,604,636,713,713,723,758,161,178,178,178],"floor_reached":51,"playtime":2606,"items_purged":["Strike_G"],"score":912,"play_id":"2187ab2b-f62b-4e4e-b755-0faa41bb2604","local_time":"20190618155937","is_ascension_mode":false,"campfire_choices":[{"data":"Wraith Form v2","floor":6,"key":"SMITH"},{"data":"Footwork","floor":8,"key":"SMITH"},{"data":"Catalyst","floor":15,"key":"SMITH"},{"data":"Well Laid Plans","floor":24,"key":"SMITH"},{"data":"Footwork","floor":28,"key":"SMITH"},{"data":"Catalyst","floor":32,"key":"SMITH"},{"data":"Neutralize","floor":41,"key":"SMITH"},{"data":"Night Terror","floor":44,"key":"SMITH"},{"floor":49,"key":"REST"}],"neow_cost":"NONE","seed_source_timestamp":486634159949337,"circlet_count":0,"master_deck":["Defend_G","Defend_G+1","Defend_G","Defend_G","Defend_G","Strike_G+1","Strike_G","Strike_G","Survivor","Neutralize+1","Dash","Dash","Footwork+1","Deadly Poison","Wraith Form v2+1","Sucker Punch","Crippling Poison+1","Catalyst+1","Night Terror+1","After Image","Footwork+1","Acrobatics+1","Well Laid Plans+1","PiercingWail","Poisoned Stab+1","Catalyst+1","Backstab+1","Deadly Poison+1","Die Die Die+1","Deflect+1","Catalyst+1","Bane+1","Corpse Explosion+1","Flying Knee+1","Deadly Poison+1","Footwork+1","After Image","Setup+1","PiercingWail+1","PiercingWail","The Bomb","Predator+1"],"relics":["Ring of the Snake","Juzu Bracelet","Boot","Bronze Scales","Molten Egg 2","Eternal Feather","Pen Nib","Du-Vu Doll","Red Mask","StoneCalendar","Sozu","Centennial Puzzle","PreservedInsect","War Paint","Ancient Tea Set","Anchor"],"potions_floor_usage":[7,14,14,16,23,23,31,31,33],"damage_taken":[{"damage":3,"enemies":"Small Slimes","floor":1,"turns":4},{"damage":0,"enemies":"Jaw Worm","floor":2,"turns":4},{"damage":0,"enemies":"2 Louse","floor":4,"turns":3},{"damage":11,"enemies":"Lagavulin","floor":7,"turns":6},{"damage":2,"enemies":"Exordium Thugs","floor":10,"turns":6},{"damage":9,"enemies":"Red Slaver","floor":13,"turns":4},{"damage":11,"enemies":"Gremlin Nob","floor":14,"turns":5},{"damage":13,"enemies":"Hexaghost","floor":16,"turns":10},{"damage":1,"enemies":"Shell Parasite","floor":18,"turns":5},{"damage":2,"enemies":"2 Thieves","floor":19,"turns":4},{"damage":2,"enemies":"Snake Plant","floor":22,"turns":4},{"damage":31,"enemies":"Slavers","floor":23,"turns":7},{"damage":12,"enemies":"Shelled Parasite and Fungi","floor":25,"turns":5},{"damage":12,"enemies":"Chosen and Byrds","floor":27,"turns":5},{"damage":14,"enemies":"Snake Plant","floor":29,"turns":4},{"damage":0,"enemies":"Masked Bandits","floor":30,"turns":2},{"damage":0,"enemies":"Gremlin Leader","floor":31,"turns":3},{"damage":23,"enemies":"Automaton","floor":33,"turns":8},{"damage":5,"enemies":"3 Shapes","floor":35,"turns":3},{"damage":7,"enemies":"Orb Walker","floor":36,"turns":2},{"damage":7,"enemies":"Jaw Worm Horde","floor":39,"turns":4},{"damage":0,"enemies":"Giant Head","floor":40,"turns":6},{"damage":26,"enemies":"Reptomancer","floor":42,"turns":4},{"damage":17,"enemies":"Spire Growth","floor":45,"turns":5},{"damage":1,"enemies":"Giant Head","floor":46,"turns":3},{"damage":16,"enemies":"Writhing Mass","floor":48,"turns":3},{"damage":23,"enemies":"Time Eater","floor":50,"turns":4}],"seed_played":"-5976763912210492031","potions_obtained":[{"floor":2,"key":"Poison Potion"},{"floor":10,"key":"Strength Potion"},{"floor":13,"key":"SpeedPotion"},{"floor":14,"key":"EssenceOfSteel"},{"floor":18,"key":"Poison Potion"},{"floor":19,"key":"SpeedPotion"},{"floor":22,"key":"Dexterity Potion"},{"floor":29,"key":"EssenceOfSteel"},{"floor":30,"key":"Poison Potion"}],"is_trial":false,"path_per_floor":["M","M","$","M","?","R","E","R","T","M","?","?","M","E","R","B",null,"M","M","$","?","M","E","R","M","T","M","R","M","?","E","R","B",null,"M","M","?","?","M","E","R","E","T","R","M","E","$","M","R","B",null],"character_chosen":"THE_SILENT","items_purchased":["Footwork","Juzu Bracelet","Well Laid Plans","PiercingWail","Poisoned Stab+1","Ancient Tea Set","Anchor","PiercingWail","The Bomb"],"campfire_rested":1,"item_purchase_floors":[3,3,20,20,20,47,47,47,47],"current_hp_per_floor":[67,67,67,67,67,67,56,56,56,54,59,44,35,24,24,11,75,74,72,72,72,70,39,54,42,42,30,48,34,34,34,52,29,75,70,63,63,63,56,56,75,49,49,70,53,52,52,36,75,52],"gold":178,"neow_bonus":"HUNDRED_GOLD","is_prod":false,"is_daily":false,"chose_seed":false,"campfire_upgraded":8,"win_rate":0,"timestamp":1560887977,"path_taken":["M","M","$","M","?","R","E","R","T","M","?","?","M","E","R","BOSS","M","M","$","?","M","E","R","M","T","M","R","M","?","E","R","BOSS","M","M","?","?","M","E","R","E","T","R","M","E","$","M","R","BOSS"],"build_version":"2019-01-23","purchased_purges":1,"victory":true,"max_hp_per_floor":[70,70,70,70,70,70,70,70,70,70,75,75,75,75,75,75,75,75,75,75,75,75,75,75,75,75,75,75,75,75,75,75,75,75,75,75,75,75,75,75,75,75,75,75,75,75,75,75,75,75],"card_choices":[{"not_picked":["Prepared","Blur"],"picked":"Dash","floor":1},{"not_picked":["Infinite Blades","Underhanded Strike"],"picked":"Dash","floor":2},{"not_picked":["Dodge and Roll","Distraction"],"picked":"Deadly Poison","floor":4},{"not_picked":["Caltrops","Phantasmal Killer"],"picked":"Sucker Punch","floor":7},{"not_picked":["Bane","Blade Dance"],"picked":"Crippling Poison","floor":10},{"not_picked":["Underhanded Strike","Caltrops"],"picked":"Catalyst","floor":13},{"not_picked":["Backflip","Blade Dance"],"picked":"Night Terror","floor":14},{"not_picked":["Venomology","Tools of the Trade"],"picked":"After Image","floor":16},{"not_picked":["Dodge and Roll","Predator+1"],"picked":"Footwork","floor":18},{"not_picked":["Sucker Punch+1","Underhanded Strike+1"],"picked":"Acrobatics+1","floor":19},{"not_picked":["Blade Dance","Poisoned Stab+1"],"picked":"Backstab+1","floor":22},{"not_picked":["Setup","Outmaneuver"],"picked":"Deadly Poison+1","floor":23},{"not_picked":["Acrobatics+1","Dagger Throw+1"],"picked":"Die Die Die+1","floor":25},{"not_picked":["Slice+1","Underhanded Strike+1"],"picked":"Deflect+1","floor":27},{"not_picked":["Deflect","Die Die Die+1"],"picked":"Catalyst","floor":29},{"not_picked":["Acrobatics","Dodge and Roll"],"picked":"Bane+1","floor":30},{"not_picked":["Masterful Stab+1","Dagger Throw+1","Cloak And Dagger"],"picked":"SKIP","floor":31},{"not_picked":["Wraith Form v2","Doppelganger"],"picked":"Corpse Explosion","floor":33},{"not_picked":["Underhanded Strike+1","Dagger Spray+1"],"picked":"Flying Knee+1","floor":35},{"not_picked":["Tactician","Acrobatics+1"],"picked":"Deadly Poison+1","floor":36},{"not_picked":["Bane+1","Finisher+1"],"picked":"Footwork+1","floor":39},{"not_picked":["Deadly Poison+1","Sucker Punch+1"],"picked":"After Image","floor":40},{"not_picked":["Deflect","Slice+1"],"picked":"Setup+1","floor":42},{"not_picked":["Setup+1","Distraction+1","Flying Knee+1"],"picked":"SKIP","floor":45},{"not_picked":["Underhanded Strike+1","Slice+1"],"picked":"PiercingWail+1","floor":46},{"not_picked":["Blade Dance","Slice+1"],"picked":"Predator+1","floor":48}],"player_experience":3783135,"relics_obtained":[{"floor":7,"key":"Boot"},{"floor":9,"key":"Bronze Scales"},{"floor":14,"key":"Molten Egg 2"},{"floor":23,"key":"Pen Nib"},{"floor":26,"key":"Du-Vu Doll"},{"floor":30,"key":"Red Mask"},{"floor":31,"key":"StoneCalendar"},{"floor":40,"key":"Centennial Puzzle"},{"floor":42,"key":"PreservedInsect"},{"floor":46,"key":"War Paint"}],"event_choices":[{"damage_healed":0,"gold_gain":0,"cards_transformed":["Strike_G"],"player_choice":"Change","damage_taken":0,"max_hp_gain":0,"max_hp_loss":0,"event_name":"Living Wall","floor":5,"gold_loss":0,"cards_obtained":["Wraith Form v2"]},{"damage_healed":0,"gold_gain":0,"player_choice":"Donut","damage_taken":0,"max_hp_gain":5,"max_hp_loss":0,"event_name":"Big Fish","floor":11,"gold_loss":0},{"damage_healed":0,"gold_gain":0,"player_choice":"Entered Light","damage_taken":15,"max_hp_gain":0,"max_hp_loss":0,"event_name":"Shining Light","floor":12,"gold_loss":0,"cards_upgraded":["Strike_G","Defend_G"]},{"damage_healed":0,"gold_gain":0,"player_choice":"Copied","damage_taken":0,"max_hp_gain":0,"max_hp_loss":0,"event_name":"Duplicator","floor":21,"gold_loss":0,"cards_obtained":["Catalyst"]},{"damage_healed":0,"gold_gain":0,"player_choice":"Fought Bandits","damage_taken":0,"max_hp_gain":0,"max_hp_loss":0,"event_name":"Masked Bandits","floor":30,"gold_loss":0},{"damage_healed":0,"gold_gain":0,"player_choice":"Got Potions","damage_taken":0,"max_hp_gain":0,"max_hp_loss":0,"event_name":"Lab","floor":37,"gold_loss":0},{"damage_healed":0,"gold_gain":222,"player_choice":"Wore Mask","damage_taken":0,"max_hp_gain":0,"max_hp_loss":0,"event_name":"Tomb of Lord Red Mask","floor":38,"gold_loss":0}],"is_beta":false,"boss_relics":[{"not_picked":["WristBlade","Fusion Hammer"],"picked":"Eternal Feather"},{"not_picked":["Cursed Key","Tiny House"],"picked":"Sozu"}],"items_purged_floors":[47],"is_endless":false,"potions_floor_spawned":[2,10,13,14,18,19,22,29,30,35,40,46],"ascension_level":0}