{"gold_per_floor":[116,116,136,136,61,61,90,90,90,50,63,81,81,100,100,173,173,191,191,205,225,225],"floor_reached":22,"playtime":2157,"items_purged":[],"score":326,"play_id":"1765dca4-2538-43a0-9bb6-c0e382594a45","local_time":"20190419173949","is_ascension_mode":true,"campfire_choices":[{"data":"Neutralize","floor":6,"key":"SMITH"},{"data":"Adrenaline","floor":8,"key":"SMITH"},{"floor":13,"key":"REST"},{"data":"Caltrops","floor":15,"key":"SMITH"}],"neow_cost":"NONE","seed_source_timestamp":771017658449406,"circlet_count":0,"master_deck":["AscendersBane","Defend_G","Defend_G","Defend_G","Defend_G","Strike_G","Strike_G","Strike_G","Strike_G","Survivor","Neutralize+1","Adrenaline+1","All Out Attack","PiercingWail","Sucker Punch","Quick Slash","Crippling Poison","Backflip","Caltrops+1","Burst","Dodge and Roll+1","Glass Knife"],"relics":["Ring of the Serpent","Bronze Scales","MawBank","Toxic Egg 2"],"potions_floor_usage":[7],"damage_taken":[{"damage":8,"enemies":"Small Slimes","floor":1,"turns":7},{"damage":1,"enemies":"Jaw Worm","floor":3,"turns":3},{"damage":19,"enemies":"Lagavulin","floor":7,"turns":8},{"damage":0,"enemies":"2 Louse","floor":11,"turns":2},{"damage":11,"enemies":"Exordium Wildlife","floor":12,"turns":3},{"damage":0,"enemies":"Lots of Slimes","floor":14,"turns":2},{"damage":21,"enemies":"Hexaghost","floor":16,"turns":9},{"damage":21,"enemies":"3 Byrds","floor":18,"turns":4},{"damage":5,"enemies":"Shell Parasite","floor":20,"turns":5},{"damage":3,"enemies":"Snake Plant","floor":21,"turns":4},{"damage":32,"enemies":"3 Cultists","floor":22,"turns":4}],"seed_played":"5457243479397170086","potions_obtained":[{"floor":1,"key":"PowerPotion"},{"floor":18,"key":"Explosive Potion"}],"is_trial":false,"path_per_floor":["M","?","M","?","?","R","E","R","T","$","M","M","R","M","R","B",null,"M","?","M","M","M"],"character_chosen":"THE_SILENT","items_purchased":["Quick Slash"],"campfire_rested":1,"item_purchase_floors":[10],"current_hp_per_floor":[51,51,50,55,55,55,36,36,36,36,36,25,46,46,46,25,60,39,39,34,31,0],"gold":225,"neow_bonus":"ONE_RANDOM_RARE_CARD","is_prod":false,"is_daily":false,"chose_seed":false,"campfire_upgraded":3,"win_rate":0,"timestamp":1555717189,"path_taken":["M","?","M","?","?","R","E","R","T","$","M","M","R","M","R","BOSS","M","?","M","?","M"],"build_version":"2019-04-04","purchased_purges":0,"victory":false,"max_hp_per_floor":[66,66,66,71,71,71,71,71,71,71,71,71,71,71,71,71,71,71,71,71,71,71],"card_choices":[{"not_picked":["Riddle With Holes","Deflect","Outmaneuver"],"picked":"SKIP","floor":1},{"not_picked":["Sucker Punch","Quick Slash"],"picked":"PiercingWail","floor":3},{"not_picked":["Blade Dance","Distraction"],"picked":"Sucker Punch","floor":7},{"not_picked":["Prepared","Slice"],"picked":"Crippling Poison","floor":11},{"not_picked":["Leg Sweep","Dodge and Roll"],"picked":"Backflip","floor":12},{"not_picked":["Setup","Dodge and Roll"],"picked":"Caltrops","floor":14},{"not_picked":["Die Die Die","Phantasmal Killer"],"picked":"Burst","floor":16},{"not_picked":["Outmaneuver","Deflect","Slice"],"picked":"SKIP","floor":18},{"not_picked":["Heel Hook","Outmaneuver+1"],"picked":"Dodge and Roll+1","floor":20},{"not_picked":["Dagger Throw","Infinite Blades"],"picked":"Glass Knife","floor":21}],"player_experience":876902,"relics_obtained":[{"floor":7,"key":"Bronze Scales"},{"floor":9,"key":"MawBank"}],"event_choices":[{"damage_healed":0,"gold_gain":0,"cards_transformed":["Defend_G"],"player_choice":"Change","damage_taken":0,"max_hp_gain":0,"max_hp_loss":0,"event_name":"Living Wall","floor":2,"gold_loss":0,"cards_obtained":["All Out Attack"]},{"damage_healed":0,"gold_gain":0,"player_choice":"Donut","damage_taken":0,"max_hp_gain":5,"max_hp_loss":0,"event_name":"Big Fish","floor":4,"gold_loss":0},{"cards_removed":["Strike_G"],"damage_healed":0,"gold_gain":0,"player_choice":"Card Removal","damage_taken":0,"max_hp_gain":0,"max_hp_loss":0,"event_name":"The Cleric","floor":5,"gold_loss":75},{"damage_healed":0,"gold_gain":0,"player_choice":"Gave Potion","damage_taken":0,"relics_obtained":["Toxic Egg 2"],"max_hp_gain":0,"max_hp_loss":0,"event_name":"WeMeetAgain","floor":19,"gold_loss":0}],"is_beta":true,"boss_relics":[{"not_picked":["Snecko Eye","Fusion Hammer"],"picked":"Ring of the Serpent"}],"items_purged_floors":[],"is_endless":false,"potions_floor_spawned":[1,18],"killed_by":"3 Cultists","ascension_level":15}