{"gold_per_floor":[113,113,113,132,132,164,47,47,47,47,47,67,17,27,27,27],"floor_reached":16,"playtime":919,"items_purged":[],"score":98,"play_id":"02f94db2-6d6b-4ba7-8fe8-25befb19d550","local_time":"20190423103819","is_ascension_mode":false,"campfire_choices":[{"data":"Bash","floor":8,"key":"SMITH"},{"data":"Pommel Strike","floor":11,"key":"SMITH"},{"data":"Evolve","floor":15,"key":"SMITH"}],"neow_cost":"NONE","seed_source_timestamp":1178219084317343,"circlet_count":0,"master_deck":["Strike_R","Strike_R","Strike_R","Defend_R+1","Defend_R","Defend_R+1","Defend_R","Bash+1","Pommel Strike+1","Dual Wield+1","Evolve+1","Seeing Red+1"],"relics":["Burning Blood","Toxic Egg 2","Singing Bowl"],"potions_floor_usage":[6,16,16],"damage_taken":[{"damage":8,"enemies":"Jaw Worm","floor":1,"turns":5},{"damage":6,"enemies":"2 Louse","floor":4,"turns":4},{"damage":20,"enemies":"Gremlin Nob","floor":6,"turns":4},{"damage":0,"enemies":"Small Slimes","floor":12,"turns":4},{"damage":16,"enemies":"Blue Slaver","floor":14,"turns":3},{"damage":56,"enemies":"Hexaghost","floor":16,"turns":11}],"seed_played":"-886949124744809826","potions_obtained":[{"floor":4,"key":"AttackPotion"},{"floor":12,"key":"Block Potion"}],"is_trial":false,"path_per_floor":["M","?","?","M","?","E","$","R","T","?","R","M","$","M","R","B"],"character_chosen":"IRONCLAD","items_purchased":["Dual Wield+1","Evolve","Block Potion"],"campfire_rested":0,"item_purchase_floors":[7,7,13],"current_hp_per_floor":[78,62,67,67,67,53,53,53,53,53,53,61,61,51,51,0],"gold":27,"neow_bonus":"REMOVE_CARD","is_prod":false,"is_daily":false,"chose_seed":false,"campfire_upgraded":3,"win_rate":0,"timestamp":1556030299,"path_taken":["M","?","?","M","?","E","$","R","T","?","R","?","?","M","R","BOSS"],"build_version":"2019-01-23","purchased_purges":0,"victory":false,"max_hp_per_floor":[80,80,85,85,85,85,85,85,85,85,85,87,87,87,87,87],"card_choices":[{"not_picked":["Flex","Iron Wave","Armaments"],"picked":"SKIP","floor":1},{"not_picked":["Armaments","Wild Strike"],"picked":"Pommel Strike","floor":4},{"not_picked":["Inflame","Entrench","Immolate"],"picked":"SKIP","floor":6},{"not_picked":["Heavy Blade","Perfected Strike","Spot Weakness+1"],"picked":"Singing Bowl","floor":12},{"not_picked":["Twin Strike","Hemokinesis"],"picked":"Seeing Red+1","floor":14}],"player_experience":3469386,"relics_obtained":[{"floor":6,"key":"Toxic Egg 2"},{"floor":9,"key":"Singing Bowl"}],"event_choices":[{"damage_healed":0,"gold_gain":0,"player_choice":"Entered Light","damage_taken":16,"max_hp_gain":0,"max_hp_loss":0,"event_name":"Shining Light","floor":2,"gold_loss":0,"cards_upgraded":["Defend_R","Defend_R"]},{"damage_healed":0,"gold_gain":0,"player_choice":"Donut","damage_taken":0,"max_hp_gain":5,"max_hp_loss":0,"event_name":"Big Fish","floor":3,"gold_loss":0},{"cards_removed":["Strike_R"],"damage_healed":0,"gold_gain":0,"player_choice":"Forget","damage_taken":0,"max_hp_gain":0,"max_hp_loss":0,"event_name":"Living Wall","floor":5,"gold_loss":0},{"damage_healed":0,"gold_gain":0,"player_choice":"Ignored","damage_taken":0,"max_hp_gain":0,"max_hp_loss":0,"event_name":"Liars Game","floor":10,"gold_loss":0}],"is_beta":false,"boss_relics":[],"items_purged_floors":[],"is_endless":false,"potions_floor_spawned":[4,12],"killed_by":"Hexaghost","ascension_level":0}