{"gold_per_floor":[111,111,111,111,33,33,45,45,69,133,149,149,165,175,175,175],"floor_reached":16,"playtime":896,"items_purged":[],"score":195,"play_id":"0535819f-f726-4904-ba5b-5a1e853ef48e","local_time":"20190707183124","is_ascension_mode":true,"campfire_choices":[{"floor":6,"key":"REST"},{"data":"Blade Dance","floor":8,"key":"SMITH"},{"floor":15,"key":"REST"}],"neow_cost":"NONE","seed_source_timestamp":2071084630826777,"circlet_count":0,"master_deck":["AscendersBane","Strike_G","Strike_G","Strike_G","Strike_G","Strike_G","Defend_G","Defend_G","Defend_G","Defend_G","Defend_G","Survivor","Neutralize+1","Acrobatics","Blade Dance+1","Regret","Well Laid Plans","Tactician","Acrobatics","Grand Finale","Accuracy","Dagger Throw"],"relics":["Ring of the Snake","Question Card","PreservedInsect","Boot","Tiny Chest"],"potions_floor_usage":[10,14,16,16],"damage_taken":[{"damage":6,"enemies":"Small Slimes","floor":1,"turns":5},{"damage":4,"enemies":"Jaw Worm","floor":7,"turns":5},{"damage":10,"enemies":"Lagavulin","floor":10,"turns":5},{"damage":2,"enemies":"2 Louse","floor":11,"turns":2},{"damage":11,"enemies":"Exordium Thugs","floor":13,"turns":6},{"damage":14,"enemies":"Large Slime","floor":14,"turns":8},{"damage":24,"enemies":"The Guardian","floor":16,"turns":9}],"seed_played":"7243856200869822737","potions_obtained":[{"floor":1,"key":"Fire Potion"},{"floor":10,"key":"LiquidBronze"},{"floor":13,"key":"SpeedPotion"},{"floor":14,"key":"GamblersBrew"}],"is_trial":false,"path_per_floor":["M","?","?","?","$","R","M","R","T","E","M","?","M","M","R","B"],"character_chosen":"THE_SILENT","items_purchased":["Well Laid Plans"],"campfire_rested":2,"item_purchase_floors":[5],"current_hp_per_floor":[53,53,53,27,27,46,42,42,42,32,30,30,19,5,24,0],"gold":175,"neow_bonus":"THREE_CARDS","is_prod":false,"is_daily":false,"chose_seed":false,"campfire_upgraded":1,"win_rate":0,"timestamp":1562545884,"path_taken":["M","?","?","?","$","R","M","R","T","E","M","?","?","M","R","BOSS"],"build_version":"2019-07-03","purchased_purges":0,"victory":false,"max_hp_per_floor":[66,66,66,66,66,66,66,66,66,66,66,66,66,66,66,66],"card_choices":[{"not_picked":["Prepared","Distraction"],"picked":"Acrobatics","floor":0},{"not_picked":["Catalyst","Finisher"],"picked":"Blade Dance","floor":1},{"not_picked":["Deadly Poison","Dagger Throw","Distraction"],"picked":"Tactician","floor":7},{"not_picked":["Underhanded Strike","Masterful Stab","Concentrate"],"picked":"Acrobatics","floor":10},{"not_picked":["Acrobatics","Deadly Poison","Poisoned Stab"],"picked":"Grand Finale","floor":11},{"not_picked":["Riddle With Holes","Backstab","Bane"],"picked":"Accuracy","floor":13},{"not_picked":["Distraction","Underhanded Strike","Cloak And Dagger"],"picked":"Dagger Throw","floor":14}],"player_experience":1139487,"relics_obtained":[{"floor":9,"key":"Boot"},{"floor":10,"key":"Tiny Chest"}],"event_choices":[{"damage_healed":0,"gold_gain":0,"player_choice":"Grow","damage_taken":0,"max_hp_gain":0,"max_hp_loss":0,"event_name":"Living Wall","floor":2,"gold_loss":0,"cards_upgraded":["Neutralize"]},{"damage_healed":0,"gold_gain":0,"player_choice":"Box","damage_taken":0,"relics_obtained":["Question Card"],"max_hp_gain":0,"max_hp_loss":0,"event_name":"Big Fish","floor":3,"gold_loss":0,"cards_obtained":["Regret"]},{"damage_healed":0,"gold_gain":0,"player_choice":"Success","damage_taken":26,"relics_obtained":["PreservedInsect"],"max_hp_gain":0,"max_hp_loss":0,"event_name":"Scrap Ooze","floor":4,"gold_loss":0},{"damage_healed":0,"gold_gain":0,"player_choice":"Ignored","damage_taken":0,"max_hp_gain":0,"max_hp_loss":0,"event_name":"Shining Light","floor":12,"gold_loss":0}],"is_beta":true,"boss_relics":[],"items_purged_floors":[],"is_endless":false,"potions_floor_spawned":[1,10,13,14],"killed_by":"The Guardian","ascension_level":19}