{"gold_per_floor":[111,111,111,121,121,155,155,169,194,194,211,241,41,58,58,135,135,155,155,167,192,192,192,192,204,255,255,266,266,286,64,64,64],"floor_reached":33,"playtime":2172,"items_purged":[],"score":571,"play_id":"b8739f09-cfea-45b8-9d25-de2c93a4243d","local_time":"20190708175328","is_ascension_mode":true,"campfire_choices":[{"data":"Neutralize","floor":7,"key":"SMITH"},{"data":"Neutralize","floor":10,"key":"SMITH"},{"data":"Footwork","floor":15,"key":"SMITH"},{"data":"Bullet Time","floor":23,"key":"SMITH"},{"floor":27,"key":"REST"},{"data":"Dodge and Roll","floor":29,"key":"SMITH"},{"data":"Burst","floor":32,"key":"SMITH"}],"neow_cost":"NONE","seed_source_timestamp":2153935617201438,"circlet_count":0,"master_deck":["AscendersBane","Defend_G","Defend_G","Defend_G","Defend_G","Defend_G","Survivor","Neutralize+1","Well Laid Plans","Neutralize+1","Predator","Quick Slash","Infinite Blades","Footwork+1","Dodge and Roll+1","Burst+1","Sadistic Nature","Dagger Throw","Bullet Time+1","Riddle With Holes","Bite","Bite","Bite","Bite","Bite","Dagger Spray","Caltrops","Dodge and Roll","Acrobatics","Dodge and Roll"],"relics":["Ring of the Snake","NeowsBlessing","Bag of Preparation","Orichalcum","Pen Nib","Question Card","Lizard Tail","Red Mask","Nunchaku","Juzu Bracelet","Medical Kit"],"potions_floor_usage":[12,12,21,33,33],"damage_taken":[{"damage":0,"enemies":"Jaw Worm","floor":1,"turns":1},{"damage":0,"enemies":"Cultist","floor":4,"turns":1},{"damage":0,"enemies":"Gremlin Nob","floor":6,"turns":1},{"damage":0,"enemies":"Small Slimes","floor":8,"turns":2},{"damage":0,"enemies":"2 Fungi Beasts","floor":11,"turns":4},{"damage":2,"enemies":"3 Sentries","floor":12,"turns":5},{"damage":0,"enemies":"Looter","floor":14,"turns":4},{"damage":30,"enemies":"Slime Boss","floor":16,"turns":14},{"damage":28,"enemies":"3 Byrds","floor":18,"turns":9},{"damage":10,"enemies":"Chosen","floor":20,"turns":7},{"damage":30,"enemies":"Masked Bandits","floor":21,"turns":6},{"damage":9,"enemies":"Snecko","floor":25,"turns":6},{"damage":16,"enemies":"Snake Plant","floor":28,"turns":6},{"damage":12,"enemies":"Shelled Parasite and Fungi","floor":30,"turns":7},{"damage":164,"enemies":"Champ","floor":33,"turns":24}],"seed_played":"-3729868328772192965","potions_obtained":[{"floor":4,"key":"Energy Potion"},{"floor":6,"key":"Fire Potion"},{"floor":16,"key":"Dexterity Potion"},{"floor":20,"key":"SteroidPotion"},{"floor":28,"key":"GamblersBrew"},{"floor":30,"key":"EssenceOfSteel"}],"is_trial":false,"path_per_floor":["M","?","?","M","?","E","R","M","T","R","M","E","$","M","R","B",null,"M","?","M","?","?","R","T","M","T","R","M","R","M","$","R","B"],"character_chosen":"THE_SILENT","items_purchased":["Sadistic Nature","Medical Kit"],"campfire_rested":1,"item_purchase_floors":[13,31],"current_hp_per_floor":[59,54,54,54,54,54,54,54,54,54,54,52,52,52,52,22,55,27,27,31,15,15,15,15,16,16,29,21,21,21,21,21,0],"gold":64,"neow_bonus":"THREE_ENEMY_KILL","is_prod":false,"is_daily":false,"chose_seed":false,"campfire_upgraded":6,"win_rate":0,"timestamp":1562630008,"path_taken":["M","?","?","?","?","E","R","M","T","R","M","E","$","M","R","BOSS","M","?","M","?","?","R","?","M","T","R","M","R","M","$","R","BOSS"],"build_version":"2019-07-03","purchased_purges":0,"victory":false,"max_hp_per_floor":[66,66,66,66,66,66,66,66,66,66,66,66,66,66,66,66,66,66,46,46,46,46,46,46,46,46,46,46,46,46,46,46,46],"card_choices":[{"not_picked":["Cloak And Dagger","Deflect"],"picked":"Well Laid Plans","floor":1},{"not_picked":["Reflex","Bane"],"picked":"Quick Slash","floor":4},{"not_picked":["Bane","Deflect"],"picked":"Infinite Blades","floor":6},{"not_picked":["Blade Dance","Calculated Gamble"],"picked":"Footwork","floor":8},{"not_picked":["Crippling Poison","Deadly Poison"],"picked":"Dodge and Roll","floor":11},{"not_picked":["Outmaneuver","Noxious Fumes"],"picked":"Burst","floor":12},{"not_picked":["Flying Knee","Quick Slash","Blade Dance"],"picked":"Dagger Throw","floor":14},{"not_picked":["Phantasmal Killer","Wraith Form v2","Die Die Die"],"picked":"Bullet Time","floor":16},{"not_picked":["Prepared","Slice","Endless Agony"],"picked":"Riddle With Holes","floor":18},{"not_picked":["Slice","Tactician","Bane"],"picked":"Dagger Spray","floor":20},{"not_picked":["Blade Dance+1","All Out Attack+1","Dash"],"picked":"Caltrops","floor":21},{"not_picked":["Deadly Poison","PiercingWail","Slice"],"picked":"Dodge and Roll","floor":25},{"not_picked":["Cloak And Dagger","Flying Knee","Dagger Spray"],"picked":"Acrobatics","floor":28},{"not_picked":["Underhanded Strike","Terror","Dodge and Roll","Deadly Poison"],"picked":"SKIP","floor":30},{"not_picked":["Underhanded Strike","Terror","Deadly Poison"],"picked":"Dodge and Roll","floor":30}],"player_experience":1158102,"relics_obtained":[{"floor":6,"key":"Orichalcum"},{"floor":9,"key":"Pen Nib"},{"floor":12,"key":"Question Card"},{"floor":21,"key":"Red Mask"},{"floor":24,"key":"Nunchaku"},{"floor":26,"key":"Juzu Bracelet"}],"event_choices":[{"damage_healed":0,"gold_gain":0,"player_choice":"Success","damage_taken":5,"relics_obtained":["Bag of Preparation"],"max_hp_gain":0,"max_hp_loss":0,"event_name":"Scrap Ooze","floor":2,"gold_loss":0},{"damage_healed":0,"gold_gain":0,"player_choice":"2 cards matched","damage_taken":0,"max_hp_gain":0,"max_hp_loss":0,"event_name":"Match and Keep!","floor":3,"gold_loss":0,"cards_obtained":["Neutralize","Predator"]},{"damage_healed":0,"gold_gain":0,"player_choice":"Leave","damage_taken":0,"max_hp_gain":0,"max_hp_loss":0,"event_name":"The Cleric","floor":5,"gold_loss":0},{"damage_healed":0,"gold_gain":0,"player_choice":"Became a vampire","damage_taken":0,"max_hp_gain":0,"max_hp_loss":20,"event_name":"Vampires","floor":19,"gold_loss":0,"cards_obtained":["Bite","Bite","Bite","Bite","Bite"]},{"damage_healed":0,"gold_gain":0,"player_choice":"Fought Bandits","damage_taken":0,"max_hp_gain":0,"max_hp_loss":0,"event_name":"Masked Bandits","floor":21,"gold_loss":0},{"damage_healed":0,"gold_gain":0,"player_choice":"Ignored","damage_taken":0,"max_hp_gain":0,"max_hp_loss":0,"event_name":"Beggar","floor":22,"gold_loss":0}],"is_beta":true,"boss_relics":[{"not_picked":["White Beast Statue","Runic Dome"],"picked":"Lizard Tail"}],"items_purged_floors":[],"is_endless":false,"potions_floor_spawned":[4,6,11,16,20,28,30],"killed_by":"Champ","ascension_level":19}