{"gold_per_floor":[116,116,126,144,118,118,134,146,146,146,177,197,197,231,231,231],"floor_reached":16,"playtime":1551,"items_purged":[],"score":207,"play_id":"95debffc-2638-434f-ade0-e410ae8dab19","local_time":"20190511140011","is_ascension_mode":true,"campfire_choices":[{"data":"Cloak And Dagger","floor":6,"key":"SMITH"},{"floor":10,"key":"REST"},{"floor":15,"key":"REST"}],"neow_cost":"NONE","seed_source_timestamp":2659315308392296,"circlet_count":0,"master_deck":["AscendersBane","Defend_G","Defend_G","Defend_G","Defend_G","Defend_G","Strike_G","Strike_G","Strike_G","Strike_G","Survivor","Neutralize+1","Caltrops","Prepared","Well Laid Plans","Cloak And Dagger+1","PiercingWail","Choke","Dagger Throw","Envenom","Reflex","Flying Knee"],"relics":["Ring of the Snake","Ninja Scroll","Torii","Meat on the Bone"],"potions_floor_usage":[8,11,14],"damage_taken":[{"damage":7,"enemies":"Small Slimes","floor":1,"turns":4},{"damage":1,"enemies":"Cultist","floor":3,"turns":4},{"damage":0,"enemies":"Jaw Worm","floor":4,"turns":7},{"damage":12,"enemies":"Lots of Slimes","floor":7,"turns":5},{"damage":12,"enemies":"Gremlin Gang","floor":8,"turns":6},{"damage":8,"enemies":"3 Sentries","floor":11,"turns":9},{"damage":6,"enemies":"Red Slaver","floor":12,"turns":3},{"damage":13,"enemies":"Lagavulin","floor":14,"turns":8},{"damage":53,"enemies":"Slime Boss","floor":16,"turns":8}],"seed_played":"-950261099103808729","potions_obtained":[{"floor":1,"key":"Poison Potion"},{"floor":7,"key":"EssenceOfSteel"},{"floor":12,"key":"GamblersBrew"}],"is_trial":false,"path_per_floor":["M","?","M","M","$","R","M","M","T","R","E","M","?","E","R","B"],"character_chosen":"THE_SILENT","items_purchased":["Cloak And Dagger"],"campfire_rested":2,"item_purchase_floors":[5],"current_hp_per_floor":[58,58,57,57,57,57,45,33,33,54,46,40,40,27,48,0],"gold":231,"neow_bonus":"TEN_PERCENT_HP_BONUS","is_prod":false,"is_daily":false,"chose_seed":false,"campfire_upgraded":1,"win_rate":0,"timestamp":1557604811,"path_taken":["M","?","M","M","$","R","?","M","T","R","E","M","?","E","R","BOSS"],"build_version":"2019-05-07","purchased_purges":0,"victory":false,"max_hp_per_floor":[72,72,72,72,72,72,72,72,72,72,72,72,72,72,72,72],"card_choices":[{"not_picked":["Skewer","Slice"],"picked":"Caltrops","floor":1},{"not_picked":["Outmaneuver","Sucker Punch"],"picked":"Prepared","floor":3},{"not_picked":["Heel Hook","Underhanded Strike"],"picked":"Well Laid Plans","floor":4},{"not_picked":["Backstab","Blade Dance"],"picked":"PiercingWail","floor":7},{"not_picked":["Reflex","Terror"],"picked":"Choke","floor":8},{"not_picked":["Riddle With Holes","Blade Dance"],"picked":"Dagger Throw","floor":11},{"not_picked":["Underhanded Strike","Flying Knee"],"picked":"Envenom","floor":12},{"not_picked":["Deadly Poison","Choke"],"picked":"Flying Knee","floor":14}],"player_experience":1006060,"relics_obtained":[{"floor":9,"key":"Ninja Scroll"},{"floor":11,"key":"Torii"},{"floor":14,"key":"Meat on the Bone"}],"event_choices":[{"damage_healed":0,"gold_gain":0,"player_choice":"Upgraded","damage_taken":0,"max_hp_gain":0,"max_hp_loss":0,"event_name":"Upgrade Shrine","floor":2,"gold_loss":0,"cards_upgraded":["Neutralize"]},{"damage_healed":0,"gold_gain":0,"cards_transformed":["Strike_G"],"player_choice":"Transformed","damage_taken":0,"max_hp_gain":0,"max_hp_loss":0,"event_name":"Transmorgrifier","floor":13,"gold_loss":0,"cards_obtained":["Reflex"]}],"is_beta":true,"boss_relics":[],"items_purged_floors":[],"is_endless":false,"potions_floor_spawned":[1,7,12],"killed_by":"Slime Boss","ascension_level":17}