{"gold_per_floor":[212,224,236,15,26,26,26,26,53,99,129,170,182,194,206,292,304,327,439,451,479,504,516,15,48,120,138,152,170,170,170,170,243,243,258,275,82,98,198,198,216,243,266,266,292,292,292,5,5,5],"floor_reached":51,"playtime":4124,"items_purged":["Strike_B"],"score":1385,"play_id":"13808e07-7b9e-4f8b-a2eb-d14441b9c61e","local_time":"20190407105734","is_ascension_mode":true,"campfire_choices":[{"data":"Zap","floor":6,"key":"SMITH"},{"data":"Reinforced Body","floor":8,"key":"SMITH"},{"floor":13,"key":"REST"},{"data":"Conserve Battery","floor":15,"key":"SMITH"},{"floor":23,"key":"REST"},{"data":"Buffer","floor":30,"key":"SMITH"},{"data":"Capacitor","floor":32,"key":"SMITH"},{"floor":40,"key":"DIG"},{"floor":44,"key":"DIG"},{"floor":46,"key":"DIG"},{"floor":49,"key":"DIG"}],"neow_cost":"NONE","seed_source_timestamp":204304947734870,"circlet_count":0,"master_deck":["AscendersBane","Defend_B+1","Defend_B","Defend_B","Defend_B","Zap+1","Dualcast","Stack","Genetic Algorithm+1","Ball Lightning","Reinforced Body+1","Ball Lightning+1","Genetic Algorithm","Conserve Battery+1","Skim","Electrodynamics","Melter+1","Barrage+1","Tempest","Meteor Strike","Buffer+1","Capacitor+1","Doom and Gloom+1","Self Repair","BootSequence","Hyperbeam","Meteor Strike","Echo Form","Defragment","Loop","Echo Form","Defragment"],"relics":["Cracked Core","MawBank","War Paint","Centennial Puzzle","Snecko Eye","Bird Faced Urn","The Courier","Thread and Needle","Pen Nib","Darkstone Periapt","Nuclear Battery","PreservedInsect","Shovel","Smiling Mask","Blood Vial","Bronze Scales","Whetstone","DataDisk","Prayer Wheel","DollysMirror","Strawberry"],"potions_floor_usage":[12,16,33,50,50],"damage_taken":[{"damage":6,"enemies":"Cultist","floor":1,"turns":3},{"damage":2,"enemies":"Jaw Worm","floor":2,"turns":3},{"damage":1,"enemies":"2 Louse","floor":3,"turns":3},{"damage":5,"enemies":"2 Fungi Beasts","floor":5,"turns":3},{"damage":8,"enemies":"Gremlin Nob","floor":10,"turns":4},{"damage":3,"enemies":"Exordium Wildlife","floor":11,"turns":4},{"damage":10,"enemies":"3 Sentries","floor":12,"turns":6},{"damage":21,"enemies":"Slime Boss","floor":16,"turns":8},{"damage":10,"enemies":"Shell Parasite","floor":18,"turns":13},{"damage":13,"enemies":"Colosseum Slavers","floor":19,"turns":3},{"damage":33,"enemies":"Colosseum Nobs","floor":19,"turns":4},{"damage":23,"enemies":"3 Byrds","floor":21,"turns":3},{"damage":14,"enemies":"Centurion and Healer","floor":22,"turns":5},{"damage":0,"enemies":"Gremlin Leader","floor":25,"turns":5},{"damage":0,"enemies":"Snecko","floor":27,"turns":4},{"damage":0,"enemies":"3 Cultists","floor":28,"turns":6},{"damage":0,"enemies":"Centurion and Healer","floor":29,"turns":5},{"damage":31,"enemies":"Champ","floor":33,"turns":10},{"damage":0,"enemies":"Orb Walker","floor":35,"turns":2},{"damage":0,"enemies":"3 Darklings","floor":36,"turns":2},{"damage":0,"enemies":"Jaw Worm Horde","floor":38,"turns":3},{"damage":0,"enemies":"Mind Bloom Boss Battle","floor":39,"turns":6},{"damage":11,"enemies":"Spire Growth","floor":41,"turns":5},{"damage":0,"enemies":"Nemesis","floor":42,"turns":5},{"damage":9,"enemies":"Giant Head","floor":45,"turns":5},{"damage":10,"enemies":"Time Eater","floor":50,"turns":7}],"seed_played":"-838518321528000257","potions_obtained":[{"floor":2,"key":"Energy Potion"},{"floor":18,"key":"SteroidPotion"},{"floor":27,"key":"Weak Potion"},{"floor":28,"key":"Fire Potion"},{"floor":33,"key":"SteroidPotion"},{"floor":35,"key":"AttackPotion"},{"floor":38,"key":"LiquidBronze"}],"is_trial":false,"path_per_floor":["M","M","M","$","M","R","?","R","T","E","M","E","R","?","R","B",null,"M","?","?","M","M","R","$","E","T","M","M","M","R","?","R","B",null,"M","M","$","M","?","R","M","E","T","R","E","R","?","$","R","B",null],"character_chosen":"DEFECT","items_purchased":["Reinforced Body","Fire Potion","Ball Lightning","Meteor Strike","Buffer","Capacitor","Thread and Needle","PreservedInsect","Defragment","DollysMirror","Defragment","PowerPotion"],"campfire_rested":2,"item_purchase_floors":[4,4,4,24,24,24,24,37,37,48,48,48],"current_hp_per_floor":[58,56,55,55,50,50,50,50,50,42,39,29,50,43,43,22,59,49,3,71,49,37,58,58,62,62,66,71,71,71,71,71,47,65,69,71,71,71,71,71,62,71,71,71,71,71,71,71,78,78],"gold":5,"neow_bonus":"HUNDRED_GOLD","is_prod":false,"is_daily":false,"chose_seed":false,"campfire_upgraded":5,"win_rate":0,"timestamp":1554649054,"path_taken":["M","?","M","$","M","R","?","R","T","E","M","E","R","?","R","BOSS","M","?","?","?","M","R","$","E","T","M","M","M","R","?","R","BOSS","M","M","$","M","?","R","M","E","T","R","E","R","?","$","R","BOSS"],"build_version":"2019-01-23","purchased_purges":1,"victory":true,"max_hp_per_floor":[71,71,71,71,71,71,71,71,71,71,71,71,71,71,71,71,71,71,71,71,71,71,71,71,71,71,71,71,71,71,71,71,71,71,71,71,71,71,71,71,71,71,71,71,71,71,71,71,78,78],"card_choices":[{"not_picked":["Coolheaded","Blizzard"],"picked":"Stack","floor":1},{"not_picked":["Steam Power","Leap"],"picked":"Genetic Algorithm","floor":2},{"not_picked":["Conserve Battery","Coolheaded"],"picked":"Ball Lightning","floor":3},{"not_picked":["Melter","Stack"],"picked":"Chill","floor":5},{"not_picked":["Beam Cell","Ball Lightning"],"picked":"Genetic Algorithm","floor":10},{"not_picked":["Rebound","Steam Power"],"picked":"Conserve Battery","floor":11},{"not_picked":["Hologram","Hyperbeam"],"picked":"Skim","floor":12},{"not_picked":["Multi-Cast","Amplify"],"picked":"Electrodynamics","floor":16},{"not_picked":["Turbo","Glacier"],"picked":"Melter+1","floor":18},{"not_picked":["Beam Cell","Recycle"],"picked":"Barrage+1","floor":19},{"not_picked":["Gash","Steam"],"picked":"Tempest","floor":21},{"not_picked":["Skim","Conserve Battery","Leap"],"picked":"SKIP","floor":22},{"not_picked":["Skim","Streamline"],"picked":"Doom and Gloom","floor":25},{"not_picked":["Scrape","Recycle"],"picked":"Self Repair","floor":27},{"not_picked":["Sunder","Compile Driver","Redo"],"picked":"SKIP","floor":28},{"not_picked":["Force Field","Leap"],"picked":"BootSequence","floor":29},{"not_picked":["Machine Learning","Hyperbeam"],"picked":"Echo Form","floor":33},{"not_picked":["Stack","Beam Cell+1","Barrage"],"picked":"SKIP","floor":35},{"not_picked":["Gash+1","Stack","Steam"],"picked":"SKIP","floor":36},{"not_picked":["Coolheaded","Rip and Tear","Lockon"],"picked":"SKIP","floor":38},{"not_picked":["Steam Power","Skim","Rip and Tear+1"],"picked":"SKIP","floor":41},{"not_picked":["Go for the Eyes","Aggregate"],"picked":"Loop","floor":42},{"not_picked":["Fission","Barrage","Gash"],"picked":"SKIP","floor":45}],"player_experience":3311801,"relics_obtained":[{"floor":9,"key":"MawBank"},{"floor":10,"key":"War Paint"},{"floor":12,"key":"Centennial Puzzle"},{"floor":19,"key":"Bird Faced Urn"},{"floor":19,"key":"The Courier"},{"floor":25,"key":"Pen Nib"},{"floor":26,"key":"Darkstone Periapt"},{"floor":39,"key":"Shovel"},{"floor":40,"key":"Smiling Mask"},{"floor":42,"key":"Blood Vial"},{"floor":43,"key":"Bronze Scales"},{"floor":44,"key":"Whetstone"},{"floor":45,"key":"DataDisk"},{"floor":46,"key":"Prayer Wheel"},{"floor":49,"key":"Strawberry"}],"event_choices":[{"damage_healed":0,"gold_gain":0,"player_choice":"Leave","damage_taken":0,"max_hp_gain":0,"max_hp_loss":0,"event_name":"The Cleric","floor":7,"gold_loss":0},{"cards_removed":["Strike_B"],"damage_healed":0,"gold_gain":0,"player_choice":"Card Removal","damage_taken":7,"max_hp_gain":0,"max_hp_loss":0,"event_name":"Golden Wing","floor":14,"gold_loss":0},{"damage_healed":0,"gold_gain":0,"player_choice":"Fight","damage_taken":0,"max_hp_gain":0,"max_hp_loss":0,"event_name":"Colosseum","floor":19,"gold_loss":0},{"damage_healed":0,"gold_gain":0,"player_choice":"Fought Nobs","damage_taken":0,"max_hp_gain":0,"max_hp_loss":0,"event_name":"Colosseum","floor":19,"gold_loss":0},{"cards_removed":["Chill"],"damage_healed":68,"gold_gain":0,"player_choice":"Offered Uncommon","damage_taken":0,"max_hp_gain":0,"max_hp_loss":0,"event_name":"Bonfire Elementals","floor":20,"gold_loss":0},{"damage_healed":0,"gold_gain":0,"cards_transformed":["Strike_B","Strike_B"],"player_choice":"Became Test Subject","damage_taken":0,"max_hp_gain":0,"max_hp_loss":0,"event_name":"Drug Dealer","floor":31,"gold_loss":0,"cards_obtained":["Hyperbeam","Meteor Strike"]},{"damage_healed":0,"gold_gain":0,"player_choice":"Fight","damage_taken":0,"max_hp_gain":0,"max_hp_loss":0,"event_name":"MindBloom","floor":39,"gold_loss":0},{"damage_healed":0,"gold_gain":0,"player_choice":"Ignored","damage_taken":0,"max_hp_gain":0,"max_hp_loss":0,"event_name":"Tomb of Lord Red Mask","floor":47,"gold_loss":0}],"is_beta":false,"boss_relics":[{"not_picked":["Astrolabe","FrozenCore"],"picked":"Snecko Eye"},{"not_picked":["Orrery","Runic Dome"],"picked":"Nuclear Battery"}],"items_purged_floors":[4],"is_endless":false,"potions_floor_spawned":[2,5,11,18,19,27,28,33,35,38,45],"ascension_level":17}