{"gold_per_floor":[111,130,147,147,147,147,165,165,165,165,222,222,222,38,38,142,142,152,40,75,75,174,174,174,206,285,304,304,315,315,315,315,412,412,425,425,435,535,36,68,68,68,68,143,171,393,747,764,764,764],"floor_reached":51,"playtime":2184,"items_purged":["Finisher"],"score":890,"play_id":"0fa040ab-b204-4383-9b36-b9a6926ca611","local_time":"20190512031154","daily_mods":["Specialized","Vintage","Allstar","Time Dilation","Flight"],"is_ascension_mode":false,"campfire_choices":[{"floor":6,"key":"REST"},{"data":"Mind Blast","floor":8,"key":"SMITH"},{"data":"Wraith Form v2","floor":10,"key":"SMITH"},{"data":"Neutralize","floor":12,"key":"SMITH"},{"floor":15,"key":"REST"},{"floor":23,"key":"REST"},{"data":"Demon Form","floor":24,"key":"SMITH"},{"data":"Bouncing Flask","floor":28,"key":"SMITH"},{"data":"Crippling Poison","floor":30,"key":"SMITH"},{"floor":32,"key":"REST"},{"data":"Apotheosis","floor":41,"key":"SMITH"},{"data":"Corpse Explosion","floor":42,"key":"SMITH"},{"data":"Forethought","floor":49,"key":"SMITH"}],"neow_cost":"","seed_source_timestamp":0,"circlet_count":0,"master_deck":["Demon Form+1","Wraith Form v2+1","Echo Form","Defend_G","Defend_G","Defend_G","Defend_G","Defend_G","Strike_G","Strike_G","Strike_G+1","Strike_G","Survivor","Neutralize+1","Finisher","Finisher","Finisher","Thinking Ahead","Mind Blast+1","Forethought+1","PanicButton","Violence+1","Bouncing Flask+1","Noxious Fumes+1","Bullet Time","Well Laid Plans+1","Crippling Poison+1","Footwork+1","Necronomicurse","Corpse Explosion+1","Apotheosis+1","Deflect+1","Cloak And Dagger+1"],"relics":["Ring of the Snake","Thread and Needle","Frozen Egg 2","Potion Belt","Matryoshka","Ice Cream","Vajra","Ornamental Fan","Tiny Chest","Centennial Puzzle","Philosopher\u0027s Stone","Ancient Tea Set","Red Mask","Meat on the Bone","Snake Skull","Bottled Flame","Strawberry","Juzu Bracelet","Necronomicon","Snecko Eye","Mercury Hourglass","PreservedInsect","Calipers","Bird Faced Urn","Boot","Letter Opener","Sundial","Old Coin","Oddly Smooth Stone"],"potions_floor_usage":[25,25,38,50,50,50,50,50],"damage_taken":[{"damage":19,"enemies":"Cultist","floor":1,"turns":5},{"damage":2,"enemies":"Jaw Worm","floor":2,"turns":3},{"damage":1,"enemies":"Small Slimes","floor":3,"turns":4},{"damage":1,"enemies":"2 Fungi Beasts","floor":7,"turns":4},{"damage":1,"enemies":"Lagavulin","floor":11,"turns":5},{"damage":31,"enemies":"Slime Boss","floor":16,"turns":5},{"damage":15,"enemies":"2 Thieves","floor":18,"turns":4},{"damage":7,"enemies":"Masked Bandits","floor":20,"turns":4},{"damage":0,"enemies":"Slavers","floor":25,"turns":5},{"damage":0,"enemies":"Shell Parasite","floor":27,"turns":4},{"damage":7,"enemies":"Centurion and Healer","floor":29,"turns":4},{"damage":16,"enemies":"Automaton","floor":33,"turns":5},{"damage":0,"enemies":"3 Darklings","floor":35,"turns":3},{"damage":4,"enemies":"Orb Walker","floor":37,"turns":2},{"damage":3,"enemies":"Mind Bloom Boss Battle","floor":38,"turns":3},{"damage":0,"enemies":"Reptomancer","floor":40,"turns":5},{"damage":0,"enemies":"Giant Head","floor":45,"turns":6},{"damage":0,"enemies":"2 Orb Walkers","floor":47,"turns":2},{"damage":0,"enemies":"Transient","floor":48,"turns":5},{"damage":27,"enemies":"Time Eater","floor":50,"turns":7}],"seed_played":"1071069892053072974","potions_obtained":[{"floor":2,"key":"EssenceOfSteel"},{"floor":3,"key":"GamblersBrew"},{"floor":11,"key":"Explosive Potion"},{"floor":18,"key":"LiquidBronze"},{"floor":20,"key":"GamblersBrew"},{"floor":25,"key":"GamblersBrew"},{"floor":33,"key":"Ancient Potion"},{"floor":35,"key":"Ancient Potion"},{"floor":48,"key":"Explosive Potion"}],"is_trial":true,"path_per_floor":["M","M","M","?","?","R","M","R","T","R","E","R","?","$","R","B",null,"M","$","?","?","?","R","R","E","T","M","R","M","R","?","R","B",null,"M","?","M","?","$","E","R","R","T","?","E","?","?","M","R","B",null],"character_chosen":"THE_SILENT","items_purchased":["Noxious Fumes+1","Centennial Puzzle","Well Laid Plans+1","Apotheosis","Bird Faced Urn"],"campfire_rested":4,"item_purchase_floors":[14,14,19,39,39],"current_hp_per_floor":[51,49,48,41,23,44,43,43,43,43,42,42,28,28,49,18,70,55,55,48,35,35,57,57,57,57,64,64,57,57,41,65,49,82,82,82,78,75,75,82,82,82,82,74,82,82,82,82,82,62],"gold":764,"neow_bonus":"","is_prod":false,"is_daily":false,"chose_seed":false,"campfire_upgraded":9,"win_rate":0,"timestamp":1557645114,"path_taken":["M","M","?","?","?","R","M","R","T","R","E","R","?","$","R","BOSS","M","$","?","?","?","R","R","E","T","?","R","?","R","?","R","BOSS","M","?","M","?","$","E","R","R","T","?","E","?","?","M","R","BOSS"],"build_version":"2019-01-23","purchased_purges":1,"victory":true,"max_hp_per_floor":[70,70,70,70,70,70,70,70,70,70,70,70,70,70,70,70,70,70,70,70,75,75,75,75,75,75,82,82,82,82,82,82,82,82,82,82,82,82,82,82,82,82,82,82,82,82,82,82,82,82],"card_choices":[{"not_picked":["Calculated Gamble","Acrobatics"],"picked":"Bouncing Flask","floor":11},{"not_picked":["Doppelganger","Venomology"],"picked":"Bullet Time","floor":16},{"not_picked":["Poisoned Stab","Bane+1"],"picked":"Crippling Poison","floor":20},{"not_picked":["Blur","Reflex"],"picked":"Footwork+1","floor":25},{"not_picked":["Venomology","Phantasmal Killer"],"picked":"Corpse Explosion","floor":33},{"not_picked":["Phantasmal Killer","Riddle With Holes+1"],"picked":"Deflect+1","floor":40},{"not_picked":["Dagger Throw+1","Poisoned Stab"],"picked":"Cloak And Dagger+1","floor":45}],"player_experience":3657581,"relics_obtained":[{"floor":1,"key":"Thread and Needle"},{"floor":2,"key":"Frozen Egg 2"},{"floor":3,"key":"Potion Belt"},{"floor":7,"key":"Ice Cream"},{"floor":9,"key":"Vajra"},{"floor":9,"key":"Ornamental Fan"},{"floor":11,"key":"Tiny Chest"},{"floor":18,"key":"Ancient Tea Set"},{"floor":20,"key":"Red Mask"},{"floor":25,"key":"Meat on the Bone"},{"floor":26,"key":"Snake Skull"},{"floor":26,"key":"Bottled Flame"},{"floor":27,"key":"Strawberry"},{"floor":29,"key":"Juzu Bracelet"},{"floor":31,"key":"Necronomicon"},{"floor":35,"key":"Mercury Hourglass"},{"floor":37,"key":"PreservedInsect"},{"floor":38,"key":"Calipers"},{"floor":40,"key":"Boot"},{"floor":43,"key":"Letter Opener"},{"floor":45,"key":"Sundial"},{"floor":47,"key":"Old Coin"},{"floor":48,"key":"Oddly Smooth Stone"}],"event_choices":[{"cards_removed":["Finisher"],"damage_healed":0,"gold_gain":0,"player_choice":"Card Removal","damage_taken":7,"max_hp_gain":0,"max_hp_loss":0,"event_name":"Golden Wing","floor":4,"gold_loss":0},{"damage_healed":0,"gold_gain":0,"player_choice":"Success","damage_taken":18,"relics_obtained":["Matryoshka"],"max_hp_gain":0,"max_hp_loss":0,"event_name":"Scrap Ooze","floor":5,"gold_loss":0},{"damage_healed":0,"gold_gain":0,"player_choice":"Entered Light","damage_taken":14,"max_hp_gain":0,"max_hp_loss":0,"event_name":"Shining Light","floor":13,"gold_loss":0,"cards_upgraded":["Strike_G","Violence"]},{"damage_healed":0,"gold_gain":0,"player_choice":"Fought Bandits","damage_taken":0,"max_hp_gain":0,"max_hp_loss":0,"event_name":"Masked Bandits","floor":20,"gold_loss":0},{"damage_healed":0,"gold_gain":0,"player_choice":"Shed Blood","damage_taken":18,"max_hp_gain":5,"max_hp_loss":0,"event_name":"Forgotten Altar","floor":21,"gold_loss":0},{"damage_healed":0,"gold_gain":99,"player_choice":"Stole From Cult","damage_taken":0,"max_hp_gain":0,"max_hp_loss":0,"event_name":"Nest","floor":22,"gold_loss":0},{"damage_healed":0,"gold_gain":0,"player_choice":"Obtained Book","damage_taken":16,"max_hp_gain":0,"max_hp_loss":0,"event_name":"Cursed Tome","floor":31,"gold_loss":0},{"cards_removed":["Strike_G"],"damage_healed":0,"gold_gain":0,"player_choice":"Removed Attack","damage_taken":0,"max_hp_gain":0,"max_hp_loss":0,"event_name":"Falling","floor":36,"gold_loss":0},{"damage_healed":0,"gold_gain":0,"player_choice":"Fight","damage_taken":0,"max_hp_gain":0,"max_hp_loss":0,"event_name":"MindBloom","floor":38,"gold_loss":0},{"damage_healed":0,"gold_gain":75,"player_choice":"Touch","damage_taken":8,"max_hp_gain":0,"max_hp_loss":0,"event_name":"FaceTrader","floor":44,"gold_loss":0},{"damage_healed":0,"gold_gain":222,"player_choice":"Wore Mask","damage_taken":0,"max_hp_gain":0,"max_hp_loss":0,"event_name":"Tomb of Lord Red Mask","floor":46,"gold_loss":0},{"damage_healed":0,"gold_gain":0,"player_choice":"Fight","damage_taken":0,"max_hp_gain":0,"max_hp_loss":0,"event_name":"Mysterious Sphere","floor":47,"gold_loss":0}],"is_beta":false,"boss_relics":[{"not_picked":["Sozu","WristBlade"],"picked":"Philosopher\u0027s Stone"},{"not_picked":["White Beast Statue","Black Star"],"picked":"Snecko Eye"}],"items_purged_floors":[19],"is_endless":false,"potions_floor_spawned":[2,3,11,18,20,25,33,35,48],"ascension_level":0}