{"gold_per_floor":[111,261,261,274,349,349,364,364,364,40,40,40,40,80,80,80],"floor_reached":16,"playtime":550,"items_purged":[],"score":186,"play_id":"244df65c-f5e9-4034-8ef9-b5d2e7598985","local_time":"20190709010147","is_ascension_mode":true,"campfire_choices":[{"data":"Metamorphosis","floor":6.0,"key":"SMITH"},{"data":"A Thousand Cuts","floor":8.0,"key":"SMITH"},{"floor":15,"key":"REST"}],"neow_cost":"TEN_PERCENT_HP_LOSS","seed_source_timestamp":0,"circlet_count":0,"master_deck":["AscendersBane","Strike_G","Strike_G","Strike_G","Strike_G","Strike_G","Defend_G","Defend_G","Defend_G","Defend_G","Defend_G","Survivor","Neutralize","Transmutation","Metamorphosis+1","Backflip","Blur","A Thousand Cuts+1","Jack Of All Trades","Regret","Injury"],"special_seed":0,"relics":["Ring of the Snake","Spirit Poop","Darkstone Periapt","Strange Spoon","Bag of Marbles","Golden Idol","Bottled Lightning"],"potions_floor_usage":[14],"damage_taken":[{"damage":0.0,"enemies":"Cultist","floor":1.0,"turns":3.0},{"damage":2.0,"enemies":"2 Louse","floor":4.0,"turns":3.0},{"damage":6.0,"enemies":"Small Slimes","floor":7.0,"turns":5.0},{"damage":27,"enemies":"Lagavulin","floor":14,"turns":7},{"damage":47,"enemies":"Hexaghost","floor":16,"turns":9}],"seed_played":"-8157825500003656459","potions_obtained":[{"floor":4.0,"key":"Swift Potion"}],"is_trial":false,"path_per_floor":["M","?","?","M","?","R","M","R","T","$","?","$","?","E","R","B"],"character_chosen":"THE_SILENT","items_purchased":["Strange Spoon","Jack Of All Trades"],"campfire_rested":1,"item_purchase_floors":[10,10],"current_hp_per_floor":[59,59,59,57,46,46,40,40,40,40,46,46,52,25,46,0],"gold":80,"neow_bonus":"RANDOM_COLORLESS_2","is_prod":false,"is_daily":false,"chose_seed":false,"campfire_upgraded":2,"win_rate":0,"timestamp":1562655707,"path_taken":["M","?","?","?","?","R","M","R","T","$","?","?","?","E","R","BOSS"],"build_version":"2019-07-03","purchased_purges":0,"victory":false,"max_hp_per_floor":[60,60,60,60,60,60,60,60,60,60,66,66,72,72,72,72],"card_choices":[{"not_picked":["Acrobatics","Cloak And Dagger"],"picked":"Backflip","floor":1.0},{"not_picked":["Acrobatics","Masterful Stab"],"picked":"Blur","floor":4.0},{"not_picked":["Skewer","Calculated Gamble"],"picked":"A Thousand Cuts","floor":7.0},{"not_picked":["Bane","Blade Dance","Underhanded Strike"],"picked":"SKIP","floor":14}],"player_experience":1160274,"relics_obtained":[{"floor":9.0,"key":"Darkstone Periapt"},{"floor":14,"key":"Bottled Lightning"}],"event_choices":[{"damage_healed":0.0,"max_hp_gain":0.0,"max_hp_loss":0.0,"gold_gain":150.0,"event_name":"Liars Game","player_choice":"AGREE","floor":2.0,"gold_loss":0.0,"damage_taken":0.0,"cards_obtained":["Doubt"]},{"cards_removed":["Doubt"],"damage_healed":0.0,"max_hp_gain":0.0,"max_hp_loss":0.0,"gold_gain":0.0,"event_name":"Bonfire Elementals","player_choice":"Offered Curse","floor":3.0,"gold_loss":0.0,"damage_taken":0.0,"relics_obtained":["Spirit Poop"]},{"damage_healed":0.0,"max_hp_gain":0.0,"max_hp_loss":0.0,"gold_gain":75.0,"event_name":"World of Goop","player_choice":"Gather Gold","floor":5.0,"gold_loss":0.0,"damage_taken":11.0},{"damage_healed":0.0,"max_hp_gain":0.0,"max_hp_loss":0.0,"gold_gain":0.0,"event_name":"Big Fish","player_choice":"Box","floor":11.0,"gold_loss":0.0,"damage_taken":0.0,"relics_obtained":["Bag of Marbles"],"cards_obtained":["Regret"]},{"damage_healed":0.0,"max_hp_gain":0.0,"max_hp_loss":0.0,"gold_gain":0.0,"event_name":"Golden Idol","player_choice":"Take Wound","floor":13.0,"gold_loss":0.0,"damage_taken":0.0,"relics_obtained":["Golden Idol"],"cards_obtained":["Injury"]}],"is_beta":true,"boss_relics":[],"items_purged_floors":[],"is_endless":false,"potions_floor_spawned":[4],"killed_by":"Hexaghost","ascension_level":19}