{"gold_per_floor":[114,129,129,129,144,174,174,189,189,204,14,84,114,157,169,281,293,320,84,114,129,144,474,474,489,489,504,504,534,633,633,633,733,733,748,763,763,763,213,213,243,343,393,408,438,453,468,468,468,468],"floor_reached":51,"playtime":3435,"items_purged":[],"score":930,"play_id":"9df1ec7c-9978-4ba7-8594-d32a3b603571","local_time":"20190526100617","daily_mods":["Insanity","Hoarder","Terminal"],"is_ascension_mode":false,"campfire_choices":[{"data":"Corruption","floor":7.0,"key":"SMITH"},{"data":"Disarm","floor":15.0,"key":"SMITH"},{"floor":24.0,"key":"REST"},{"data":"Disarm","floor":32,"key":"SMITH"},{"data":"Battle Trance","floor":40,"key":"SMITH"},{"data":"Mind Blast","floor":49,"key":"SMITH"}],"neow_cost":"","seed_source_timestamp":0,"circlet_count":0,"master_deck":["Body Slam","Wild Strike","Iron Wave","Cleave","Thunderclap","Disarm+1","Anger","True Grit","Twin Strike","Flex+1","Twin Strike","Feel No Pain","Carnage","Flex","Armaments","Iron Wave","Inflame","Inflame","Shrug It Off","Intimidate","Heavy Blade","Anger","Bloodletting","Wild Strike","Searing Blow","Metallicize","Anger","Carnage","Cleave","Iron Wave","True Grit","Disarm","Uppercut","Iron Wave","Corruption+1","Clash","Iron Wave","Sword Boomerang","Seeing Red+1","Body Slam","Entrench","Sentinel","Armaments","Carnage","True Grit","Pommel Strike","Thunderclap","Pommel Strike","Shrug It Off","Shrug It Off","Shrug It Off","Headbutt","Headbutt","Headbutt","Sever Soul","Sever Soul","Sever Soul","Feel No Pain","Feel No Pain","Feel No Pain","Flame Barrier","Flame Barrier","Flame Barrier","Disarm","Disarm+1","Disarm","Fiend Fire","Fiend Fire","Fiend Fire","Limit Break","Limit Break","Limit Break","Impervious","Impervious","Impervious","Battle Trance+1","Battle Trance","Battle Trance","Disarm","Disarm","Disarm","Shrug It Off+1","Shrug It Off+1","Shrug It Off+1","Clothesline+1","Clothesline+1","Clothesline+1","Mind Blast","Mind Blast","Mind Blast+1"],"special_seed":18041,"relics":["Burning Blood","War Paint","Strawberry","Mercury Hourglass","Kunai","Juzu Bracelet","MawBank","Singing Bowl","Runic Cube","Red Mask","Old Coin","Self Forming Clay","Bronze Scales","Sozu","Ornamental Fan","Happy Flower","Dream Catcher","Prayer Wheel","Anchor","Unceasing Top"],"potions_floor_usage":[33],"damage_taken":[{"damage":0.0,"enemies":"Cultist","floor":1.0,"turns":2.0},{"damage":0.0,"enemies":"Jaw Worm","floor":2.0,"turns":3.0},{"damage":3.0,"enemies":"Small Slimes","floor":5.0,"turns":4.0},{"damage":1.0,"enemies":"Gremlin Nob","floor":6.0,"turns":3.0},{"damage":0.0,"enemies":"2 Fungi Beasts","floor":8.0,"turns":3.0},{"damage":0.0,"enemies":"Large Slime","floor":10.0,"turns":3.0},{"damage":3.0,"enemies":"Lagavulin","floor":13.0,"turns":7.0},{"damage":4.0,"enemies":"Gremlin Nob","floor":14.0,"turns":3.0},{"damage":16.0,"enemies":"Slime Boss","floor":16.0,"turns":8.0},{"damage":5.0,"enemies":"3 Byrds","floor":18.0,"turns":6.0},{"damage":11.0,"enemies":"Masked Bandits","floor":20.0,"turns":4.0},{"damage":11.0,"enemies":"2 Thieves","floor":21.0,"turns":3.0},{"damage":14.0,"enemies":"Centurion and Healer","floor":22.0,"turns":7.0},{"damage":20.0,"enemies":"Gremlin Leader","floor":23.0,"turns":10.0},{"damage":6,"enemies":"Cultist and Chosen","floor":25,"turns":7},{"damage":4,"enemies":"Snake Plant","floor":27,"turns":4},{"damage":24,"enemies":"Slavers","floor":29,"turns":6},{"damage":41,"enemies":"Collector","floor":33,"turns":10},{"damage":4,"enemies":"Orb Walker","floor":35,"turns":3},{"damage":4,"enemies":"3 Darklings","floor":36,"turns":5},{"damage":40,"enemies":"Reptomancer","floor":41,"turns":7},{"damage":3,"enemies":"Mind Bloom Boss Battle","floor":42,"turns":8},{"damage":0,"enemies":"Sphere and 2 Shapes","floor":44,"turns":5},{"damage":6,"enemies":"Giant Head","floor":45,"turns":10},{"damage":0,"enemies":"Writhing Mass","floor":46,"turns":9},{"damage":1,"enemies":"Maw","floor":47,"turns":8},{"damage":11,"enemies":"Awakened One","floor":50,"turns":10}],"seed_played":"-2780156957999969430","potions_obtained":[{"floor":5.0,"key":"SneckoOil"},{"floor":6.0,"key":"Strength Potion"},{"floor":8.0,"key":"SkillPotion"},{"floor":10.0,"key":"FearPotion"},{"floor":20.0,"key":"Block Potion"},{"floor":22.0,"key":"PowerPotion"},{"floor":25,"key":"SmokeBomb"}],"is_trial":false,"path_per_floor":["M","M","?","?","M","E","R","M","T","M","$","?","E","?","R","B",null,"M","$","?","M","M","E","R","M","T","M","?","E","?","?","R","B",null,"M","M","?","?","$","R","E","?","T","M","E","M","M","?","R","B",null],"character_chosen":"IRONCLAD","items_purchased":["Disarm","Juzu Bracelet","Limit Break","Strength Potion","Strength Potion","Battle Trance","Disarm","Ornamental Fan","Happy Flower"],"campfire_rested":1,"item_purchase_floors":[11,11,19,19,19,39,39,39,39],"current_hp_per_floor":[78,77,70,77,80,80,79,78,77,76,75,74,73,74,73,63,71,72,71,68,65,59,47,69,71,71,75,74,58,58,44,44,9,75,76,77,76,71,70,69,37,40,40,48,50,60,69,69,69,64],"gold":468,"neow_bonus":"","is_prod":false,"is_daily":true,"chose_seed":false,"campfire_upgraded":5,"win_rate":0,"timestamp":1558879577,"path_taken":["M","M","?","?","M","E","R","M","T","?","$","?","E","?","R","BOSS","M","$","?","M","M","E","R","M","T","M","?","E","?","?","R","BOSS","M","M","?","?","$","R","E","?","T","M","E","M","M","?","R","BOSS"],"build_version":"2019-01-23","purchased_purges":0,"victory":true,"max_hp_per_floor":[78,77,76,82,81,80,79,78,77,76,75,74,73,74,73,72,71,72,71,72,73,74,75,74,75,74,75,74,75,74,78,77,76,75,76,77,76,71,70,69,70,69,68,69,70,73,76,75,74,73],"card_choices":[{"not_picked":["Flex","Whirlwind"],"picked":"Shrug It Off","floor":1.0},{"not_picked":["Perfected Strike","Warcry","Pommel Strike"],"picked":"SKIP","floor":2.0},{"not_picked":["Havoc","Wild Strike"],"picked":"Headbutt","floor":5.0},{"not_picked":["Rage","Clash"],"picked":"Sever Soul","floor":6.0},{"not_picked":["Armaments","Sword Boomerang"],"picked":"Feel No Pain","floor":8.0},{"not_picked":["True Grit","Armaments"],"picked":"Flame Barrier","floor":10.0},{"not_picked":["True Grit","Anger","Dual Wield"],"picked":"SKIP","floor":13.0},{"not_picked":["Demon Form","Combust","Rage"],"picked":"Singing Bowl","floor":14.0},{"not_picked":["Impervious","Dark Embrace"],"picked":"Fiend Fire","floor":16.0},{"not_picked":["Heavy Blade","Armaments","Blood for Blood+1"],"picked":"Singing Bowl","floor":18.0},{"not_picked":["Whirlwind","Flex","Cleave"],"picked":"Singing Bowl","floor":20.0},{"not_picked":["Headbutt","Flex+1","Iron Wave"],"picked":"Singing Bowl","floor":21.0},{"not_picked":["Immolate","Sever Soul","Iron Wave"],"picked":"Singing Bowl","floor":22.0},{"not_picked":["Havoc","Entrench","Pommel Strike"],"picked":"Singing Bowl","floor":23.0},{"not_picked":["Rupture","True Grit","Pommel Strike"],"picked":"Singing Bowl","floor":25},{"not_picked":["Fire Breathing+1","Berserk","Intimidate+1"],"picked":"Singing Bowl","floor":27},{"not_picked":["Armaments","Body Slam","Second Wind"],"picked":"Singing Bowl","floor":29},{"not_picked":["Brutality","Feed"],"picked":"Impervious","floor":33},{"not_picked":["Armaments","Carnage","Headbutt+1"],"picked":"Singing Bowl","floor":35},{"not_picked":["Clothesline","Hemokinesis+1","Flex+1"],"picked":"Singing Bowl","floor":36},{"not_picked":["Bludgeon","Sever Soul+1","Anger"],"picked":"Singing Bowl","floor":41},{"not_picked":["True Grit+1","Cleave+1"],"picked":"Shrug It Off+1","floor":42},{"not_picked":["Bludgeon","Armaments+1","Flex"],"picked":"Singing Bowl","floor":44},{"not_picked":["Heavy Blade","Iron Wave"],"picked":"Clothesline+1","floor":44},{"not_picked":["Feed","Intimidate","Perfected Strike"],"picked":"Singing Bowl","floor":45},{"not_picked":["Headbutt+1","Thunderclap+1","Twin Strike+1"],"picked":"Singing Bowl","floor":46},{"not_picked":["Shrug It Off+1","Entrench","Clothesline"],"picked":"Singing Bowl","floor":46},{"not_picked":["Headbutt","Fiend Fire","Intimidate"],"picked":"Singing Bowl","floor":47},{"not_picked":["Sword Boomerang","True Grit","Anger"],"picked":"Singing Bowl","floor":47},{"not_picked":["Dramatic Entrance","Jack Of All Trades"],"picked":"Mind Blast","floor":48}],"player_experience":3715590,"relics_obtained":[{"floor":6.0,"key":"Mercury Hourglass"},{"floor":9.0,"key":"Kunai"},{"floor":13.0,"key":"MawBank"},{"floor":14.0,"key":"Singing Bowl"},{"floor":20.0,"key":"Red Mask"},{"floor":23.0,"key":"Old Coin"},{"floor":26,"key":"Self Forming Clay"},{"floor":29,"key":"Bronze Scales"},{"floor":41,"key":"Dream Catcher"},{"floor":42,"key":"Prayer Wheel"},{"floor":43,"key":"Anchor"},{"floor":45,"key":"Unceasing Top"}],"event_choices":[{"damage_healed":0.0,"max_hp_gain":0.0,"max_hp_loss":0.0,"gold_gain":0.0,"event_name":"Scrap Ooze","player_choice":"Success","floor":3.0,"gold_loss":0.0,"damage_taken":7.0,"relics_obtained":["War Paint"]},{"cards_removed":["True Grit"],"damage_healed":0.0,"max_hp_gain":0.0,"max_hp_loss":0.0,"gold_gain":0.0,"event_name":"WeMeetAgain","player_choice":"Gave Card","floor":4.0,"gold_loss":0.0,"damage_taken":0.0,"relics_obtained":["Strawberry"]},{"damage_healed":0.0,"max_hp_gain":0.0,"max_hp_loss":0.0,"gold_gain":70.0,"event_name":"Golden Wing","player_choice":"Gained Gold","floor":12.0,"gold_loss":0.0,"damage_taken":0.0},{"damage_healed":0.0,"max_hp_gain":0.0,"max_hp_loss":0.0,"gold_gain":0.0,"event_name":"Dead Adventurer","player_choice":"Searched \u00272\u0027 times","floor":14.0,"gold_loss":0.0,"damage_taken":0.0},{"damage_healed":0.0,"max_hp_gain":0.0,"max_hp_loss":0.0,"gold_gain":0.0,"event_name":"Masked Bandits","player_choice":"Fought Bandits","floor":20.0,"gold_loss":0.0,"damage_taken":0.0},{"cards_removed":["Dropkick"],"damage_healed":0,"gold_gain":0,"player_choice":"Purged","damage_taken":0,"max_hp_gain":0,"max_hp_loss":0,"event_name":"Purifier","floor":28,"gold_loss":0},{"damage_healed":0,"gold_gain":99,"player_choice":"Stole From Cult","damage_taken":0,"max_hp_gain":0,"max_hp_loss":0,"event_name":"Nest","floor":30,"gold_loss":0},{"damage_healed":0,"gold_gain":0,"player_choice":"Shed Blood","damage_taken":19,"max_hp_gain":5,"max_hp_loss":0,"event_name":"Forgotten Altar","floor":31,"gold_loss":0},{"damage_healed":0,"gold_gain":0,"player_choice":"Ignored","damage_taken":0,"max_hp_gain":0,"max_hp_loss":0,"event_name":"Transmorgrifier","floor":37,"gold_loss":0},{"damage_healed":0,"gold_gain":0,"player_choice":"Max HP","damage_taken":0,"max_hp_gain":0,"max_hp_loss":4,"event_name":"Winding Halls","floor":38,"gold_loss":0},{"damage_healed":0,"gold_gain":0,"player_choice":"Fight","damage_taken":0,"max_hp_gain":0,"max_hp_loss":0,"event_name":"MindBloom","floor":42,"gold_loss":0},{"damage_healed":0,"gold_gain":0,"player_choice":"Memory 1","damage_taken":0,"max_hp_gain":0,"max_hp_loss":0,"event_name":"SensoryStone","floor":48,"gold_loss":0}],"is_beta":false,"boss_relics":[{"not_picked":["Lizard Tail","Philosopher\u0027s Stone"],"picked":"Runic Cube"},{"not_picked":["White Beast Statue","Empty Cage"],"picked":"Sozu"}],"items_purged_floors":[],"is_endless":false,"potions_floor_spawned":[5,6,8,10,20,22,25,41,44,47],"ascension_level":0}