{"gold_per_floor":[18,35,54,73,73,106,106,122,422,36,111,111,124,134,134,234,234,253,270,195,195,208,236,236,261,261,56,67,67,92,108,108,210,210,220,320,332,386,28,28,28,53,123,157,170,180,180,200,200,200],"floor_reached":51,"playtime":5620,"items_purged":["Strike_R","Strike_R"],"score":771,"play_id":"bc4b152c-ee23-4cd5-8204-cb2df45c00ac","local_time":"20190705205814","is_ascension_mode":false,"campfire_choices":[{"data":"Armaments","floor":7,"key":"SMITH"},{"floor":12,"key":"REST"},{"data":"Juggernaut","floor":15,"key":"SMITH"},{"floor":24,"key":"REST"},{"floor":32,"key":"REST"},{"floor":49,"key":"REST"}],"neow_cost":"NO_GOLD","seed_source_timestamp":43135479414477,"circlet_count":0,"master_deck":["Defend_R","Defend_R","Defend_R+1","Defend_R","Transmutation","Panacea","Cleave","Infernal Blade","Body Slam","Body Slam","Armaments+1","Juggernaut+1","Anger","True Grit","Carnage","Disarm","Juggernaut","True Grit+1","Shrug It Off","Headbutt","Shrug It Off","Juggernaut","Metallicize","Power Through","Twin Strike","Bludgeon","Impervious+1","Feed","Entrench+1","Metallicize","Iron Wave+1","Battle Trance","Secret Technique","Dark Shackles","Offering+1","Iron Wave+1","Enlightenment+1"],"relics":["Burning Blood","Pocketwatch","Old Coin","Thread and Needle","Fusion Hammer","Enchiridion","WingedGreaves","Magic Flower","Boot","Kunai","Sozu","Nunchaku","War Paint","Juzu Bracelet","Toxic Egg 2","Ginger"],"potions_floor_usage":[23],"damage_taken":[{"damage":6,"enemies":"Cultist","floor":1,"turns":4},{"damage":0,"enemies":"Small Slimes","floor":2,"turns":3},{"damage":1,"enemies":"2 Louse","floor":3,"turns":3},{"damage":8,"enemies":"Exordium Wildlife","floor":4,"turns":3},{"damage":60,"enemies":"Gremlin Nob","floor":6,"turns":6},{"damage":10,"enemies":"Looter","floor":8,"turns":2},{"damage":12,"enemies":"Exordium Thugs","floor":13,"turns":7},{"damage":10,"enemies":"Exordium Wildlife","floor":14,"turns":3},{"damage":20,"enemies":"Slime Boss","floor":16,"turns":6},{"damage":0,"enemies":"Chosen","floor":18,"turns":3},{"damage":4,"enemies":"3 Byrds","floor":19,"turns":5},{"damage":0,"enemies":"Snecko","floor":22,"turns":4},{"damage":4,"enemies":"Book of Stabbing","floor":23,"turns":6},{"damage":8,"enemies":"Gremlin Leader","floor":25,"turns":5},{"damage":3,"enemies":"3 Cultists","floor":28,"turns":5},{"damage":6,"enemies":"Book of Stabbing","floor":30,"turns":5},{"damage":1,"enemies":"Centurion and Healer","floor":31,"turns":4},{"damage":41,"enemies":"Collector","floor":33,"turns":8},{"damage":4,"enemies":"Orb Walker","floor":35,"turns":3},{"damage":0,"enemies":"Mind Bloom Boss Battle","floor":36,"turns":4},{"damage":8,"enemies":"3 Darklings","floor":37,"turns":5},{"damage":21,"enemies":"Sphere and 2 Shapes","floor":38,"turns":5},{"damage":14,"enemies":"Nemesis","floor":42,"turns":5},{"damage":11,"enemies":"Giant Head","floor":44,"turns":7},{"damage":6,"enemies":"Transient","floor":45,"turns":5},{"damage":8,"enemies":"3 Darklings","floor":46,"turns":5},{"damage":0,"enemies":"4 Shapes","floor":48,"turns":4},{"damage":12,"enemies":"Time Eater","floor":50,"turns":9}],"seed_played":"3799272131956228369","potions_obtained":[{"floor":3,"key":"Ancient Potion"},{"floor":4,"key":"FairyPotion"},{"floor":16,"key":"Weak Potion"},{"floor":25,"key":"Weak Potion"}],"is_trial":false,"path_per_floor":["M","M","M","M","?","E","R","M","T","$","?","R","M","M","R","B",null,"M","M","?","?","M","E","R","E","T","$","M","?","E","M","R","B",null,"M","?","M","M","$","?","$","E","T","E","M","M","?","M","R","B",null],"character_chosen":"IRONCLAD","items_purchased":["True Grit","Thread and Needle","Metallicize","Power Through","Battle Trance","Secret Technique","War Paint"],"campfire_rested":4,"item_purchase_floors":[10,10,27,27,39,39,39],"current_hp_per_floor":[80,80,80,78,78,24,24,20,20,20,9,33,27,23,23,9,80,80,80,80,64,70,72,80,78,78,78,80,80,80,80,80,48,80,80,80,80,71,71,71,71,66,66,64,67,68,68,77,83,85],"gold":200,"neow_bonus":"RANDOM_COLORLESS_2","is_prod":false,"is_daily":false,"chose_seed":false,"campfire_upgraded":2,"win_rate":1,"timestamp":1562353094,"path_taken":["M","M","M","?","?","E","R","M","T","$","?","R","M","M","R","BOSS","M","M","?","?","?","E","R","E","T","$","M","?","E","M","R","BOSS","M","?","M","M","$","?","?","E","T","E","M","M","?","M","R","BOSS"],"build_version":"2019-07-01","purchased_purges":2,"victory":true,"max_hp_per_floor":[80,80,80,80,80,80,80,80,80,80,80,80,80,80,80,80,80,80,80,80,80,80,80,80,80,80,80,80,80,80,80,80,80,80,80,80,80,83,83,83,83,83,83,83,83,83,83,83,83,86],"card_choices":[{"not_picked":["Warcry","Armaments"],"picked":"Cleave","floor":1},{"not_picked":["True Grit","Perfected Strike"],"picked":"Infernal Blade","floor":2},{"not_picked":["Iron Wave","Shrug It Off"],"picked":"Body Slam","floor":3},{"not_picked":["Rampage","Ghostly Armor"],"picked":"Body Slam","floor":4},{"not_picked":["Dark Embrace","True Grit"],"picked":"Juggernaut","floor":6},{"not_picked":["Thunderclap","Flex"],"picked":"Anger","floor":8},{"not_picked":["Sword Boomerang","Perfected Strike"],"picked":"Carnage","floor":13},{"not_picked":["Sword Boomerang","Perfected Strike"],"picked":"Disarm","floor":14},{"not_picked":["Berserk","Feed"],"picked":"Juggernaut","floor":16},{"not_picked":["Clash","Seeing Red"],"picked":"True Grit+1","floor":18},{"not_picked":["Thunderclap","Pummel"],"picked":"Shrug It Off","floor":19},{"not_picked":["Twin Strike","Uppercut"],"picked":"Headbutt","floor":22},{"not_picked":["Heavy Blade","Dark Embrace"],"picked":"Shrug It Off","floor":23},{"not_picked":["Body Slam","Perfected Strike"],"picked":"Juggernaut","floor":25},{"not_picked":["Heavy Blade","Clothesline","Rage"],"picked":"SKIP","floor":28},{"not_picked":["Anger","Pummel","Sever Soul+1"],"picked":"SKIP","floor":30},{"not_picked":["Thunderclap","Iron Wave"],"picked":"Impervious","floor":31},{"not_picked":["Double Tap","Limit Break"],"picked":"Feed","floor":33},{"not_picked":["Body Slam","Hemokinesis+1","Flex"],"picked":"SKIP","floor":35},{"not_picked":["Reckless Charge+1","Shockwave+1"],"picked":"Entrench+1","floor":36},{"not_picked":["Rampage+1","True Grit"],"picked":"Metallicize","floor":37},{"not_picked":["Searing Blow","Feel No Pain"],"picked":"Iron Wave+1","floor":38},{"not_picked":["Deep Breath","Mind Blast"],"picked":"Dark Shackles","floor":40},{"not_picked":["Reckless Charge+1","Clash+1","Rampage+1"],"picked":"SKIP","floor":42},{"not_picked":["Flex+1","Blood for Blood+1"],"picked":"Offering+1","floor":44},{"not_picked":["Iron Wave","Second Wind+1","Flex+1"],"picked":"SKIP","floor":45},{"not_picked":["Clothesline","Perfected Strike"],"picked":"Iron Wave+1","floor":46},{"not_picked":["Feel No Pain","Anger","Rampage"],"picked":"SKIP","floor":48}],"player_experience":15970,"relics_obtained":[{"floor":6,"key":"Pocketwatch"},{"floor":9,"key":"Old Coin"},{"floor":21,"key":"Enchiridion"},{"floor":23,"key":"WingedGreaves"},{"floor":25,"key":"Magic Flower"},{"floor":26,"key":"Boot"},{"floor":30,"key":"Kunai"},{"floor":36,"key":"Nunchaku"},{"floor":42,"key":"Juzu Bracelet"},{"floor":43,"key":"Toxic Egg 2"},{"floor":44,"key":"Ginger"}],"event_choices":[{"damage_healed":0,"gold_gain":0,"cards_transformed":["Strike_R"],"player_choice":"Change","damage_taken":0,"max_hp_gain":0,"max_hp_loss":0,"event_name":"Living Wall","floor":5,"gold_loss":0,"cards_obtained":["Armaments"]},{"damage_healed":0,"gold_gain":75,"player_choice":"Gather Gold","damage_taken":11,"max_hp_gain":0,"max_hp_loss":0,"event_name":"World of Goop","floor":11,"gold_loss":0},{"cards_removed":["Strike_R"],"damage_healed":0,"gold_gain":0,"player_choice":"Gave Gold","damage_taken":0,"max_hp_gain":0,"max_hp_loss":0,"event_name":"Beggar","floor":20,"gold_loss":75},{"damage_healed":0,"gold_gain":0,"player_choice":"Obtained Book","damage_taken":16,"max_hp_gain":0,"max_hp_loss":0,"event_name":"Cursed Tome","floor":21,"gold_loss":0},{"damage_healed":0,"gold_gain":0,"cards_transformed":["Strike_R","Bash"],"player_choice":"Became Test Subject","damage_taken":0,"max_hp_gain":0,"max_hp_loss":0,"event_name":"Drug Dealer","floor":29,"gold_loss":0,"cards_obtained":["Twin Strike","Bludgeon"]},{"damage_healed":0,"gold_gain":0,"player_choice":"Fight","damage_taken":0,"max_hp_gain":0,"max_hp_loss":0,"event_name":"MindBloom","floor":36,"gold_loss":0},{"damage_healed":0,"gold_gain":0,"player_choice":"Memory 1","damage_taken":0,"max_hp_gain":0,"max_hp_loss":0,"event_name":"SensoryStone","floor":40,"gold_loss":0},{"damage_healed":0,"gold_gain":0,"player_choice":"1 cards matched","damage_taken":0,"max_hp_gain":0,"max_hp_loss":0,"event_name":"Match and Keep!","floor":47,"gold_loss":0,"cards_obtained":["Enlightenment"]}],"is_beta":false,"boss_relics":[{"not_picked":["Astrolabe","Ectoplasm"],"picked":"Fusion Hammer"},{"not_picked":["Lizard Tail","Tiny House"],"picked":"Sozu"}],"items_purged_floors":[10,27],"is_endless":false,"potions_floor_spawned":[3,4,16,18,25,33,37,44,45],"ascension_level":0}