{"gold_per_floor":[109,123,4,4,21,21,21,37,37,47,47,60,86,101,101,101],"floor_reached":16,"playtime":1385,"items_purged":["Strike_R"],"score":208,"play_id":"246c457d-b686-4343-a7e6-1cf6f1d7b20a","local_time":"20190502225651","is_ascension_mode":true,"campfire_choices":[{"data":"Bash","floor":6,"key":"SMITH"},{"data":"Clothesline","floor":11,"key":"SMITH"},{"floor":15,"key":"REST"}],"neow_cost":"NONE","seed_source_timestamp":1999666199200031,"circlet_count":0,"master_deck":["AscendersBane","Strike_R","Strike_R","Defend_R","Defend_R","Defend_R","Defend_R","Bash+1","Heavy Blade","Hemokinesis","Clothesline+1","Pummel","Reaper"],"relics":["Burning Blood","Bag of Preparation","Mercury Hourglass","Kunai"],"potions_floor_usage":[13,16],"damage_taken":[{"damage":15,"enemies":"Small Slimes","floor":1,"turns":6},{"damage":6,"enemies":"Cultist","floor":2,"turns":4},{"damage":5,"enemies":"2 Louse","floor":5,"turns":2},{"damage":17,"enemies":"Blue Slaver","floor":8,"turns":5},{"damage":9,"enemies":"Exordium Wildlife","floor":10,"turns":3},{"damage":9,"enemies":"3 Louse","floor":12,"turns":2},{"damage":21,"enemies":"Lagavulin","floor":13,"turns":5},{"damage":19,"enemies":"Exordium Thugs","floor":14,"turns":4},{"damage":52,"enemies":"Slime Boss","floor":16,"turns":5}],"seed_played":"4043993252563716598","potions_obtained":[{"floor":1,"key":"GamblersBrew"},{"floor":5,"key":"LiquidBronze"}],"is_trial":false,"path_per_floor":["M","M","$","?","M","R","?","M","T","M","R","M","E","M","R","B"],"character_chosen":"IRONCLAD","items_purchased":["Hemokinesis"],"campfire_rested":1,"item_purchase_floors":[3],"current_hp_per_floor":[59,59,59,59,60,60,60,49,49,46,46,43,28,19,41,0],"gold":101,"neow_bonus":"RANDOM_COMMON_RELIC","is_prod":false,"is_daily":false,"chose_seed":false,"campfire_upgraded":2,"win_rate":0,"timestamp":1556852211,"path_taken":["M","M","$","?","?","R","?","M","T","M","R","M","E","M","R","BOSS"],"build_version":"2019-01-23","purchased_purges":1,"victory":false,"max_hp_per_floor":[75,75,75,75,75,75,75,75,75,75,75,75,75,75,75,75],"card_choices":[{"not_picked":["Rage","Warcry"],"picked":"Heavy Blade","floor":1},{"not_picked":["Rupture","Sentinel","Infernal Blade"],"picked":"SKIP","floor":2},{"not_picked":["Hemokinesis","Heavy Blade","Infernal Blade"],"picked":"SKIP","floor":5},{"not_picked":["Evolve","Battle Trance"],"picked":"Clothesline","floor":8},{"not_picked":["Clash","Wild Strike","Clothesline"],"picked":"SKIP","floor":10},{"not_picked":["Body Slam","Hemokinesis"],"picked":"Pummel","floor":12},{"not_picked":["Perfected Strike","Cleave"],"picked":"Reaper","floor":13},{"not_picked":["Warcry","Havoc","Clash"],"picked":"SKIP","floor":14}],"player_experience":3574632,"relics_obtained":[{"floor":9,"key":"Mercury Hourglass"},{"floor":13,"key":"Kunai"}],"event_choices":[{"cards_removed":["Strike_R"],"damage_healed":0,"gold_gain":0,"player_choice":"Offered Basic","damage_taken":0,"max_hp_gain":0,"max_hp_loss":0,"event_name":"Bonfire Elementals","floor":4,"gold_loss":0},{"cards_removed":["Strike_R"],"damage_healed":0,"gold_gain":0,"player_choice":"Purged","damage_taken":0,"max_hp_gain":0,"max_hp_loss":0,"event_name":"Purifier","floor":7,"gold_loss":0}],"is_beta":false,"boss_relics":[],"items_purged_floors":[3],"is_endless":false,"potions_floor_spawned":[1,5,8,10],"killed_by":"Slime Boss","ascension_level":20}