{"gold_per_floor":[114,114,129,144,144,144,174,174,174,189,219,234,234,264,264,364,364,379,394,409,434,184,184,214,64,139,139,169,184,214,229,229,329,329,344,344,359,374,389,419,434,464,489,489,504,519,169,184,184,184],"floor_reached":51,"playtime":3351,"items_purged":[],"score":916,"play_id":"b366c6df-80f6-4005-abd5-4d695544bb86","local_time":"20181209215552","daily_mods":["Chimera","Hoarder","Night Terrors"],"is_ascension_mode":false,"campfire_choices":[{"data":"Bash","floor":6,"key":"SMITH"},{"data":"Static Discharge","floor":8,"key":"SMITH"},{"data":"Static Discharge","floor":13,"key":"SMITH"},{"data":"Static Discharge","floor":15,"key":"SMITH"},{"data":"Self Repair","floor":23,"key":"SMITH"},{"floor":32,"key":"REST"},{"data":"Defragment","floor":44,"key":"SMITH"},{"data":"Buffer","floor":49,"key":"SMITH"}],"neow_cost":"","seed_source_timestamp":2229858489533799,"circlet_count":0,"master_deck":["Bash+1","Survivor","Zap+1","Strike_R","Strike_B","Defend_R","Defend_G+1","Defend_B","Static Discharge+1","Static Discharge+1","Static Discharge+1","Conserve Battery","Conserve Battery","Conserve Battery","Self Repair+1","Self Repair","Self Repair","Leap","Leap","Leap","Decay","Decay","Decay","Tempest+1","Tempest+1","Tempest+1","Defragment+1","Defragment","Defragment","Fusion+1","Fusion+1","Fusion+1","Doom and Gloom+1","Doom and Gloom+1","Doom and Gloom+1","Buffer","Buffer","Buffer+1","Leap+1","Leap+1","Leap+1","Defragment","Defragment","Defragment","Self Repair+1","Self Repair+1","Self Repair+1","Loop+1","Loop+1","Loop+1","Aggregate+1","Aggregate+1","Aggregate+1","Double Energy","Double Energy","Double Energy+1"],"special_seed":17875,"relics":["Cracked Core","Potion Belt","Anchor","Centennial Puzzle","PreservedInsect","Snecko Eye","Ancient Tea Set","Gremlin Horn","Symbiotic Virus","DataDisk","Meat on the Bone","Boot","Emotion Chip","Lizard Tail","Vajra","Blood Vial","War Paint","Oddly Smooth Stone"],"potions_floor_usage":[16,16,24,28,28,33,38,38,41,41,41,48,50,50],"damage_taken":[{"damage":1,"enemies":"Jaw Worm","floor":1,"turns":4},{"damage":1,"enemies":"Cultist","floor":3,"turns":3},{"damage":0,"enemies":"2 Louse","floor":4,"turns":4},{"damage":15,"enemies":"Lagavulin","floor":7,"turns":6},{"damage":14,"enemies":"Lots of Slimes","floor":10,"turns":4},{"damage":13,"enemies":"3 Sentries","floor":11,"turns":4},{"damage":12,"enemies":"Exordium Wildlife","floor":12,"turns":3},{"damage":22,"enemies":"Gremlin Nob","floor":14,"turns":4},{"damage":28,"enemies":"The Guardian","floor":16,"turns":10},{"damage":15,"enemies":"Chosen","floor":18,"turns":5},{"damage":13,"enemies":"Spheric Guardian","floor":19,"turns":5},{"damage":13,"enemies":"Chosen and Byrds","floor":20,"turns":4},{"damage":32,"enemies":"Gremlin Leader","floor":24,"turns":6},{"damage":13,"enemies":"Book of Stabbing","floor":28,"turns":4},{"damage":11,"enemies":"Snecko","floor":29,"turns":3},{"damage":29,"enemies":"Gremlin Leader","floor":30,"turns":3},{"damage":20,"enemies":"Sentry and Sphere","floor":31,"turns":3},{"damage":24,"enemies":"Collector","floor":33,"turns":6},{"damage":0,"enemies":"3 Shapes","floor":35,"turns":3},{"damage":17,"enemies":"Orb Walker","floor":37,"turns":2},{"damage":0,"enemies":"Sphere and 2 Shapes","floor":38,"turns":4},{"damage":35,"enemies":"Maw","floor":39,"turns":7},{"damage":57,"enemies":"Giant Head","floor":40,"turns":8},{"damage":18,"enemies":"Writhing Mass","floor":41,"turns":4},{"damage":6,"enemies":"Nemesis","floor":42,"turns":7},{"damage":0,"enemies":"Sphere and 2 Shapes","floor":45,"turns":3},{"damage":12,"enemies":"Maw","floor":46,"turns":6},{"damage":19,"enemies":"Jaw Worm Horde","floor":48,"turns":4},{"damage":43,"enemies":"Donu and Deca","floor":50,"turns":6}],"seed_played":"-7146687675477179986","potions_obtained":[{"floor":4,"key":"Energy Potion"},{"floor":7,"key":"Fire Potion"},{"floor":11,"key":"Regen Potion"},{"floor":14,"key":"LiquidBronze"},{"floor":19,"key":"AttackPotion"},{"floor":20,"key":"AttackPotion"},{"floor":24,"key":"EssenceOfSteel"},{"floor":30,"key":"Fire Potion"},{"floor":33,"key":"AttackPotion"},{"floor":35,"key":"Ancient Potion"},{"floor":37,"key":"Dexterity Potion"},{"floor":45,"key":"SteroidPotion"},{"floor":46,"key":"FocusPotion"},{"floor":48,"key":"SteroidPotion"}],"is_trial":false,"path_per_floor":["M","?","M","M","?","R","E","R","T","M","E","M","R","E","R","B",null,"M","M","M","T","$","R","E","$","T","?","E","M","E","M","R","B",null,"M","?","M","M","M","E","M","E","T","R","M","M","$","M","R","B",null],"character_chosen":"DEFECT","items_purchased":["Gremlin Horn","DataDisk","Oddly Smooth Stone","Fruit Juice","SpeedPotion","FearPotion"],"campfire_rested":1,"item_purchase_floors":[22,25,47,47,47,47],"current_hp_per_floor":[74,67,66,66,66,66,72,72,72,75,75,75,75,74,74,75,75,75,75,69,69,69,69,61,61,61,61,72,75,63,43,70,63,70,70,70,60,70,70,62,54,70,70,70,70,70,70,75,75,64],"gold":184,"neow_bonus":"","is_prod":false,"is_daily":true,"chose_seed":false,"campfire_upgraded":7,"win_rate":0,"timestamp":1544410552,"path_taken":["M","?","M","M","?","R","E","R","T","M","E","M","R","E","R","BOSS","M","M","M","?","$","R","E","?","T","?","E","M","E","M","R","BOSS","M","?","M","M","M","E","M","E","T","R","M","?","$","M","R","BOSS"],"build_version":"2018-12-06","purchased_purges":0,"victory":true,"max_hp_per_floor":[75,75,75,75,75,75,75,75,75,75,75,75,75,75,75,75,75,75,75,75,75,75,75,75,75,75,75,75,75,75,75,70,70,70,70,70,70,70,70,70,70,70,70,70,70,70,70,75,75,75],"card_choices":[{"not_picked":["Stack","Barrage"],"picked":"Static Discharge","floor":1},{"not_picked":["Ball Lightning","Stack"],"picked":"Conserve Battery","floor":3},{"not_picked":["BootSequence","Steam Power"],"picked":"Self Repair","floor":4},{"not_picked":["Static Discharge","Redo","Rebound"],"picked":"SKIP","floor":7},{"not_picked":["Sweeping Beam","Reprogram","Hyperbeam"],"picked":"SKIP","floor":10},{"not_picked":["Reinforced Body","Reprogram","Cold Snap"],"picked":"SKIP","floor":11},{"not_picked":["Genetic Algorithm","Turbo","Compile Driver"],"picked":"SKIP","floor":12},{"not_picked":["Go for the Eyes","Melter","Cold Snap"],"picked":"SKIP","floor":14},{"not_picked":["Genetic Algorithm","Recycle"],"picked":"Leap","floor":18},{"not_picked":["Steam","Go for the Eyes","Leap"],"picked":"SKIP","floor":19},{"not_picked":["Barrage","Hologram","Core Surge"],"picked":"SKIP","floor":20},{"not_picked":["Steam","Compile Driver","Sunder"],"picked":"SKIP","floor":24},{"not_picked":["Rebound+1","Reinforced Body"],"picked":"Tempest+1","floor":28},{"not_picked":["Compile Driver","Beam Cell"],"picked":"Defragment","floor":29},{"not_picked":["Barrage","Skim"],"picked":"Fusion+1","floor":30},{"not_picked":["Force Field","Leap"],"picked":"Doom and Gloom+1","floor":31},{"not_picked":["Biased Cognition","Amplify"],"picked":"Buffer","floor":33},{"not_picked":["Fusion","Go for the Eyes"],"picked":"Leap+1","floor":35},{"not_picked":["Hologram","Coolheaded"],"picked":"Self Repair+1","floor":37},{"not_picked":["Compile Driver+1","Chill+1"],"picked":"Loop+1","floor":38},{"not_picked":["Steam Power","Rebound+1","Go for the Eyes"],"picked":"SKIP","floor":39},{"not_picked":["Ball Lightning","Skim","Cold Snap"],"picked":"SKIP","floor":40},{"not_picked":["Doom and Gloom","Rebound+1"],"picked":"Aggregate+1","floor":41},{"not_picked":["Self Repair","Ball Lightning"],"picked":"Double Energy","floor":42},{"not_picked":["Beam Cell+1","Reinforced Body+1","All For One"],"picked":"SKIP","floor":45},{"not_picked":["Beam Cell+1","Hologram+1","Static Discharge"],"picked":"SKIP","floor":46},{"not_picked":["Rebound+1","Conserve Battery","Blizzard+1"],"picked":"SKIP","floor":48}],"player_experience":2798000,"relics_obtained":[{"floor":7,"key":"Potion Belt"},{"floor":9,"key":"Anchor"},{"floor":11,"key":"Centennial Puzzle"},{"floor":14,"key":"PreservedInsect"},{"floor":21,"key":"Ancient Tea Set"},{"floor":24,"key":"Symbiotic Virus"},{"floor":26,"key":"Meat on the Bone"},{"floor":28,"key":"Boot"},{"floor":30,"key":"Emotion Chip"},{"floor":40,"key":"Vajra"},{"floor":42,"key":"Blood Vial"},{"floor":43,"key":"War Paint"}],"event_choices":[{"cards_removed":["Strike_G"],"damage_healed":0,"gold_gain":0,"player_choice":"Card Removal","damage_taken":7,"max_hp_gain":0,"max_hp_loss":0,"event_name":"Golden Wing","floor":2,"gold_loss":0},{"damage_healed":0,"gold_gain":0,"player_choice":"Upgraded","damage_taken":0,"max_hp_gain":0,"max_hp_loss":0,"event_name":"Upgrade Shrine","floor":5,"gold_loss":0,"cards_upgraded":["Zap"]},{"damage_healed":0,"gold_gain":0,"player_choice":"Smashed Altar","damage_taken":0,"max_hp_gain":0,"max_hp_loss":0,"event_name":"Forgotten Altar","floor":27,"gold_loss":0,"cards_obtained":["Decay"]},{"damage_healed":0,"gold_gain":0,"player_choice":"Copied","damage_taken":0,"max_hp_gain":0,"max_hp_loss":0,"event_name":"Duplicator","floor":36,"gold_loss":0,"cards_obtained":["Defragment"]}],"is_beta":false,"boss_relics":[{"not_picked":["Runic Dome","Empty Cage"],"picked":"Snecko Eye"},{"not_picked":["Orrery","Coffee Dripper"],"picked":"Lizard Tail"}],"items_purged_floors":[],"is_endless":false,"potions_floor_spawned":[4,7,11,14,19,20,24,30,33,35,37,45,46,48],"ascension_level":0}