{"gold_per_floor":[111,127,143,161,180,180,180,180,180,61,61,76,4,79,79,177,177,192,3,3,20,36,36,56,56,56,56,88,100,100,110,110,212,212,228,228,56,56,76,76,87,139,139,153,164,164,178,195,195,195],"floor_reached":51,"playtime":2757,"items_purged":["Shame"],"score":643,"play_id":"49344d01-5c32-43d6-866c-ed306ad31617","local_time":"20190711194614","is_ascension_mode":false,"campfire_choices":[{"data":"Neutralize","floor":6,"key":"SMITH"},{"floor":8,"key":"REST"},{"data":"Noxious Fumes","floor":15,"key":"SMITH"},{"data":"Catalyst","floor":23,"key":"SMITH"},{"data":"Footwork","floor":25,"key":"SMITH"},{"data":"Malaise","floor":27,"key":"SMITH"},{"floor":32,"key":"REST"},{"data":"Leg Sweep","floor":40,"key":"SMITH"},{"data":"Acrobatics","floor":46,"key":"SMITH"},{"data":"Footwork","floor":49,"key":"SMITH"}],"neow_cost":"TEN_PERCENT_HP_LOSS","seed_source_timestamp":67526922629957,"circlet_count":0,"master_deck":["Defend_G","Defend_G","Defend_G","Defend_G","Survivor","Neutralize+1","Deadly Poison","Flying Knee","Sucker Punch","Footwork+1","Leg Sweep+1","Dodge and Roll","Noxious Fumes+1","Malaise+1","Cloak And Dagger+1","Tactician+1","Leg Sweep+1","Acrobatics+1","Noxious Fumes","Catalyst+1","Finisher","Backflip","Corpse Explosion","PiercingWail+1","Madness","Madness","Bouncing Flask+1","Shame","Catalyst+1","Footwork+1"],"relics":["Ring of the Snake","Mummified Hand","Astrolabe","Bronze Scales","Potion Belt","Pantograph","Red Mask","Cursed Key","Lantern"],"potions_floor_usage":[18,31,31,33,33,33,33,45,47,50,50,50,50,50,50,50],"damage_taken":[{"damage":0,"enemies":"Jaw Worm","floor":1,"turns":6},{"damage":4,"enemies":"2 Louse","floor":2,"turns":3},{"damage":0,"enemies":"Small Slimes","floor":3,"turns":5},{"damage":10,"enemies":"3 Louse","floor":4,"turns":4},{"damage":11,"enemies":"Exordium Thugs","floor":5,"turns":6},{"damage":0,"enemies":"Exordium Wildlife","floor":12,"turns":4},{"damage":7,"enemies":"The Guardian","floor":16,"turns":12},{"damage":1,"enemies":"3 Byrds","floor":18,"turns":6},{"damage":0,"enemies":"Shell Parasite","floor":21,"turns":6},{"damage":2,"enemies":"Snake Plant","floor":22,"turns":6},{"damage":6,"enemies":"3 Cultists","floor":24,"turns":6},{"damage":42,"enemies":"Masked Bandits","floor":28,"turns":5},{"damage":0,"enemies":"Snecko","floor":29,"turns":6},{"damage":1,"enemies":"Sentry and Sphere","floor":31,"turns":5},{"damage":8,"enemies":"Champ","floor":33,"turns":15},{"damage":5,"enemies":"3 Shapes","floor":35,"turns":2},{"damage":2,"enemies":"Orb Walker","floor":39,"turns":4},{"damage":0,"enemies":"Writhing Mass","floor":41,"turns":6},{"damage":10,"enemies":"Spire Growth","floor":44,"turns":4},{"damage":0,"enemies":"Maw","floor":45,"turns":7},{"damage":0,"enemies":"3 Darklings","floor":47,"turns":4},{"damage":0,"enemies":"Sphere and 2 Shapes","floor":48,"turns":4},{"damage":19,"enemies":"Donu and Deca","floor":50,"turns":6}],"seed_played":"-8299067161321155528","potions_obtained":[{"floor":1,"key":"SteroidPotion"},{"floor":3,"key":"EntropicBrew"},{"floor":16,"key":"Poison Potion"},{"floor":21,"key":"FearPotion"},{"floor":28,"key":"Explosive Potion"},{"floor":29,"key":"Explosive Potion"},{"floor":33,"key":"GamblersBrew"},{"floor":48,"key":"Dexterity Potion"}],"is_trial":false,"path_per_floor":["M","M","M","M","M","R","?","R","T","$","?","M","$","?","R","B",null,"M","$","?","M","M","R","M","R","T","R","?","M","?","M","R","B",null,"M","?","$","?","M","R","M","T","T","M","M","R","M","M","R","B",null],"character_chosen":"THE_SILENT","items_purchased":["Footwork","Leg Sweep","Noxious Fumes","Bronze Scales","Noxious Fumes","EntropicBrew"],"campfire_rested":2,"item_purchase_floors":[10,10,13,19,19,37],"current_hp_per_floor":[63,59,59,49,38,38,38,56,56,56,61,61,61,50,50,43,68,67,67,67,67,65,65,59,59,59,59,17,17,17,16,36,53,68,63,54,54,54,52,52,52,52,52,42,42,42,42,42,42,48],"gold":195,"neow_bonus":"REMOVE_TWO","is_prod":false,"is_daily":false,"chose_seed":false,"campfire_upgraded":8,"win_rate":0,"timestamp":1562888774,"path_taken":["M","M","M","M","M","R","?","R","T","$","?","M","$","?","R","BOSS","M","$","?","M","M","R","M","R","T","R","?","M","?","M","R","BOSS","M","?","$","?","M","R","M","?","T","M","?","R","M","M","R","BOSS"],"build_version":"2019-07-05","purchased_purges":1,"victory":true,"max_hp_per_floor":[63,63,63,63,63,63,63,63,63,63,68,68,68,68,68,68,68,68,68,68,68,68,68,68,68,68,68,68,68,68,68,68,68,68,68,68,68,68,68,68,68,68,68,68,68,68,68,68,68,68],"card_choices":[{"not_picked":["Accuracy","Distraction","Prepared"],"picked":"SKIP","floor":1},{"not_picked":["Prepared","Blade Dance"],"picked":"Deadly Poison","floor":2},{"not_picked":["Heel Hook","Deadly Poison"],"picked":"Flying Knee","floor":3},{"not_picked":["Crippling Poison","Underhanded Strike"],"picked":"Sucker Punch","floor":4},{"not_picked":["Quick Slash","Endless Agony","Crippling Poison"],"picked":"SKIP","floor":5},{"not_picked":["Slice","Deflect"],"picked":"Dodge and Roll","floor":12},{"not_picked":["Adrenaline","Burst"],"picked":"Malaise","floor":16},{"not_picked":["Underhanded Strike","Choke+1"],"picked":"Acrobatics","floor":18},{"not_picked":["Concentrate","Dagger Spray","Bane"],"picked":"SKIP","floor":21},{"not_picked":["Crippling Poison","Concentrate+1"],"picked":"Catalyst","floor":22},{"not_picked":["Calculated Gamble","Setup","Deflect"],"picked":"SKIP","floor":24},{"not_picked":["Prepared","Deadly Poison","Slice"],"picked":"SKIP","floor":29},{"not_picked":["Bane","Cloak And Dagger+1"],"picked":"Backflip","floor":31},{"not_picked":["Storm of Steel","Doppelganger"],"picked":"Corpse Explosion","floor":33},{"not_picked":["Quick Slash","Dodge and Roll+1"],"picked":"PiercingWail+1","floor":35},{"not_picked":["Prepared","Tactician+1","Slice"],"picked":"SKIP","floor":39},{"not_picked":["Deadly Poison","Finisher"],"picked":"Bouncing Flask+1","floor":41},{"not_picked":["Underhanded Strike","Dagger Spray+1","Riddle With Holes+1"],"picked":"SKIP","floor":44},{"not_picked":["Sucker Punch","Phantasmal Killer"],"picked":"Catalyst+1","floor":45},{"not_picked":["Outmaneuver","Accuracy"],"picked":"Footwork","floor":47},{"not_picked":["Outmaneuver","Acrobatics+1","Cloak And Dagger"],"picked":"SKIP","floor":48}],"player_experience":3942064,"relics_obtained":[{"floor":9,"key":"Mummified Hand"},{"floor":26,"key":"Pantograph"},{"floor":28,"key":"Red Mask"},{"floor":42,"key":"Lantern"}],"event_choices":[{"damage_healed":0,"gold_gain":0,"player_choice":"Ignored","damage_taken":0,"max_hp_gain":0,"max_hp_loss":0,"event_name":"Liars Game","floor":7,"gold_loss":0},{"damage_healed":0,"gold_gain":0,"player_choice":"Donut","damage_taken":0,"max_hp_gain":5,"max_hp_loss":0,"event_name":"Big Fish","floor":11,"gold_loss":0},{"damage_healed":0,"gold_gain":75,"player_choice":"Gather Gold","damage_taken":11,"max_hp_gain":0,"max_hp_loss":0,"event_name":"World of Goop","floor":14,"gold_loss":0},{"damage_healed":0,"gold_gain":0,"player_choice":"Opened","damage_taken":0,"relics_obtained":["Potion Belt"],"max_hp_gain":0,"max_hp_loss":0,"event_name":"The Mausoleum","floor":20,"gold_loss":0,"cards_obtained":["Writhe"]},{"damage_healed":0,"gold_gain":0,"player_choice":"Fought Bandits","damage_taken":0,"max_hp_gain":0,"max_hp_loss":0,"event_name":"Masked Bandits","floor":28,"gold_loss":0},{"damage_healed":0,"gold_gain":0,"cards_transformed":["Writhe","Defend_G"],"player_choice":"Became Test Subject","damage_taken":0,"max_hp_gain":0,"max_hp_loss":0,"event_name":"Drug Dealer","floor":30,"gold_loss":0,"cards_obtained":["Shame","Finisher"]},{"damage_healed":0,"gold_gain":0,"player_choice":"Embrace Madness","damage_taken":9,"max_hp_gain":0,"max_hp_loss":0,"event_name":"Winding Halls","floor":36,"gold_loss":0,"cards_obtained":["Madness","Madness"]},{"damage_healed":0,"gold_gain":0,"player_choice":"Memory 1","damage_taken":0,"max_hp_gain":0,"max_hp_loss":0,"event_name":"SensoryStone","floor":38,"gold_loss":0}],"is_beta":false,"boss_relics":[{"not_picked":["Empty Cage","Eternal Feather"],"picked":"Astrolabe"},{"not_picked":["White Beast Statue","Runic Dome"],"picked":"Cursed Key"}],"items_purged_floors":[37],"is_endless":false,"potions_floor_spawned":[1,3,16,21,28,29,33,41,44,48],"ascension_level":0}