{"gold_per_floor":[114,114,114,132,15,15,53,53,121,121],"floor_reached":10,"playtime":391,"items_purged":["Strike_R"],"score":128,"play_id":"5037eae5-cc04-47ff-ae70-6226d7b053e3","local_time":"20190501061422","is_ascension_mode":true,"campfire_choices":[{"data":"Bash","floor":6,"key":"SMITH"},{"floor":8,"key":"REST"}],"neow_cost":"TEN_PERCENT_HP_LOSS","seed_source_timestamp":1854110311682577,"circlet_count":0,"master_deck":["AscendersBane","Strike_R","Strike_R","Strike_R","Strike_R","Defend_R","Defend_R","Defend_R","Defend_R","Bash+1","Fiend Fire","Rampage","Flame Barrier","Flex","Dual Wield","Shrug It Off"],"relics":["Burning Blood","Golden Idol","Prayer Wheel","Smiling Mask","Darkstone Periapt"],"potions_floor_usage":[7],"damage_taken":[{"damage":9,"enemies":"2 Louse","floor":1,"turns":2},{"damage":2,"enemies":"Jaw Worm","floor":4,"turns":4},{"damage":18,"enemies":"Lagavulin","floor":7,"turns":7},{"damage":52,"enemies":"3 Sentries","floor":10,"turns":9}],"seed_played":"-3189458983734791828","potions_obtained":[{"floor":1,"key":"Weak Potion"}],"is_trial":false,"path_per_floor":["M","?","?","M","$","R","E","R","T","E"],"character_chosen":"IRONCLAD","items_purchased":["Dual Wield"],"campfire_rested":1,"item_purchase_floors":[5],"current_hp_per_floor":[65,42,37,41,41,41,29,49,49,0],"gold":121,"neow_bonus":"THREE_RARE_CARDS","is_prod":false,"is_daily":false,"chose_seed":false,"campfire_upgraded":1,"win_rate":0,"timestamp":1556705662,"path_taken":["M","?","?","M","$","R","E","R","T","E"],"build_version":"2019-01-23","purchased_purges":1,"victory":false,"max_hp_per_floor":[68,68,68,68,68,68,68,68,68,68],"card_choices":[{"not_picked":["Bludgeon","Double Tap"],"picked":"Fiend Fire","floor":0},{"not_picked":["Infernal Blade","Corruption"],"picked":"Rampage","floor":1},{"not_picked":["Twin Strike","Shrug It Off"],"picked":"Flame Barrier","floor":4},{"not_picked":["Sword Boomerang","Infernal Blade"],"picked":"Flex","floor":4},{"not_picked":["Dual Wield","Armaments"],"picked":"Shrug It Off","floor":7}],"player_experience":3534252,"relics_obtained":[{"floor":7,"key":"Smiling Mask"},{"floor":9,"key":"Darkstone Periapt"}],"event_choices":[{"damage_healed":0,"gold_gain":0,"player_choice":"Take Damage","damage_taken":23,"relics_obtained":["Golden Idol"],"max_hp_gain":0,"max_hp_loss":0,"event_name":"Golden Idol","floor":2,"gold_loss":0},{"damage_healed":0,"gold_gain":0,"player_choice":"Success","damage_taken":5,"relics_obtained":["Prayer Wheel"],"max_hp_gain":0,"max_hp_loss":0,"event_name":"Scrap Ooze","floor":3,"gold_loss":0}],"is_beta":false,"boss_relics":[],"items_purged_floors":[5],"is_endless":false,"potions_floor_spawned":[1],"killed_by":"3 Sentries","ascension_level":20}