{"gold_per_floor":[115,265,265,265,279,279,309,309,309,71,88,99,113,113,113,189,189,202,202,252,267,281,281,304,0,0,0,16,16,29,29,29,29],"floor_reached":33,"playtime":14103,"items_purged":["Strike_G"],"score":513,"play_id":"faff7251-96ea-41a0-82ee-9420dfd8035f","local_time":"20181110154036","is_ascension_mode":true,"campfire_choices":[{"data":"Poisoned Stab","floor":6,"key":"SMITH"},{"data":"Neutralize","floor":8,"key":"SMITH"},{"data":"Noxious Fumes","floor":15,"key":"SMITH"},{"floor":23,"key":"REST"},{"floor":29,"key":"REST"},{"floor":32,"key":"REST"}],"neow_cost":"NONE","seed_source_timestamp":496428252401893,"circlet_count":0,"master_deck":["AscendersBane","Defend_G","Defend_G","Defend_G","Defend_G","Defend_G","Strike_G","Strike_G+1","Strike_G","Strike_G+1","Survivor","Neutralize+1","Blade Dance","Poisoned Stab+1","Dagger Throw","Noxious Fumes+1","Escape Plan","Dagger Spray","Flying Knee","Die Die Die","Backflip","Footwork","Bouncing Flask","Normality","Cloak And Dagger","Escape Plan","Dodge and Roll"],"relics":["Ring of the Snake","NeowsBlessing","Strawberry","Whetstone","Bronze Scales","Cursed Key","Omamori","Mummified Hand","Ornamental Fan"],"potions_floor_usage":[16,16,18,22,28,30],"damage_taken":[{"damage":0,"enemies":"2 Louse","floor":1,"turns":1},{"damage":0,"enemies":"Jaw Worm","floor":5,"turns":1},{"damage":0,"enemies":"Gremlin Nob","floor":7,"turns":1},{"damage":2,"enemies":"Small Slimes","floor":11,"turns":3},{"damage":1,"enemies":"Blue Slaver","floor":12,"turns":5},{"damage":1,"enemies":"Red Slaver","floor":13,"turns":5},{"damage":15,"enemies":"Slime Boss","floor":16,"turns":8},{"damage":9,"enemies":"2 Thieves","floor":18,"turns":3},{"damage":5,"enemies":"3 Byrds","floor":21,"turns":2},{"damage":29,"enemies":"Cultist and Chosen","floor":22,"turns":6},{"damage":6,"enemies":"3 Cultists","floor":28,"turns":5},{"damage":18,"enemies":"Snecko","floor":30,"turns":5},{"damage":81,"enemies":"Champ","floor":33,"turns":10}],"seed_played":"-8042402446500813207","potions_obtained":[{"floor":1,"key":"Fire Potion"},{"floor":5,"key":"FearPotion"},{"floor":13,"key":"Fire Potion"},{"floor":16,"key":"Dexterity Potion"},{"floor":21,"key":"GamblersBrew"},{"floor":22,"key":"AttackPotion"},{"floor":28,"key":"Weak Potion"}],"is_trial":false,"path_per_floor":["M","?","?","?","M","R","E","R","T","$","M","M","M","?","R","B",null,"M","?","?","M","M","R","T","$","T","$","M","R","M","?","R","B"],"character_chosen":"THE_SILENT","items_purchased":["Noxious Fumes","Escape Plan","Mummified Hand","Cloak And Dagger"],"campfire_rested":3,"item_purchase_floors":[10,10,25,25],"current_hp_per_floor":[59,59,64,57,57,57,64,64,64,64,62,61,60,60,60,45,70,61,61,54,49,20,43,43,43,43,43,37,60,42,42,65,0],"gold":29,"neow_bonus":"THREE_ENEMY_KILL","is_prod":false,"is_daily":false,"chose_seed":false,"campfire_upgraded":3,"win_rate":0,"timestamp":1541882436,"path_taken":["M","?","?","?","?","R","E","R","T","$","M","M","M","?","R","BOSS","M","?","?","M","?","R","?","$","T","?","M","R","M","?","R","BOSS"],"build_version":"2018-11-08","purchased_purges":1,"victory":false,"max_hp_per_floor":[66,66,71,71,71,71,78,78,78,78,78,78,78,78,78,78,78,78,78,78,78,78,78,78,78,78,78,78,78,78,78,78,78],"card_choices":[{"not_picked":["Expertise","Bane"],"picked":"Blade Dance","floor":1},{"not_picked":["Dash","Prepared"],"picked":"Poisoned Stab","floor":5},{"not_picked":["Tactician","Expertise"],"picked":"Dagger Throw","floor":7},{"not_picked":["Blade Dance","Outmaneuver"],"picked":"Dagger Spray","floor":11},{"not_picked":["Wraith Form v2","PiercingWail"],"picked":"Flying Knee","floor":12},{"not_picked":["Deadly Poison","Flying Knee","Setup"],"picked":"SKIP","floor":13},{"not_picked":["Corpse Explosion","Phantasmal Killer"],"picked":"Die Die Die","floor":16},{"not_picked":["Quick Slash","Slice"],"picked":"Backflip","floor":18},{"not_picked":["Outmaneuver","Flying Knee","Poisoned Stab"],"picked":"SKIP","floor":21},{"not_picked":["Sucker Punch","Crippling Poison"],"picked":"Bouncing Flask","floor":22},{"not_picked":["Prepared","Dagger Spray+1"],"picked":"Escape Plan","floor":28},{"not_picked":["Phantasmal Killer","Deadly Poison"],"picked":"Dodge and Roll","floor":30}],"player_experience":2173312,"relics_obtained":[{"floor":7,"key":"Strawberry"},{"floor":9,"key":"Whetstone"},{"floor":24,"key":"Omamori"},{"floor":26,"key":"Ornamental Fan"}],"event_choices":[{"damage_healed":0,"gold_gain":150,"player_choice":"AGREE","damage_taken":0,"max_hp_gain":0,"max_hp_loss":0,"event_name":"Liars Game","floor":2,"gold_loss":0,"cards_obtained":["Doubt"]},{"damage_healed":0,"gold_gain":0,"player_choice":"Donut","damage_taken":0,"max_hp_gain":5,"max_hp_loss":0,"event_name":"Big Fish","floor":3,"gold_loss":0},{"cards_removed":["Doubt"],"damage_healed":0,"gold_gain":0,"player_choice":"Card Removal","damage_taken":7,"max_hp_gain":0,"max_hp_loss":0,"event_name":"Golden Wing","floor":4,"gold_loss":0},{"damage_healed":0,"gold_gain":0,"player_choice":"Searched \u00271\u0027 times","damage_taken":0,"relics_obtained":["Bronze Scales"],"max_hp_gain":0,"max_hp_loss":0,"event_name":"Dead Adventurer","floor":14,"gold_loss":0},{"damage_healed":0,"gold_gain":0,"player_choice":"Read","damage_taken":0,"max_hp_gain":0,"max_hp_loss":0,"event_name":"The Library","floor":19,"gold_loss":0,"cards_obtained":["Footwork"]},{"damage_healed":0,"gold_gain":50,"player_choice":"Touch","damage_taken":7,"max_hp_gain":0,"max_hp_loss":0,"event_name":"FaceTrader","floor":20,"gold_loss":0},{"damage_healed":0,"gold_gain":0,"player_choice":"Ignored","damage_taken":0,"max_hp_gain":0,"max_hp_loss":0,"event_name":"Ghosts","floor":31,"gold_loss":0}],"is_beta":false,"boss_relics":[{"not_picked":["Ectoplasm","Pandora\u0027s Box"],"picked":"Cursed Key"}],"items_purged_floors":[10],"is_endless":false,"potions_floor_spawned":[1,5,13,16,21,22,28],"killed_by":"Champ","ascension_level":18}