{"gold_per_floor":[116,116,30,48,67,67,95,270,270,68,68,83,83,107,119,131],"floor_reached":16,"playtime":759,"items_purged":["Doubt"],"score":162,"play_id":"e488672c-273e-47be-8c2e-fd2bad242f80","local_time":"20190120223118","is_ascension_mode":true,"campfire_choices":[{"data":"Bash","floor":6,"key":"SMITH"},{"data":"Corruption","floor":11,"key":"SMITH"},{"data":"Whirlwind","floor":15,"key":"SMITH"}],"neow_cost":"NONE","seed_source_timestamp":563295625174867,"circlet_count":0,"master_deck":["AscendersBane","Strike_R","Strike_R","Strike_R","Strike_R","Strike_R","Defend_R","Defend_R","Defend_R","Defend_R","Bash+1","Anger","Shrug It Off","Metallicize","Corruption+1","Whirlwind+1","Seeing Red","Iron Wave","Seeing Red"],"relics":["Burning Blood","NeowsBlessing","NlothsMask","Bottled Tornado","Golden Idol","MawBank"],"potions_floor_usage":[12,16,16],"damage_taken":[{"damage":0,"enemies":"Jaw Worm","floor":1,"turns":1},{"damage":0,"enemies":"Cultist","floor":4,"turns":1},{"damage":0,"enemies":"2 Louse","floor":5,"turns":1},{"damage":41,"enemies":"Gremlin Nob","floor":7,"turns":5},{"damage":7,"enemies":"Lots of Slimes","floor":12,"turns":3},{"damage":59,"enemies":"Hexaghost","floor":16,"turns":11}],"seed_played":"-825999029707238313","potions_obtained":[{"floor":4,"key":"SkillPotion"},{"floor":12,"key":"Weak Potion"}],"is_trial":false,"path_per_floor":["M","?","$","M","M","R","E","?","T","$","R","M","?","T","R","B"],"character_chosen":"IRONCLAD","items_purchased":["Shrug It Off","Metallicize","Iron Wave","Regen Potion"],"campfire_rested":0,"item_purchase_floors":[3,3,10,10],"current_hp_per_floor":[78,78,78,80,80,80,45,45,45,45,45,44,44,44,44,0],"gold":131,"neow_bonus":"THREE_ENEMY_KILL","is_prod":false,"is_daily":false,"chose_seed":false,"campfire_upgraded":3,"win_rate":0,"timestamp":1548041478,"path_taken":["M","?","$","M","?","R","E","?","T","$","R","M","?","?","R","BOSS"],"build_version":"2019-01-17v2","purchased_purges":1,"victory":false,"max_hp_per_floor":[80,80,80,80,80,80,80,80,80,80,80,80,74,74,74,74],"card_choices":[{"not_picked":["Perfected Strike","Flex"],"picked":"Anger","floor":1},{"not_picked":["Metallicize","Sentinel"],"picked":"Corruption","floor":4},{"not_picked":["Corruption","Sword Boomerang"],"picked":"Whirlwind","floor":5},{"not_picked":["Heavy Blade","Iron Wave"],"picked":"Seeing Red","floor":7},{"not_picked":["Heavy Blade","Thunderclap"],"picked":"Seeing Red","floor":12}],"player_experience":2957191,"relics_obtained":[{"floor":7,"key":"Bottled Tornado"},{"floor":14,"key":"MawBank"}],"event_choices":[{"damage_healed":0,"gold_gain":0,"player_choice":"Trade","damage_taken":0,"relics_obtained":["NlothsMask"],"max_hp_gain":0,"max_hp_loss":0,"event_name":"FaceTrader","floor":2,"gold_loss":0},{"damage_healed":0,"gold_gain":175,"player_choice":"AGREE","damage_taken":0,"max_hp_gain":0,"max_hp_loss":0,"event_name":"Liars Game","floor":8,"gold_loss":0,"cards_obtained":["Doubt"]},{"damage_healed":0,"gold_gain":0,"player_choice":"Lose Max HP","damage_taken":0,"relics_obtained":["Golden Idol"],"max_hp_gain":0,"max_hp_loss":6,"event_name":"Golden Idol","floor":13,"gold_loss":0}],"is_beta":false,"boss_relics":[],"items_purged_floors":[10],"is_endless":false,"potions_floor_spawned":[4,12],"killed_by":"Hexaghost","ascension_level":13}