{"gold_per_floor":[114,129,181,196,161,191,191,41,116,131,146,176,176,191,191,291,291,306,321,321,21,36,36,66,66,91,106,121,46,46,61,61,161,161,176,191,191,191,191,221,221,236,236,266,116,131,108,123,123,123],"floor_reached":50,"playtime":2690,"items_purged":["Pain"],"score":634,"play_id":"3c206e83-f1e9-4fce-97f5-c389ad3ff34f","local_time":"20190526105158","daily_mods":["Draft","Colorless Cards","Lethality"],"is_ascension_mode":false,"campfire_choices":[{"data":"Armaments","floor":15,"key":"SMITH"},{"floor":25,"key":"REST"},{"data":"Rampage","floor":32,"key":"SMITH"},{"data":"Limit Break","floor":41,"key":"SMITH"},{"data":"Feel No Pain","floor":49,"key":"SMITH"}],"neow_cost":"","seed_source_timestamp":0,"circlet_count":0,"master_deck":["Uppercut","Ghostly Armor","Armaments+1","Pommel Strike","Feel No Pain+1","Iron Wave","Thunderclap","Iron Wave","Discovery","Bloodletting","Pommel Strike","Thunderclap","Deep Breath","Disarm","Flex","Seeing Red","Bludgeon","Rampage+1","Iron Wave","Barricade","Battle Trance","Shrug It Off","Reaper","Panacea","Dark Shackles+1","Madness","Limit Break+1","Blind","Madness","Madness","Whirlwind","Shrug It Off+1","Spot Weakness+1","Metallicize+1","Warcry","Dark Shackles+1"],"special_seed":18042,"relics":["Burning Blood","Meat on the Bone","Pen Nib","Ornamental Fan","Dream Catcher","Sozu","WarpedTongs","Dead Branch","Vajra","Ancient Tea Set","Black Star","Omamori","Bag of Preparation","Bottled Flame","Pantograph","Letter Opener","Bronze Scales"],"potions_floor_usage":[12,19,19],"damage_taken":[{"damage":0,"enemies":"Cultist","floor":1,"turns":2},{"damage":12,"enemies":"2 Louse","floor":2,"turns":2},{"damage":4,"enemies":"Jaw Worm","floor":4,"turns":2},{"damage":26,"enemies":"Gremlin Nob","floor":6,"turns":4},{"damage":8,"enemies":"Looter","floor":10,"turns":3},{"damage":2,"enemies":"Red Slaver","floor":11,"turns":2},{"damage":23,"enemies":"3 Sentries","floor":12,"turns":5},{"damage":4,"enemies":"2 Fungi Beasts","floor":14,"turns":2},{"damage":26,"enemies":"The Guardian","floor":16,"turns":8},{"damage":17,"enemies":"Chosen","floor":18,"turns":4},{"damage":6,"enemies":"Shell Parasite","floor":19,"turns":2},{"damage":10,"enemies":"3 Cultists","floor":22,"turns":4},{"damage":18,"enemies":"Book of Stabbing","floor":24,"turns":6},{"damage":20,"enemies":"Chosen and Byrds","floor":27,"turns":5},{"damage":3,"enemies":"Snecko","floor":28,"turns":3},{"damage":9,"enemies":"3 Cultists","floor":31,"turns":4},{"damage":4,"enemies":"Automaton","floor":33,"turns":5},{"damage":0,"enemies":"Orb Walker","floor":35,"turns":3},{"damage":0,"enemies":"3 Shapes","floor":36,"turns":4},{"damage":9,"enemies":"Giant Head","floor":40,"turns":5},{"damage":0,"enemies":"Maw","floor":42,"turns":5},{"damage":1,"enemies":"Reptomancer","floor":44,"turns":5},{"damage":4,"enemies":"Writhing Mass","floor":46,"turns":4},{"damage":0,"enemies":"3 Darklings","floor":48,"turns":1},{"damage":80,"enemies":"Time Eater","floor":50,"turns":6}],"seed_played":"7031275536137985016","potions_obtained":[{"floor":2,"key":"Dexterity Potion"},{"floor":7,"key":"EntropicBrew"},{"floor":7,"key":"Fire Potion"},{"floor":12,"key":"FearPotion"}],"is_trial":false,"path_per_floor":["M","M","?","M","?","E","?","$","T","M","M","E","?","M","R","B",null,"M","M","?","$","M","?","E","R","T","M","M","$","?","M","R","B",null,"M","M","?","?","?","E","R","M","T","E","$","M","$","M","R","B"],"character_chosen":"IRONCLAD","items_purchased":["Pen Nib","Dead Branch","Bronze Scales","Warcry"],"campfire_rested":1,"item_purchase_floors":[8,21,45,47],"current_hp_per_floor":[80,74,74,76,80,60,60,60,60,58,62,57,80,80,80,60,80,69,69,69,69,65,65,53,77,77,63,66,66,66,63,63,80,80,80,80,80,70,70,67,67,80,80,80,80,80,80,80,80,0],"gold":123,"neow_bonus":"","is_prod":false,"is_daily":true,"chose_seed":false,"campfire_upgraded":4,"win_rate":0,"timestamp":1558882318,"path_taken":["M","?","?","M","?","E","?","$","T","M","?","E","?","?","R","BOSS","M","M","?","$","?","?","E","R","T","M","M","$","?","M","R","BOSS","M","M","?","?","?","E","R","M","T","E","$","?","$","M","R","BOSS"],"build_version":"2019-01-23","purchased_purges":1,"victory":false,"max_hp_per_floor":[80,80,80,80,80,80,80,80,80,80,80,80,80,80,80,80,80,80,80,80,80,80,80,80,80,80,80,80,80,80,80,80,80,80,80,80,80,80,80,80,80,80,80,80,80,80,80,80,80,80],"card_choices":[{"not_picked":["Twin Strike","Perfected Strike"],"picked":"Uppercut","floor":0},{"not_picked":["True Grit","Warcry"],"picked":"Ghostly Armor","floor":0},{"not_picked":["Dual Wield","Sentinel"],"picked":"Hemokinesis","floor":0},{"not_picked":["Perfected Strike","Twin Strike"],"picked":"Armaments","floor":0},{"not_picked":["Anger","Sword Boomerang"],"picked":"Pommel Strike","floor":0},{"not_picked":["Reckless Charge","Twin Strike"],"picked":"Feel No Pain","floor":0},{"not_picked":["Dramatic Entrance","Twin Strike"],"picked":"Iron Wave","floor":0},{"not_picked":["Cleave","Twin Strike"],"picked":"Thunderclap","floor":0},{"not_picked":["Body Slam","Twin Strike"],"picked":"Iron Wave","floor":0},{"not_picked":["Second Wind","Anger"],"picked":"Discovery","floor":0},{"not_picked":["Entrench","Sword Boomerang"],"picked":"Bloodletting","floor":0},{"not_picked":["Twin Strike","Anger"],"picked":"Pommel Strike","floor":0},{"not_picked":["Infernal Blade","Perfected Strike"],"picked":"Thunderclap","floor":0},{"not_picked":["Anger","Cleave"],"picked":"Deep Breath","floor":0},{"not_picked":["Thunderclap","Clothesline"],"picked":"Forethought","floor":0},{"not_picked":["Body Slam","Perfected Strike"],"picked":"Disarm","floor":1},{"not_picked":["Madness","Pummel"],"picked":"Flex","floor":2},{"not_picked":["Iron Wave","Body Slam"],"picked":"Seeing Red","floor":4},{"not_picked":["Sword Boomerang","Berserk"],"picked":"Bludgeon","floor":6},{"not_picked":["Anger","Combust","Dropkick"],"picked":"SKIP","floor":10},{"not_picked":["Havoc","Hemokinesis"],"picked":"Rampage","floor":11},{"not_picked":["Bloodletting","Heavy Blade"],"picked":"Iron Wave","floor":12},{"not_picked":["Armaments","Deep Breath","Flex"],"picked":"SKIP","floor":14},{"not_picked":["Secret Weapon","Brutality"],"picked":"Barricade","floor":16},{"not_picked":["True Grit","Clothesline","Warcry"],"picked":"SKIP","floor":18},{"not_picked":["Sword Boomerang+1","Iron Wave"],"picked":"Battle Trance","floor":19},{"not_picked":["Anger","Clash"],"picked":"Shrug It Off","floor":22},{"not_picked":["Entrench+1","Disarm+1"],"picked":"Reaper","floor":24},{"not_picked":["Dramatic Entrance","Perfected Strike+1"],"picked":"Panacea","floor":25},{"not_picked":["Perfected Strike","Twin Strike","Warcry"],"picked":"SKIP","floor":27},{"not_picked":["Carnage+1","Sentinel"],"picked":"Dark Shackles+1","floor":28},{"not_picked":["Headbutt","Rage"],"picked":"Madness","floor":31},{"not_picked":["Offering","Transmutation"],"picked":"Limit Break","floor":33},{"not_picked":["Armaments","Headbutt+1"],"picked":"Blind","floor":35},{"not_picked":["Twin Strike","Blood for Blood","Iron Wave"],"picked":"SKIP","floor":36},{"not_picked":["Armaments+1","Rampage+1"],"picked":"Shrug It Off+1","floor":40},{"not_picked":["Purity","Clothesline+1"],"picked":"Spot Weakness+1","floor":42},{"not_picked":["Warcry","Twin Strike"],"picked":"Metallicize+1","floor":44},{"not_picked":["Spot Weakness","Dramatic Entrance","Warcry"],"picked":"SKIP","floor":46},{"not_picked":["Heavy Blade+1","Clash+1"],"picked":"Dark Shackles+1","floor":48}],"player_experience":3719025,"relics_obtained":[{"floor":6,"key":"Meat on the Bone"},{"floor":9,"key":"Ornamental Fan"},{"floor":12,"key":"Dream Catcher"},{"floor":24,"key":"Vajra"},{"floor":26,"key":"Ancient Tea Set"},{"floor":40,"key":"Omamori"},{"floor":40,"key":"Bag of Preparation"},{"floor":43,"key":"Bottled Flame"},{"floor":44,"key":"Pantograph"},{"floor":44,"key":"Letter Opener"}],"event_choices":[{"damage_healed":0,"gold_gain":52,"player_choice":"Gained Gold","damage_taken":0,"max_hp_gain":0,"max_hp_loss":0,"event_name":"Golden Wing","floor":3,"gold_loss":0},{"damage_healed":20,"gold_gain":0,"player_choice":"Healed","damage_taken":0,"max_hp_gain":0,"max_hp_loss":0,"event_name":"The Cleric","floor":5,"gold_loss":35},{"damage_healed":0,"gold_gain":0,"player_choice":"Got Potions","damage_taken":0,"max_hp_gain":0,"max_hp_loss":0,"event_name":"Lab","floor":7,"gold_loss":0},{"cards_removed":["Forethought"],"damage_healed":23,"gold_gain":0,"player_choice":"Offered Uncommon","damage_taken":0,"max_hp_gain":0,"max_hp_loss":0,"event_name":"Bonfire Elementals","floor":13,"gold_loss":0},{"damage_healed":0,"gold_gain":0,"player_choice":"Rummage","damage_taken":0,"relics_obtained":["WarpedTongs"],"max_hp_gain":0,"max_hp_loss":0,"event_name":"Accursed Blacksmith","floor":20,"gold_loss":0,"cards_obtained":["Pain"]},{"damage_healed":0,"gold_gain":0,"player_choice":"Ignored","damage_taken":0,"max_hp_gain":0,"max_hp_loss":0,"event_name":"Vampires","floor":30,"gold_loss":0},{"damage_healed":0,"gold_gain":0,"player_choice":"Ignored","damage_taken":0,"max_hp_gain":0,"max_hp_loss":0,"event_name":"Tomb of Lord Red Mask","floor":37,"gold_loss":0},{"damage_healed":0,"gold_gain":0,"player_choice":"Embrace Madness","damage_taken":10,"max_hp_gain":0,"max_hp_loss":0,"event_name":"Winding Halls","floor":38,"gold_loss":0,"cards_obtained":["Madness","Madness"]},{"damage_healed":0,"gold_gain":0,"cards_transformed":["Hemokinesis"],"player_choice":"Transformed","damage_taken":0,"max_hp_gain":0,"max_hp_loss":0,"event_name":"Transmorgrifier","floor":39,"gold_loss":0,"cards_obtained":["Whirlwind"]}],"is_beta":false,"boss_relics":[{"not_picked":["Ectoplasm","Orrery"],"picked":"Sozu"},{"not_picked":["Snecko Eye","Runic Dome"],"picked":"Black Star"}],"items_purged_floors":[29],"is_endless":false,"potions_floor_spawned":[2,12,18,19,31,33,35,40,46,48],"killed_by":"Time Eater","ascension_level":0}