{"path_per_floor":["M","M","$","M","M","R","E","M","T","R","M","M","R","?","R","B",null,"M","M","M","?","$","R","M","?","T","$","R","?","R","M","R"],"character_chosen":"IRONCLAD","items_purchased":["Pantograph"],"gold_per_floor":[119,135,60,70,84,84,117,135,158,158,175,186,186,136,136,236,236,255,272,290,290,42,42,59,59,85,85,85,85,85,103,103],"floor_reached":33,"campfire_rested":2,"playtime":2939,"current_hp_per_floor":[78,77,77,80,80,80,64,70,70,70,76,82,82,82,82,68,87,77,65,39,39,39,39,13,13,13,13,39,39,65,71,71],"items_purged":["Strike_R"],"gold":103,"play_id":"8ad6d2a9-ccbd-4acb-8849-d687b639fcaa","is_prod":false,"is_daily":false,"is_ascension_mode":false,"campfire_upgraded":6,"path_taken":["M","M","$","M","M","R","E","M","T","R","M","?","R","?","R","BOSS","M","M","M","?","$","R","M","?","T","?","R","?","R","M","R","BOSS"],"build_version":"2018-02-01-PROD3","purchased_purges":1,"victory":false,"master_deck":["Strike_R","Strike_R","Strike_R+1","Defend_R","Defend_R","Defend_R","Defend_R","Bash+1","Shrug It Off+1","Twin Strike+1","Shrug It Off+1","Whirlwind+1","Body Slam+1","Shockwave+1","Shrug It Off","Shrug It Off+1"],"max_hp_per_floor":[80,80,80,80,80,80,87,87,87,87,87,87,87,87,87,87,87,87,87,87,87,87,87,87,87,87,87,87,87,87,87,87],"relics":["Burning Blood","Bag of Marbles","Strawberry","Whetstone","Lizard Tail","Pantograph","Happy Flower"],"card_choices":[{"not_picked":["Dropkick","Clothesline"],"picked":"Shrug It Off"},{"not_picked":["Thunderclap","Flex"],"picked":"Twin Strike"},{"not_picked":["True Grit","Cleave"],"picked":"Shrug It Off"},{"not_picked":["Warcry","Rampage"],"picked":"Whirlwind"},{"not_picked":["Juggernaut","Warcry"],"picked":"Body Slam"},{"not_picked":["Wild Strike","Anger"],"picked":"Shockwave"},{"not_picked":["Heavy Blade","Perfected Strike"],"picked":"Shrug It Off"}],"player_experience":549105,"potions_floor_usage":[7,16,16,18,19,33],"damage_taken":[{"damage":8,"enemies":"Blue Slaver","floor":1,"turns":6},{"damage":7,"enemies":"Small Slimes","floor":2,"turns":3},{"damage":0,"enemies":"Cultist","floor":4,"turns":3},{"damage":0,"enemies":"Red Slaver","floor":5,"turns":5},{"damage":29,"enemies":"Lagavulin","floor":7,"turns":6},{"damage":0,"enemies":"Large Slime","floor":8,"turns":4},{"damage":0,"enemies":"Lots of Slimes","floor":11,"turns":2},{"damage":0,"enemies":"Exordium Wildlife","floor":12,"turns":1},{"damage":20,"enemies":"The Guardian","floor":16,"turns":12},{"damage":16,"enemies":"Chosen","floor":18,"turns":5},{"damage":18,"enemies":"Spheric Guardian","floor":19,"turns":6},{"damage":32,"enemies":"Cultist and Chosen","floor":20,"turns":7},{"damage":32,"enemies":"Snake Plant","floor":24,"turns":6},{"damage":0,"enemies":"Centurion and Healer","floor":31,"turns":6},{"damage":149,"enemies":"Automaton","floor":33,"turns":18}],"event_choices":[{"event_name":"The Cleric","player_choice":"Card Removal","floor":14,"damage_taken":0},{"event_name":"Duplicator","player_choice":"One dupe","floor":21,"damage_taken":0},{"event_name":"Drug Dealer","player_choice":"Ignored","floor":25,"damage_taken":0},{"event_name":"Vampires","player_choice":"Ignored","floor":29,"damage_taken":0}],"boss_relics":[{"not_picked":["Question Card","Eternal Feather"],"picked":"Lizard Tail"}],"potions_floor_spawned":[1,2,5,7,18,31],"seed_played":"-830123497856106706","killed_by":"Automaton","ascension_level":0,"is_trial":false}