{"gold_per_floor":[413,9,9,23,40,40,75,75,75,86,86,86,86,105,105,206,206,216,11,22,33,50,50,61,61,88,119,119,119,79,99,99,199,199,212,226,0,16,28,28],"floor_reached":40,"playtime":3888,"items_purged":["Doubt","Strike_B"],"score":409,"play_id":"9eaa289c-6e77-4414-81de-dce2c74758ad","local_time":"20190617223349","is_ascension_mode":false,"campfire_choices":[{"data":"Zap","floor":6,"key":"SMITH"},{"floor":11,"key":"REST"},{"data":"Flash of Steel","floor":13,"key":"SMITH"},{"data":"Ball Lightning","floor":15,"key":"SMITH"},{"data":"Coolheaded","floor":23,"key":"SMITH"},{"data":"Leap","floor":25,"key":"SMITH"},{"floor":28,"key":"REST"},{"floor":32,"key":"REST"}],"neow_cost":"NONE","seed_source_timestamp":422609818560080,"circlet_count":0,"master_deck":["Strike_B","Strike_B","Defend_B","Defend_B","Defend_B","Defend_B","Zap+1","Dualcast","Leap+1","Flash of Steel+1","BootSequence","Defragment+1","Melter","Ball Lightning+1","Echo Form+1","Coolheaded+1","Defragment+1","Chill","Lockon+1","Capacitor+1","Buffer+1","Core Surge","Reprogram+1","Skim","Defragment+1","Steam","Heatsinks+1","Go for the Eyes+1"],"relics":["Calling Bell","Bag of Marbles","Frozen Egg 2","Old Coin","Kunai","Letter Opener","Dodecahedron","Spirit Poop","Philosopher\u0027s Stone","PreservedInsect","Sundial","Fusion Hammer"],"potions_floor_usage":[7,16,20,27,29,31,33,33,40],"damage_taken":[{"damage":5,"enemies":"Small Slimes","floor":1,"turns":4},{"damage":0,"enemies":"Jaw Worm","floor":4,"turns":4},{"damage":0,"enemies":"Cultist","floor":5,"turns":5},{"damage":14,"enemies":"Lagavulin","floor":7,"turns":7},{"damage":1,"enemies":"Looter","floor":10,"turns":3},{"damage":0,"enemies":"Lots of Slimes","floor":14,"turns":3},{"damage":11,"enemies":"The Guardian","floor":16,"turns":9},{"damage":14,"enemies":"Shell Parasite","floor":18,"turns":5},{"damage":3,"enemies":"3 Byrds","floor":20,"turns":2},{"damage":0,"enemies":"3 Cultists","floor":21,"turns":5},{"damage":1,"enemies":"Sentry and Sphere","floor":22,"turns":4},{"damage":8,"enemies":"Centurion and Healer","floor":24,"turns":6},{"damage":28,"enemies":"Gremlin Leader","floor":27,"turns":4},{"damage":8,"enemies":"Colosseum Slavers","floor":29,"turns":4},{"damage":9,"enemies":"Shelled Parasite and Fungi","floor":31,"turns":7},{"damage":20,"enemies":"Automaton","floor":33,"turns":12},{"damage":37,"enemies":"3 Darklings","floor":35,"turns":6},{"damage":0,"enemies":"3 Shapes","floor":36,"turns":5},{"damage":9,"enemies":"3 Darklings","floor":38,"turns":6},{"damage":0,"enemies":"Maw","floor":39,"turns":7},{"damage":32,"enemies":"Reptomancer","floor":40,"turns":3}],"seed_played":"8228892835591070214","potions_obtained":[{"floor":5,"key":"FocusPotion"},{"floor":7,"key":"Strength Potion"},{"floor":14,"key":"LiquidBronze"},{"floor":21,"key":"Dexterity Potion"},{"floor":27,"key":"SkillPotion"},{"floor":30,"key":"Block Potion"},{"floor":30,"key":"Strength Potion"},{"floor":35,"key":"SteroidPotion"}],"is_trial":false,"path_per_floor":["M","$","?","M","M","R","E","?","T","M","R","?","R","M","R","B",null,"M","$","M","M","M","R","M","R","T","E","R","?","?","M","R","B",null,"M","M","$","M","M","E"],"character_chosen":"DEFECT","items_purchased":["Kunai","Flash of Steel","Defragment+1","Chill","PowerPotion","Defragment+1","Steam"],"campfire_rested":3,"item_purchase_floors":[2,2,19,19,19,37,37],"current_hp_per_floor":[70,70,70,70,70,70,56,49,49,48,70,70,70,70,70,59,75,61,61,58,58,57,57,49,49,49,21,43,35,35,26,48,28,75,38,38,38,29,29,0],"gold":28,"neow_bonus":"BOSS_RELIC","is_prod":false,"is_daily":false,"chose_seed":false,"campfire_upgraded":5,"win_rate":0,"timestamp":1560825229,"path_taken":["M","$","?","M","M","R","E","?","T","M","R","?","R","?","R","BOSS","M","$","M","M","M","R","M","R","T","E","R","?","?","M","R","BOSS","M","M","$","?","M","E"],"build_version":"2019-01-23","purchased_purges":2,"victory":false,"max_hp_per_floor":[75,75,75,75,75,75,75,75,75,75,75,75,75,75,75,75,75,75,75,75,75,75,75,75,75,75,75,75,75,75,75,75,75,75,75,75,75,75,75,75],"card_choices":[{"not_picked":["Gash","Chaos"],"picked":"Leap","floor":1},{"not_picked":["Compile Driver","Lockon","Leap"],"picked":"SKIP","floor":4},{"not_picked":["Doom and Gloom","Aggregate"],"picked":"Defragment+1","floor":5},{"not_picked":["Cold Snap","Leap"],"picked":"Melter","floor":7},{"not_picked":["Rebound","Beam Cell","Barrage"],"picked":"SKIP","floor":10},{"not_picked":["Turbo","BootSequence"],"picked":"Ball Lightning","floor":14},{"not_picked":["Multi-Cast","Electrodynamics+1"],"picked":"Echo Form+1","floor":16},{"not_picked":["Compile Driver","Hologram"],"picked":"Coolheaded","floor":18},{"not_picked":["Streamline","Tempest","Stack"],"picked":"SKIP","floor":20},{"not_picked":["Streamline+1","Gash"],"picked":"Lockon+1","floor":21},{"not_picked":["Barrage","Stack","Streamline"],"picked":"SKIP","floor":22},{"not_picked":["Compile Driver","Sweeping Beam+1"],"picked":"Capacitor+1","floor":24},{"not_picked":["Rebound","Doom and Gloom+1"],"picked":"Buffer+1","floor":27},{"not_picked":["Streamline","Compile Driver","Hologram"],"picked":"SKIP","floor":31},{"not_picked":["Rainbow","Creative AI+1"],"picked":"Core Surge","floor":33},{"not_picked":["Sweeping Beam","Storm+1"],"picked":"Reprogram+1","floor":35},{"not_picked":["Gash","Ball Lightning+1"],"picked":"Skim","floor":36},{"not_picked":["Compile Driver","Gash"],"picked":"Heatsinks+1","floor":38},{"not_picked":["Rebound+1","Conserve Battery+1"],"picked":"Go for the Eyes+1","floor":39}],"player_experience":3771090,"relics_obtained":[{"floor":0,"key":"Bag of Marbles"},{"floor":0,"key":"Frozen Egg 2"},{"floor":0,"key":"Old Coin"},{"floor":7,"key":"Letter Opener"},{"floor":9,"key":"Dodecahedron"},{"floor":26,"key":"PreservedInsect"},{"floor":27,"key":"Sundial"}],"event_choices":[{"damage_healed":0,"gold_gain":0,"cards_transformed":["Strike_B"],"player_choice":"Change","damage_taken":0,"max_hp_gain":0,"max_hp_loss":0,"event_name":"Living Wall","floor":3,"gold_loss":0,"cards_obtained":["BootSequence"]},{"cards_removed":["Doubt"],"damage_healed":0,"gold_gain":0,"player_choice":"Card Removal","damage_taken":7,"max_hp_gain":0,"max_hp_loss":0,"event_name":"Golden Wing","floor":8,"gold_loss":0},{"cards_removed":["Injury"],"damage_healed":0,"gold_gain":0,"player_choice":"Offered Curse","damage_taken":0,"relics_obtained":["Spirit Poop"],"max_hp_gain":0,"max_hp_loss":0,"event_name":"Bonfire Elementals","floor":12,"gold_loss":0},{"damage_healed":0,"gold_gain":0,"player_choice":"Fight","damage_taken":0,"max_hp_gain":0,"max_hp_loss":0,"event_name":"Colosseum","floor":29,"gold_loss":0},{"damage_healed":0,"gold_gain":0,"player_choice":"Fled From Nobs","damage_taken":0,"max_hp_gain":0,"max_hp_loss":0,"event_name":"Colosseum","floor":29,"gold_loss":0},{"damage_healed":0,"gold_gain":0,"player_choice":"Bought 3 Potions","damage_taken":0,"max_hp_gain":0,"max_hp_loss":0,"event_name":"The Woman in Blue","floor":30,"gold_loss":0}],"is_beta":false,"boss_relics":[{"not_picked":["Busted Crown","Orrery"],"picked":"Philosopher\u0027s Stone"},{"not_picked":["Eternal Feather","White Beast Statue"],"picked":"Fusion Hammer"}],"items_purged_floors":[2,37],"is_endless":false,"potions_floor_spawned":[5,7,14,21,27,29,35],"killed_by":"Reptomancer","ascension_level":0}