{"gold_per_floor":[110,124,199,223,0,29,29,57,57,75,29,29,39,55,55,159,159,175,175,202,202,213,213,239,25,80,92,119,230,268,290,302,414,426,449,45,45,56,66,66,91,91,91,116,116,116,116,135,135,135],"floor_reached":51,"playtime":5491,"items_purged":["Strike_R","Writhe"],"score":1222,"play_id":"4b0ab61d-53ad-4805-8b0b-2f76c0a08509","local_time":"20181215162517","is_ascension_mode":true,"campfire_choices":[{"data":"Armaments","floor":7,"key":"SMITH"},{"data":"Demon Form","floor":12,"key":"SMITH"},{"data":"True Grit","floor":15,"key":"SMITH"},{"floor":23,"key":"REST"},{"data":"Entrench","floor":27,"key":"SMITH"},{"data":"Decay","floor":32,"key":"PURGE"},{"data":"Offering","floor":40,"key":"SMITH"},{"data":"Uppercut","floor":42,"key":"SMITH"},{"data":"Bash","floor":45,"key":"SMITH"},{"data":"Clumsy","floor":47,"key":"PURGE"},{"data":"Strike_R","floor":49,"key":"PURGE"}],"neow_cost":"NONE","seed_source_timestamp":249652644435748,"circlet_count":0,"master_deck":["AscendersBane","Strike_R","Defend_R","Defend_R","Defend_R","Defend_R","Bash+1","Armaments+1","Clothesline","Entrench","Demon Form+1","Disarm","Heavy Blade","True Grit+1","Feed","Iron Wave+1","Headbutt","Wild Strike","Anger","Shrug It Off+1","Entrench+1","Reaper","Offering+1","Entrench+1","Feed","Uppercut+1","Body Slam","Jack Of All Trades"],"relics":["Burning Blood","NeowsBlessing","Anchor","Vajra","Bottled Lightning","Incense Burner","Peace Pipe","Cursed Key","Red Mask","Calipers","MawBank","Red Skull","Snecko Eye","Oddly Smooth Stone","Champion Belt","Boot","Darkstone Periapt"],"potions_floor_usage":[16,18,18,20,24,28,50,50],"damage_taken":[{"damage":0,"enemies":"2 Louse","floor":1,"turns":1},{"damage":0,"enemies":"Jaw Worm","floor":2,"turns":1},{"damage":0,"enemies":"3 Sentries","floor":6,"turns":2},{"damage":24,"enemies":"Gremlin Nob","floor":8,"turns":4},{"damage":6,"enemies":"Cultist","floor":10,"turns":4},{"damage":2,"enemies":"Red Slaver","floor":13,"turns":4},{"damage":9,"enemies":"Exordium Wildlife","floor":14,"turns":5},{"damage":27,"enemies":"The Guardian","floor":16,"turns":11},{"damage":5,"enemies":"3 Byrds","floor":18,"turns":10},{"damage":38,"enemies":"Masked Bandits","floor":20,"turns":8},{"damage":32,"enemies":"Chosen","floor":22,"turns":6},{"damage":2,"enemies":"Book of Stabbing","floor":24,"turns":7},{"damage":13,"enemies":"Snecko","floor":28,"turns":6},{"damage":13,"enemies":"Centurion and Healer","floor":31,"turns":11},{"damage":89,"enemies":"Collector","floor":33,"turns":12},{"damage":28,"enemies":"3 Darklings","floor":35,"turns":7},{"damage":1,"enemies":"3 Shapes","floor":38,"turns":10},{"damage":12,"enemies":"Jaw Worm Horde","floor":39,"turns":6},{"damage":6,"enemies":"Giant Head","floor":41,"turns":10},{"damage":25,"enemies":"Nemesis","floor":44,"turns":7},{"damage":0,"enemies":"4 Shapes","floor":48,"turns":8},{"damage":24,"enemies":"Time Eater","floor":50,"turns":10}],"seed_played":"-2779370479000208705","potions_obtained":[{"floor":8,"key":"Dexterity Potion"},{"floor":13,"key":"Swift Potion"},{"floor":16,"key":"Swift Potion"},{"floor":18,"key":"SkillPotion"},{"floor":22,"key":"Swift Potion"},{"floor":33,"key":"Block Potion"},{"floor":35,"key":"Fire Potion"}],"is_trial":false,"path_per_floor":["M","M","?","T","$","E","R","E","T","M","$","R","M","M","R","B",null,"M","?","?","?","M","R","E","$","T","R","M","?","T","M","R","B",null,"M","$","?","M","M","R","E","R","T","E","R","?","R","M","R","B",null],"character_chosen":"IRONCLAD","items_purchased":["Vajra","Heavy Blade","Reaper","Swift Potion","Oddly Smooth Stone","Entrench","Feed"],"campfire_rested":1,"item_purchase_floors":[5,11,25,25,36,36,36],"current_hp_per_floor":[78,80,69,69,69,75,75,57,57,57,57,57,61,58,58,37,69,74,74,45,45,19,45,49,49,49,49,59,59,59,90,90,43,78,90,90,90,97,94,94,103,103,103,107,107,107,107,110,110,113],"gold":135,"neow_bonus":"THREE_ENEMY_KILL","is_prod":false,"is_daily":false,"chose_seed":false,"campfire_upgraded":7,"win_rate":0,"timestamp":1544909117,"path_taken":["M","M","?","?","$","E","R","E","T","?","?","R","M","M","R","BOSS","M","?","?","?","M","R","E","$","T","R","M","?","?","M","R","BOSS","M","$","?","M","?","R","E","R","T","E","R","?","R","M","R","BOSS"],"build_version":"2018-12-13","purchased_purges":2,"victory":true,"max_hp_per_floor":[80,80,80,80,80,80,80,80,80,80,80,80,80,80,80,80,80,84,84,87,87,87,87,87,87,87,87,87,87,87,90,90,90,90,90,90,90,97,100,100,103,103,103,107,107,107,107,110,110,113],"card_choices":[{"not_picked":["Intimidate","Dropkick"],"picked":"Armaments","floor":1},{"not_picked":["Shrug It Off","Infernal Blade"],"picked":"Clothesline","floor":2},{"not_picked":["Sword Boomerang","Intimidate"],"picked":"Entrench","floor":6},{"not_picked":["Burning Pact","Ghostly Armor"],"picked":"Demon Form","floor":8},{"not_picked":["Combust","Whirlwind"],"picked":"Disarm","floor":10},{"not_picked":["Twin Strike","Sever Soul","Flex"],"picked":"SKIP","floor":13},{"not_picked":["Spot Weakness","Thunderclap"],"picked":"True Grit","floor":14},{"not_picked":["Brutality","Bludgeon"],"picked":"Feed","floor":16},{"not_picked":["Thunderclap","Sword Boomerang"],"picked":"Iron Wave+1","floor":18},{"not_picked":["Metallicize+1","Carnage+1"],"picked":"Anger","floor":20},{"not_picked":["Infernal Blade","Uppercut"],"picked":"Shrug It Off+1","floor":22},{"not_picked":["Twin Strike","Rampage"],"picked":"Entrench","floor":24},{"not_picked":["Headbutt","Fire Breathing+1","Warcry"],"picked":"SKIP","floor":28},{"not_picked":["Dark Embrace","Shrug It Off","Searing Blow"],"picked":"SKIP","floor":31},{"not_picked":["Double Tap","Demon Form"],"picked":"Offering","floor":33},{"not_picked":["Iron Wave","Havoc","True Grit"],"picked":"SKIP","floor":35},{"not_picked":["Havoc+1","Infernal Blade+1","Clash"],"picked":"SKIP","floor":38},{"not_picked":["Havoc","Spot Weakness+1","Rupture"],"picked":"SKIP","floor":39},{"not_picked":["Offering","Combust+1"],"picked":"Uppercut","floor":41},{"not_picked":["Warcry+1","Sword Boomerang"],"picked":"Body Slam","floor":44},{"not_picked":["Trip","Violence"],"picked":"Jack Of All Trades","floor":46},{"not_picked":["Flex+1","Twin Strike+1","Havoc"],"picked":"SKIP","floor":48}],"player_experience":2927582,"relics_obtained":[{"floor":4,"key":"Anchor"},{"floor":6,"key":"Bottled Lightning"},{"floor":8,"key":"Incense Burner"},{"floor":9,"key":"Peace Pipe"},{"floor":20,"key":"Red Mask"},{"floor":24,"key":"Calipers"},{"floor":26,"key":"MawBank"},{"floor":30,"key":"Red Skull"},{"floor":41,"key":"Champion Belt"},{"floor":43,"key":"Boot"},{"floor":44,"key":"Darkstone Periapt"}],"event_choices":[{"damage_healed":0,"gold_gain":75,"player_choice":"Gather Gold","damage_taken":11,"max_hp_gain":0,"max_hp_loss":0,"event_name":"World of Goop","floor":3,"gold_loss":0},{"damage_healed":0,"gold_gain":0,"cards_transformed":["Strike_R","Strike_R"],"player_choice":"Became Test Subject","damage_taken":0,"max_hp_gain":0,"max_hp_loss":0,"event_name":"Drug Dealer","floor":19,"gold_loss":0,"cards_obtained":["Headbutt","Wild Strike"]},{"damage_healed":0,"gold_gain":0,"player_choice":"Fought Bandits","damage_taken":0,"max_hp_gain":0,"max_hp_loss":0,"event_name":"Masked Bandits","floor":20,"gold_loss":0},{"damage_healed":0,"gold_gain":0,"player_choice":"Ignored","damage_taken":0,"max_hp_gain":0,"max_hp_loss":0,"event_name":"Vampires","floor":21,"gold_loss":0},{"damage_healed":0,"gold_gain":99,"player_choice":"Stole From Cult","damage_taken":0,"max_hp_gain":0,"max_hp_loss":0,"event_name":"Nest","floor":29,"gold_loss":0},{"damage_healed":0,"gold_gain":0,"player_choice":"Upgraded","damage_taken":0,"max_hp_gain":0,"max_hp_loss":0,"event_name":"Upgrade Shrine","floor":37,"gold_loss":0,"cards_upgraded":["Entrench"]},{"damage_healed":0,"gold_gain":0,"player_choice":"Memory 1","damage_taken":0,"max_hp_gain":0,"max_hp_loss":0,"event_name":"SensoryStone","floor":46,"gold_loss":0}],"is_beta":false,"boss_relics":[{"not_picked":["Philosopher\u0027s Stone","Black Blood"],"picked":"Cursed Key"},{"not_picked":["Orrery","White Beast Statue"],"picked":"Snecko Eye"}],"items_purged_floors":[5,36],"is_endless":false,"potions_floor_spawned":[8,13,14,16,18,22,33,35,41],"ascension_level":11}