{"gold_per_floor":[109,124,140,151,167,197,197,167,167,167,184,184,203,217,217,320,320,331,347,16,27,47,47,64,64,109,109,143,162,162,77,77,180,180,196,214,214,10,10,10,10,37,87,105,29,29,59,159,159,159],"floor_reached":51,"playtime":3340,"items_purged":["Strike_B","Strike_B"],"score":904,"play_id":"644f8eca-1afe-4c73-97f7-7bb32ea3004b","local_time":"20190514093340","is_ascension_mode":false,"campfire_choices":[{"data":"Consume","floor":7,"key":"SMITH"},{"data":"Static Discharge","floor":10,"key":"SMITH"},{"data":"Coolheaded","floor":12,"key":"SMITH"},{"data":"Defend_B","floor":15,"key":"SMITH"},{"data":"Buffer","floor":23,"key":"SMITH"},{"data":"Cold Snap","floor":25,"key":"SMITH"},{"data":"Zap","floor":27,"key":"SMITH"},{"data":"Darkness","floor":32,"key":"SMITH"},{"data":"Strike_B","floor":40,"key":"PURGE"},{"data":"Strike_B","floor":46,"key":"PURGE"},{"data":"Defend_B","floor":49,"key":"PURGE"}],"neow_cost":"NONE","seed_source_timestamp":2986312513530274,"circlet_count":0,"master_deck":["Defend_B","Defend_B","Defend_B+1","Zap+1","Dualcast","Cold Snap+1","Consume+1","Darkness+1","Static Discharge+1","Coolheaded+1","Recycle+1","Conserve Battery+1","BootSequence+1","Buffer+1","Turbo+1","Leap+1","Steam Power+1","Steam+1","Conserve Battery+1","Genetic Algorithm+1","Static Discharge+1","Loop+1","Core Surge","Glacier+1","Self Repair+1","Glacier+1","Defragment+1","Double Energy+1","Static Discharge+1","Hologram+1","Coolheaded+1","Redo+1","Chill+1","Skim+1","Stack+1"],"relics":["Runic Dome","Meat on the Bone","Toxic Egg 2","Inserter","Frozen Egg 2","Happy Flower","Bag of Preparation","Peace Pipe","Orrery","Ornamental Fan","Centennial Puzzle","Torii","Emotion Chip"],"potions_floor_usage":[16,33,35,50,50,50,50,50,50],"damage_taken":[{"damage":1,"enemies":"Cultist","floor":1,"turns":3},{"damage":1,"enemies":"2 Louse","floor":2,"turns":3},{"damage":0,"enemies":"Jaw Worm","floor":3,"turns":3},{"damage":0,"enemies":"Looter","floor":4,"turns":4},{"damage":4,"enemies":"Exordium Thugs","floor":5,"turns":5},{"damage":25,"enemies":"Gremlin Nob","floor":6,"turns":5},{"damage":11,"enemies":"2 Fungi Beasts","floor":11,"turns":5},{"damage":8,"enemies":"3 Louse","floor":13,"turns":3},{"damage":7,"enemies":"Blue Slaver","floor":14,"turns":4},{"damage":44,"enemies":"Slime Boss","floor":16,"turns":7},{"damage":0,"enemies":"Spheric Guardian","floor":18,"turns":6},{"damage":7,"enemies":"Shell Parasite","floor":19,"turns":11},{"damage":0,"enemies":"Snecko","floor":21,"turns":5},{"damage":16,"enemies":"Centurion and Healer","floor":22,"turns":9},{"damage":1,"enemies":"Chosen and Byrds","floor":24,"turns":7},{"damage":0,"enemies":"Book of Stabbing","floor":28,"turns":6},{"damage":0,"enemies":"Sentry and Sphere","floor":29,"turns":7},{"damage":0,"enemies":"Champ","floor":33,"turns":9},{"damage":0,"enemies":"3 Shapes","floor":35,"turns":5},{"damage":0,"enemies":"3 Darklings","floor":36,"turns":10},{"damage":0,"enemies":"Reptomancer","floor":42,"turns":8},{"damage":4,"enemies":"4 Shapes","floor":44,"turns":12},{"damage":12,"enemies":"Nemesis","floor":47,"turns":9},{"damage":0,"enemies":"Mind Bloom Boss Battle","floor":48,"turns":9},{"damage":0,"enemies":"Donu and Deca","floor":50,"turns":17}],"seed_played":"2087044748520223119","potions_obtained":[{"floor":3,"key":"FairyPotion"},{"floor":4,"key":"Regen Potion"},{"floor":8,"key":"EntropicBrew"},{"floor":8,"key":"LiquidBronze"},{"floor":19,"key":"Dexterity Potion"},{"floor":24,"key":"PowerPotion"},{"floor":33,"key":"Fire Potion"},{"floor":35,"key":"SpeedPotion"}],"is_trial":false,"path_per_floor":["M","M","M","M","M","E","R","?","T","R","M","R","M","M","R","B",null,"M","M","$","M","M","R","M","R","T","R","E","M","?","?","R","B",null,"M","M","?","$","?","R","?","E","T","M","$","R","E","?","R","B",null],"character_chosen":"DEFECT","items_purchased":["Frozen Egg 2","Coolheaded+1","Redo+1","Chill+1"],"campfire_rested":0,"item_purchase_floors":[20,38,38,45],"current_hp_per_floor":[74,73,73,73,69,44,44,44,44,44,45,45,49,42,42,25,75,75,68,68,68,52,52,51,51,51,51,51,51,51,51,51,51,75,75,75,75,75,71,71,71,71,71,71,71,71,69,71,71,71],"gold":159,"neow_bonus":"BOSS_RELIC","is_prod":false,"is_daily":false,"chose_seed":false,"campfire_upgraded":8,"win_rate":0,"timestamp":1557840820,"path_taken":["M","M","M","?","M","E","R","?","T","R","M","R","M","M","R","BOSS","M","?","$","M","M","R","M","R","T","R","E","M","?","?","R","BOSS","M","M","?","$","?","R","?","E","T","M","?","R","E","?","R","BOSS"],"build_version":"2019-01-23","purchased_purges":2,"victory":true,"max_hp_per_floor":[75,75,75,75,75,75,75,75,75,75,75,75,75,75,75,75,75,75,75,75,75,75,75,75,75,75,75,75,75,75,75,75,75,75,75,75,75,75,71,71,71,71,71,71,71,71,71,71,71,71],"card_choices":[{"not_picked":["Barrage","Capacitor"],"picked":"Cold Snap","floor":1},{"not_picked":["Ball Lightning","Steam"],"picked":"Consume","floor":2},{"not_picked":["Cold Snap","Multi-Cast"],"picked":"Darkness","floor":3},{"not_picked":["Streamline","Redo"],"picked":"Hello World","floor":4},{"not_picked":["Gash","Rip and Tear"],"picked":"Static Discharge","floor":5},{"not_picked":["BootSequence","Cold Snap"],"picked":"Coolheaded","floor":6},{"not_picked":["Machine Learning","Conserve Battery+1"],"picked":"Recycle+1","floor":11},{"not_picked":["Steam+1","Steam Power+1"],"picked":"Conserve Battery+1","floor":13},{"not_picked":["Beam Cell","Hello World"],"picked":"BootSequence+1","floor":14},{"not_picked":["All For One","Hyperbeam"],"picked":"Buffer","floor":16},{"not_picked":["Static Discharge","Leap+1"],"picked":"Turbo+1","floor":18},{"not_picked":["Sunder","Lockon+1"],"picked":"Leap+1","floor":19},{"not_picked":["Turbo+1","Beam Cell"],"picked":"Steam Power+1","floor":21},{"not_picked":["Force Field+1","Coolheaded+1"],"picked":"Steam+1","floor":22},{"not_picked":["Fission+1","Redo+1"],"picked":"Conserve Battery+1","floor":24},{"not_picked":["Rebound","Cold Snap"],"picked":"Genetic Algorithm+1","floor":28},{"not_picked":["Turbo+1","Ball Lightning+1"],"picked":"Static Discharge+1","floor":29},{"not_picked":["Multi-Cast+1","Thunder Strike"],"picked":"Core Surge","floor":33},{"not_picked":["Streamline+1","Steam Power+1"],"picked":"Glacier+1","floor":34},{"not_picked":["Reprogram+1","Cold Snap"],"picked":"Self Repair+1","floor":34},{"not_picked":["Scrape","Tempest+1"],"picked":"Glacier+1","floor":34},{"not_picked":["Chill+1","Static Discharge+1"],"picked":"Defragment+1","floor":34},{"not_picked":["Force Field+1","Storm+1"],"picked":"Double Energy+1","floor":34},{"not_picked":["Compile Driver","Redo+1"],"picked":"Static Discharge+1","floor":35},{"not_picked":["Skim+1","Self Repair+1"],"picked":"Hologram+1","floor":36},{"not_picked":["Redo+1","Aggregate+1","Turbo+1"],"picked":"SKIP","floor":42},{"not_picked":["Streamline+1","Go for the Eyes","Lockon+1"],"picked":"SKIP","floor":44},{"not_picked":["Compile Driver","Go for the Eyes"],"picked":"Skim+1","floor":47},{"not_picked":["Heatsinks+1","Doom and Gloom"],"picked":"Stack+1","floor":48}],"player_experience":3669512,"relics_obtained":[{"floor":6,"key":"Meat on the Bone"},{"floor":9,"key":"Toxic Egg 2"},{"floor":26,"key":"Happy Flower"},{"floor":28,"key":"Bag of Preparation"},{"floor":42,"key":"Ornamental Fan"},{"floor":43,"key":"Centennial Puzzle"},{"floor":47,"key":"Torii"},{"floor":48,"key":"Emotion Chip"}],"event_choices":[{"damage_healed":0,"gold_gain":0,"player_choice":"Bought 2 Potions","damage_taken":0,"max_hp_gain":0,"max_hp_loss":0,"event_name":"The Woman in Blue","floor":8,"gold_loss":0},{"damage_healed":0,"gold_gain":0,"player_choice":"Read","damage_taken":0,"max_hp_gain":0,"max_hp_loss":0,"event_name":"The Library","floor":30,"gold_loss":0,"cards_obtained":["Loop"]},{"damage_healed":0,"gold_gain":0,"player_choice":"Obtained Relic","damage_taken":0,"relics_obtained":["Peace Pipe"],"max_hp_gain":0,"max_hp_loss":0,"event_name":"Addict","floor":31,"gold_loss":85},{"damage_healed":0,"gold_gain":0,"player_choice":"Ignored","damage_taken":0,"max_hp_gain":0,"max_hp_loss":0,"event_name":"Tomb of Lord Red Mask","floor":37,"gold_loss":0},{"damage_healed":0,"gold_gain":0,"player_choice":"Max HP","damage_taken":0,"max_hp_gain":0,"max_hp_loss":4,"event_name":"Winding Halls","floor":39,"gold_loss":0},{"cards_removed":["Hello World"],"damage_healed":0,"gold_gain":0,"player_choice":"Removed Power","damage_taken":0,"max_hp_gain":0,"max_hp_loss":0,"event_name":"Falling","floor":41,"gold_loss":0},{"damage_healed":0,"gold_gain":0,"player_choice":"Fight","damage_taken":0,"max_hp_gain":0,"max_hp_loss":0,"event_name":"MindBloom","floor":48,"gold_loss":0}],"is_beta":false,"boss_relics":[{"not_picked":["Fusion Hammer","Calling Bell"],"picked":"Inserter"},{"not_picked":["Busted Crown","Philosopher\u0027s Stone"],"picked":"Orrery"}],"items_purged_floors":[20,38],"is_endless":false,"potions_floor_spawned":[3,4,11,13,14,19,24,28,33,35,36],"ascension_level":0}