{"gold_per_floor":[116,15,29,29,29,29,57,132,132,144,160,221,251,278,278,381,381,391,403,503,515,515,542,467,467,490,508,35,50,68,84,84,180,180,198,213,227,31,76,76,176,207,207,96,106,106,118,132,132,132,132,132,32,65,65],"floor_reached":55,"playtime":7863,"items_purged":["Writhe","Strike_G"],"score":834,"play_id":"1d4b7180-e95f-4771-a86d-4763c954363b","local_time":"20181207190845","is_ascension_mode":false,"campfire_choices":[{"data":"Neutralize","floor":6,"key":"SMITH"},{"data":"Bouncing Flask","floor":15,"key":"SMITH"},{"floor":25,"key":"REST"},{"data":"Apotheosis","floor":32,"key":"SMITH"},{"floor":40,"key":"REST"},{"floor":46,"key":"RECALL"},{"floor":49,"key":"REST"},{"data":"Wraith Form v2","floor":52,"key":"SMITH"}],"neow_cost":"NONE","seed_source_timestamp":2054033757461705,"circlet_count":0,"master_deck":["Defend_G","Defend_G","Defend_G","Defend_G","Defend_G","Survivor+1","Neutralize+1","Bane+1","Sucker Punch","Backflip","Grand Finale","Bouncing Flask+1","Masterful Stab","Adrenaline","Slice","Acrobatics+1","PiercingWail","Skewer","Flechettes","Apotheosis+1","PiercingWail","PiercingWail","Infinite Blades","Wraith Form v2+1","Acrobatics+1","Blur+1","Blur+1","Dodge and Roll+1","Caltrops","Footwork","Dodge and Roll+1","Dash+1"],"relics":["Ring of the Snake","NeowsBlessing","Kunai","Oddly Smooth Stone","Ornamental Fan","Sozu","Mango","Mercury Hourglass","Sundial","Vajra","Ginger","Cursed Key","DollysMirror","FossilizedHelix","Ice Cream","Bottled Lightning","Bottled Flame"],"potions_floor_usage":[14,14,20,20],"damage_taken":[{"damage":0,"enemies":"Cultist","floor":1,"turns":1},{"damage":0,"enemies":"Small Slimes","floor":3,"turns":1},{"damage":0,"enemies":"Gremlin Nob","floor":7,"turns":1},{"damage":0,"enemies":"2 Louse","floor":10,"turns":3},{"damage":0,"enemies":"Blue Slaver","floor":11,"turns":4},{"damage":0,"enemies":"Lagavulin","floor":14,"turns":5},{"damage":14,"enemies":"Hexaghost","floor":16,"turns":10},{"damage":0,"enemies":"3 Byrds","floor":18,"turns":6},{"damage":0,"enemies":"Chosen","floor":19,"turns":5},{"damage":7,"enemies":"Colosseum Slavers","floor":20,"turns":5},{"damage":36,"enemies":"Colosseum Nobs","floor":20,"turns":7},{"damage":0,"enemies":"Snake Plant","floor":21,"turns":2},{"damage":6,"enemies":"Book of Stabbing","floor":23,"turns":5},{"damage":0,"enemies":"3 Cultists","floor":27,"turns":3},{"damage":0,"enemies":"Centurion and Healer","floor":29,"turns":4},{"damage":0,"enemies":"Snake Plant","floor":30,"turns":4},{"damage":5,"enemies":"Snecko","floor":31,"turns":5},{"damage":27,"enemies":"Collector","floor":33,"turns":7},{"damage":0,"enemies":"3 Darklings","floor":35,"turns":3},{"damage":1,"enemies":"Orb Walker","floor":36,"turns":3},{"damage":3,"enemies":"3 Darklings","floor":37,"turns":7},{"damage":39,"enemies":"2 Orb Walkers","floor":39,"turns":6},{"damage":0,"enemies":"Mind Bloom Boss Battle","floor":41,"turns":8},{"damage":0,"enemies":"Nemesis","floor":42,"turns":7},{"damage":0,"enemies":"Transient","floor":45,"turns":5},{"damage":0,"enemies":"Maw","floor":47,"turns":6},{"damage":0,"enemies":"Spire Growth","floor":48,"turns":5},{"damage":2,"enemies":"Awakened One","floor":50,"turns":18},{"damage":0,"enemies":"Shield and Spear","floor":54,"turns":10},{"damage":84,"enemies":"The Heart","floor":55,"turns":9}],"seed_played":"342742798618322095","potions_obtained":[{"floor":1,"key":"Regen Potion"},{"floor":11,"key":"Weak Potion"},{"floor":16,"key":"EssenceOfSteel"}],"is_trial":false,"path_per_floor":["M","$","M","?","?","R","E","?","T","M","M","?","?","E","R","B",null,"M","M","?","M","?","E","?","R","T","M","$","M","M","M","R","B",null,"M","M","M","$","?","R","?","E","T","$","M","R","M","M","R","B",null,"R","$","E","B"],"character_chosen":"THE_SILENT","items_purchased":["Sucker Punch","AttackPotion","Apotheosis","Ginger","DollysMirror","Footwork"],"campfire_rested":3,"item_purchase_floors":[2,2,28,28,38,44],"current_hp_per_floor":[70,70,70,56,56,56,56,45,45,45,45,45,45,59,59,45,70,70,70,41,41,41,35,35,60,60,60,60,60,60,55,55,28,84,84,83,80,80,41,66,66,66,66,66,66,66,66,66,84,82,84,84,84,84,0],"gold":65,"neow_bonus":"THREE_ENEMY_KILL","is_prod":false,"is_daily":false,"chose_seed":false,"campfire_upgraded":4,"win_rate":0,"timestamp":1544227725,"path_taken":["M","$","?","?","?","R","E","?","T","M","M","?","?","E","R","BOSS","M","M","?","M","?","E","?","R","T","M","$","M","M","M","R","BOSS","M","M","M","$","?","R","?","E","T","$","M","R","M","M","R","BOSS","R","$","E","BOSS"],"build_version":"2018-12-06","purchased_purges":2,"victory":false,"max_hp_per_floor":[70,70,70,70,70,70,70,70,70,70,70,70,70,70,70,70,70,70,70,84,84,84,84,84,84,84,84,84,84,84,84,84,84,84,84,84,84,84,84,84,84,84,84,84,84,84,84,84,84,84,84,84,84,84,84],"card_choices":[{"not_picked":["Well Laid Plans","Deflect"],"picked":"Bane","floor":1},{"not_picked":["Caltrops","Eviscerate"],"picked":"Backflip","floor":3},{"not_picked":["Eviscerate","Grand Finale","Flechettes"],"picked":"SKIP","floor":7},{"not_picked":["Deadly Poison","Tactician"],"picked":"Bouncing Flask","floor":10},{"not_picked":["Outmaneuver","Heel Hook","Choke"],"picked":"SKIP","floor":11},{"not_picked":["Concentrate","Bane"],"picked":"Masterful Stab","floor":14},{"not_picked":["Burst","Corpse Explosion"],"picked":"Adrenaline","floor":16},{"not_picked":["Escape Plan","Blade Dance","Underhanded Strike"],"picked":"SKIP","floor":18},{"not_picked":["Prepared","Bane"],"picked":"Slice","floor":19},{"not_picked":["Setup","Poisoned Stab"],"picked":"Acrobatics+1","floor":20},{"not_picked":["Prepared","Deadly Poison+1"],"picked":"PiercingWail","floor":21},{"not_picked":["Quick Slash","Underhanded Strike","Sucker Punch+1"],"picked":"SKIP","floor":23},{"not_picked":["Cloak And Dagger","Acrobatics","Sucker Punch"],"picked":"SKIP","floor":27},{"not_picked":["Tools of the Trade","Poisoned Stab"],"picked":"PiercingWail","floor":29},{"not_picked":["Deadly Poison","Dagger Throw"],"picked":"PiercingWail","floor":30},{"not_picked":["Underhanded Strike","Flying Knee"],"picked":"Infinite Blades","floor":31},{"not_picked":["Tools of the Trade","A Thousand Cuts"],"picked":"Wraith Form v2","floor":33},{"not_picked":["Cloak And Dagger","Poisoned Stab"],"picked":"Acrobatics+1","floor":35},{"not_picked":["Acrobatics","Dagger Spray+1"],"picked":"Blur+1","floor":36},{"not_picked":["Tools of the Trade","Flying Knee","Setup"],"picked":"SKIP","floor":37},{"not_picked":["Outmaneuver","Sucker Punch"],"picked":"Dodge and Roll+1","floor":39},{"not_picked":["Sucker Punch+1","Terror"],"picked":"Caltrops","floor":41},{"not_picked":["Accuracy+1","Finisher","Bane"],"picked":"SKIP","floor":42},{"not_picked":["Accuracy+1","Finisher","Bane"],"picked":"SKIP","floor":42},{"not_picked":["Dagger Spray+1","Deflect+1"],"picked":"Dodge and Roll+1","floor":45},{"not_picked":["Outmaneuver","Poisoned Stab","Underhanded Strike+1"],"picked":"SKIP","floor":47},{"not_picked":["Tactician","Reflex"],"picked":"Dash+1","floor":48},{"not_picked":["All Out Attack","Prepared","Sucker Punch"],"picked":"SKIP","floor":54}],"player_experience":2716533,"relics_obtained":[{"floor":7,"key":"Kunai"},{"floor":9,"key":"Oddly Smooth Stone"},{"floor":14,"key":"Ornamental Fan"},{"floor":20,"key":"Mango"},{"floor":20,"key":"Mercury Hourglass"},{"floor":23,"key":"Sundial"},{"floor":26,"key":"Vajra"},{"floor":39,"key":"FossilizedHelix"},{"floor":41,"key":"Ice Cream"},{"floor":42,"key":"Bottled Lightning"},{"floor":54,"key":"Bottled Flame"}],"event_choices":[{"damage_healed":0,"gold_gain":0,"player_choice":"Entered Light","damage_taken":14,"max_hp_gain":0,"max_hp_loss":0,"event_name":"Shining Light","floor":4,"gold_loss":0,"cards_upgraded":["Bane","Survivor"]},{"damage_healed":0,"gold_gain":0,"cards_transformed":["Strike_G"],"player_choice":"Change","damage_taken":0,"max_hp_gain":0,"max_hp_loss":0,"event_name":"Living Wall","floor":5,"gold_loss":0,"cards_obtained":["Grand Finale"]},{"damage_healed":0,"gold_gain":75,"player_choice":"Gather Gold","damage_taken":11,"max_hp_gain":0,"max_hp_loss":0,"event_name":"World of Goop","floor":8,"gold_loss":0},{"damage_healed":0,"gold_gain":61,"player_choice":"Gained Gold","damage_taken":0,"max_hp_gain":0,"max_hp_loss":0,"event_name":"Golden Wing","floor":12,"gold_loss":0},{"damage_healed":0,"gold_gain":30,"player_choice":"Searched \u00271\u0027 times","damage_taken":0,"max_hp_gain":0,"max_hp_loss":0,"event_name":"Dead Adventurer","floor":13,"gold_loss":0},{"damage_healed":0,"gold_gain":0,"player_choice":"Fight","damage_taken":0,"max_hp_gain":0,"max_hp_loss":0,"event_name":"Colosseum","floor":20,"gold_loss":0},{"damage_healed":0,"gold_gain":0,"player_choice":"Fought Nobs","damage_taken":0,"max_hp_gain":0,"max_hp_loss":0,"event_name":"Colosseum","floor":20,"gold_loss":0},{"damage_healed":0,"gold_gain":0,"cards_transformed":["Strike_G","Strike_G"],"player_choice":"Became Test Subject","damage_taken":0,"max_hp_gain":0,"max_hp_loss":0,"event_name":"Drug Dealer","floor":22,"gold_loss":0,"cards_obtained":["Skewer","Flechettes"]},{"cards_removed":["Strike_G"],"damage_healed":0,"gold_gain":0,"player_choice":"Gave Gold","damage_taken":0,"max_hp_gain":0,"max_hp_loss":0,"event_name":"Beggar","floor":24,"gold_loss":75},{"damage_healed":0,"gold_gain":0,"player_choice":"Fight","damage_taken":0,"max_hp_gain":0,"max_hp_loss":0,"event_name":"Mysterious Sphere","floor":39,"gold_loss":0},{"damage_healed":0,"gold_gain":0,"player_choice":"Fight","damage_taken":0,"max_hp_gain":0,"max_hp_loss":0,"event_name":"MindBloom","floor":41,"gold_loss":0}],"is_beta":false,"boss_relics":[{"not_picked":["Snecko Eye","Lizard Tail"],"picked":"Sozu"},{"not_picked":["Runic Dome","Philosopher\u0027s Stone"],"picked":"Cursed Key"}],"items_purged_floors":[44,53],"is_endless":false,"potions_floor_spawned":[1,11,16,19,20,29,30,31,33,36,37,39,45],"killed_by":"The Heart","ascension_level":0}