{"path_per_floor":["M","?","M","M","$","R","E","R","T","R","M","E","T","E","R","B",null,"M","M","?","M","$","R","E","M","T","E","R","T","M","?","R","B",null,"M","M","M","$","M","E","?","M","T","R","T","E","M","T","R","B"],"character_chosen":"THE_SILENT","items_purchased":["Jack Of All Trades","Blood Vial","Escape Plan","Accuracy","Noxious Fumes","PiercingWail"],"gold_per_floor":[117,117,128,140,52,52,82,82,82,82,98,132,155,180,180,279,279,298,285,285,297,2,2,35,47,47,77,77,77,89,89,89,192,192,203,220,236,29,40,71,71,88,144,144,144,176,194,246,246,246],"floor_reached":51,"campfire_rested":3,"playtime":10776,"current_hp_per_floor":[70,70,67,67,67,67,46,46,46,67,56,53,53,53,53,52,70,45,43,34,34,34,56,58,60,60,58,58,58,59,59,59,57,75,74,75,67,67,69,67,67,68,68,68,68,74,54,54,75,65],"items_purged":["Strike_G"],"gold":246,"play_id":"532b9ed7-f12b-4b3f-bd7f-6a5ea3b5ce2c","is_prod":false,"is_daily":false,"campfire_rituals":0,"campfire_upgraded":6,"is_hardmode":false,"path_taken":["M","?","?","M","$","R","E","R","T","R","M","E","?","E","R","BOSS","M","?","?","M","?","R","E","M","T","E","R","?","M","?","R","BOSS","M","M","M","$","M","E","?","M","T","R","?","E","M","?","R","BOSS"],"build_version":"2018-01-18-PROD4","purchased_purges":1,"victory":true,"master_deck":["Defend_G","Defend_G","Defend_G","Defend_G","Defend_G","Strike_G","Strike_G","Strike_G","Strike_G","Survivor","Neutralize","Acrobatics","Deflect","Escape Plan","Jack Of All Trades","Backflip","Infinite Blades","Escape Plan","Adrenaline","Footwork","Acrobatics","Backflip","Escape Plan","Accuracy","Adrenaline","Distraction","Blade Dance","Envenom","Accuracy","Slice","Blur","Noxious Fumes","PiercingWail","Bandage Up","Corpse Explosion","Cloak And Dagger","Quick Slash"],"max_hp_per_floor":[70,70,70,70,70,70,70,70,70,70,70,70,70,70,70,70,70,70,70,75,75,75,75,75,75,75,75,75,75,75,75,75,75,75,75,75,75,75,75,75,75,75,75,75,75,75,75,75,75,75],"relics":["Ring of the Snake","Ninja Scroll","Mercury Hourglass","Kunai","Art of War","Mummified Hand","Question Card","Blood Vial","Omamori","Ancient Tea Set","Snake Skull","Gambling Chip","White Beast Statue","Dream Catcher","Tiny Chest","Toxic Egg","Smiling Mask","Orichalcum"],"campfire_meditates":0,"card_choices":[{"not_picked":["Well Laid Plans","Backstab"],"picked":"Acrobatics"},{"not_picked":["Choke","Masterful Stab"],"picked":"Deflect"},{"not_picked":["Flechettes","Slice"],"picked":"Escape Plan"},{"not_picked":["Catalyst","Slice"],"picked":"Backflip"},{"not_picked":["Quick Slash","Phantasmal Killer"],"picked":"Infinite Blades"},{"not_picked":["Dagger Throw","Deflect"],"picked":"Escape Plan"},{"not_picked":["Venomology","A Thousand Cuts"],"picked":"Adrenaline"},{"not_picked":["Flying Knee","Leg Sweep","Acrobatics"],"picked":"Footwork"},{"not_picked":["Poisoned Stab","Flying Knee","Outmaneuver"],"picked":"Acrobatics"},{"not_picked":["Masterful Stab","Dodge and Roll","Sucker Punch"],"picked":"Backflip"},{"not_picked":["Dagger Throw","Finisher","Acrobatics"],"picked":"Adrenaline"},{"not_picked":["Cloak And Dagger","Backstab","Underhanded Strike"],"picked":"Distraction"},{"not_picked":["Venomology","Well Laid Plans","Leg Sweep"],"picked":"Blade Dance"},{"not_picked":["A Thousand Cuts","Adrenaline","Unload"],"picked":"Envenom"},{"not_picked":["Flying Knee","Dash","PiercingWail"],"picked":"Accuracy"},{"not_picked":["Dagger Spray","Poisoned Stab","Underhanded Strike"],"picked":"Slice"},{"not_picked":["Acrobatics","Endless Agony","Eviscerate"],"picked":"Blur"},{"not_picked":["Skewer","Predator","Slice"],"picked":"Cloak And Dagger"},{"not_picked":["Predator","Flying Knee","Acrobatics"],"picked":"Quick Slash"}],"player_experience":139450,"potions_floor_usage":[7,12,16,18,35,35,37,37,40,40,46,50,50],"damage_taken":[{"damage":0,"enemies":"Cultist","floor":1,"turns":5},{"damage":3,"enemies":"Blue Slaver","floor":3,"turns":7},{"damage":0,"enemies":"Small Slimes","floor":4,"turns":5},{"damage":21,"enemies":"Gremlin Nob","floor":7,"turns":6},{"damage":11,"enemies":"Gremlin Gang","floor":11,"turns":4},{"damage":3,"enemies":"3 Sentries","floor":12,"turns":6},{"damage":0,"enemies":"Lagavulin","floor":14,"turns":5},{"damage":1,"enemies":"Slime Boss","floor":16,"turns":15},{"damage":25,"enemies":"Chosen","floor":18,"turns":6},{"damage":2,"enemies":"2 Thieves","floor":19,"turns":4},{"damage":0,"enemies":"Centurion and Healer","floor":21,"turns":10},{"damage":0,"enemies":"Slavers","floor":24,"turns":3},{"damage":0,"enemies":"Snake Plant","floor":25,"turns":4},{"damage":4,"enemies":"Gremlin Leader","floor":27,"turns":14},{"damage":1,"enemies":"Slaver and Parasite","floor":30,"turns":3},{"damage":4,"enemies":"Collector","floor":33,"turns":12},{"damage":5,"enemies":"3 Darklings","floor":35,"turns":7},{"damage":0,"enemies":"Orb Walker","floor":36,"turns":3},{"damage":8,"enemies":"4 Shapes","floor":37,"turns":5},{"damage":0,"enemies":"3 Darklings","floor":39,"turns":4},{"damage":4,"enemies":"Nemesis","floor":40,"turns":4},{"damage":5,"enemies":"Sphere and 2 Shapes","floor":42,"turns":5},{"damage":0,"enemies":"Giant Head","floor":46,"turns":7},{"damage":21,"enemies":"4 Shapes","floor":47,"turns":4},{"damage":14,"enemies":"Awakened One","floor":50,"turns":13}],"event_choices":[{"event_name":"Upgrade Shrine","player_choice":"Upgraded","floor":2,"damage_taken":0},{"event_name":"Forgotten Altar","player_choice":"Shed Blood","floor":20,"damage_taken":0},{"event_name":"Back to Basics","player_choice":"Simplicity","floor":31,"damage_taken":0},{"event_name":"Match and Keep!","player_choice":"2 cards matched","floor":41,"damage_taken":0}],"boss_relics":[{"not_picked":["Tiny House","The Specimen"],"picked":"Question Card"},{"not_picked":["Pandora\u0027s Box","Runic Dome"],"picked":"White Beast Statue"}],"potions_floor_spawned":[3,4,11,16,21,25,30,35,36,37,39,40,42,46,47],"seed_played":"-5818828896586273390","is_trial":false}