{"gold_per_floor":[115,190,190,207,227,253,253,284,308,308,323,323,323,388,388,461,461,477,752,730,306,325,325,359,359,359,17,36,51,51,105,105,105],"floor_reached":33,"playtime":2038,"items_purged":["Regret","Writhe"],"score":532,"play_id":"f2761209-eaec-477d-b059-95561c8667be","local_time":"20190707200814","is_ascension_mode":true,"campfire_choices":[{"data":"Glass Knife","floor":7.0,"key":"SMITH"},{"floor":10.0,"key":"REST"},{"data":"Neutralize","floor":12.0,"key":"SMITH"},{"floor":15.0,"key":"REST"},{"floor":23.0,"key":"REST"},{"floor":30,"key":"REST"},{"data":"Footwork","floor":32,"key":"SMITH"}],"neow_cost":"NONE","seed_source_timestamp":0,"circlet_count":0,"master_deck":["AscendersBane","Strike_G","Strike_G","Strike_G","Strike_G","Strike_G","Defend_G","Defend_G","Defend_G","Defend_G","Defend_G","Survivor+1","Neutralize+1","Glass Knife+1","Backstab+1","PiercingWail","Dodge and Roll","Doppelganger","Footwork+1","Heel Hook","Night Terror","Infinite Blades+1","Well Laid Plans+1","Noxious Fumes+1","Blind","Cloak And Dagger","Distraction","Choke"],"special_seed":0,"relics":["Ring of the Snake","CultistMask","Bag of Preparation","Regal Pillow","Bag of Marbles","Frozen Egg 2","Black Star","Lantern","Singing Bowl","Blood Vial","Boot","Question Card","Snake Skull","Dream Catcher"],"potions_floor_usage":[29],"damage_taken":[{"damage":1.0,"enemies":"Jaw Worm","floor":1.0,"turns":3.0},{"damage":0.0,"enemies":"2 Louse","floor":4.0,"turns":2.0},{"damage":0.0,"enemies":"Cultist","floor":5.0,"turns":3.0},{"damage":24.0,"enemies":"3 Sentries","floor":6.0,"turns":15.0},{"damage":11.0,"enemies":"Lagavulin","floor":8.0,"turns":5.0},{"damage":0.0,"enemies":"Blue Slaver","floor":11.0,"turns":2.0},{"damage":0.0,"enemies":"3 Sentries","floor":14.0,"turns":13.0},{"damage":38.0,"enemies":"Slime Boss","floor":16.0,"turns":12.0},{"damage":0.0,"enemies":"Shell Parasite","floor":18.0,"turns":1.0},{"damage":18.0,"enemies":"2 Thieves","floor":20.0,"turns":4.0},{"damage":12.0,"enemies":"Snake Plant","floor":22.0,"turns":5.0},{"damage":55.0,"enemies":"Gremlin Leader","floor":24.0,"turns":12.0},{"damage":0.0,"enemies":"Snecko","floor":28.0,"turns":5.0},{"damage":0,"enemies":"Chosen and Byrds","floor":29,"turns":4},{"damage":67,"enemies":"Collector","floor":33,"turns":5}],"seed_played":"-7093580884815985209","potions_obtained":[{"floor":4.0,"key":"Dexterity Potion"},{"floor":6.0,"key":"SteroidPotion"},{"floor":11.0,"key":"Fire Potion"},{"floor":14.0,"key":"Fire Potion"},{"floor":20.0,"key":"GhostInAJar"},{"floor":24.0,"key":"GamblersBrew"}],"is_trial":false,"path_per_floor":["M","?","?","M","M","E","R","E","T","R","M","R","?","?","R","B",null,"M","?","M","$","M","R","E","?","T","$","M","M","R","T","R","B"],"character_chosen":"THE_SILENT","items_purchased":["Noxious Fumes+1","Lantern","Blind","Snake Skull","GhostInAJar"],"campfire_rested":4,"item_purchase_floors":[21,21,21,27,27],"current_hp_per_floor":[58,47,47,47,47,23,23,12,12,46,46,46,26,26,60,22,55,55,55,37,37,25,59,4,4,4,4,6,10,45,45,45,0],"gold":105,"neow_bonus":"ONE_RANDOM_RARE_CARD","is_prod":false,"is_daily":false,"chose_seed":false,"campfire_upgraded":3,"win_rate":0,"timestamp":1562551694,"path_taken":["M","?","?","M","?","E","R","E","T","R","M","R","?","?","R","BOSS","M","?","?","$","M","R","E","?","T","$","M","M","R","?","R","BOSS"],"build_version":"2019-07-03","purchased_purges":2,"victory":false,"max_hp_per_floor":[66,66,66,66,66,66,66,66,66,66,66,66,66,66,66,66,66,66,66,66,66,66,66,66,66,66,66,66,68,68,68,68,68],"card_choices":[{"not_picked":["Outmaneuver","Deadly Poison"],"picked":"Backstab","floor":1.0},{"not_picked":["Setup","Accuracy"],"picked":"PiercingWail","floor":4.0},{"not_picked":["Eviscerate","Escape Plan","Bane"],"picked":"SKIP","floor":5.0},{"not_picked":["Calculated Gamble","Concentrate"],"picked":"Dodge and Roll","floor":6.0},{"not_picked":["Blade Dance","Cloak And Dagger"],"picked":"Doppelganger","floor":8.0},{"not_picked":["Concentrate","Cloak And Dagger"],"picked":"Footwork","floor":11.0},{"not_picked":["Flying Knee","Outmaneuver"],"picked":"Heel Hook","floor":14.0},{"not_picked":["Corpse Explosion","Doppelganger"],"picked":"Night Terror","floor":16.0},{"not_picked":["Finisher","Underhanded Strike"],"picked":"Infinite Blades+1","floor":18.0},{"not_picked":["Underhanded Strike","Crippling Poison"],"picked":"Well Laid Plans+1","floor":20.0},{"not_picked":["Expertise","Slice"],"picked":"Cloak And Dagger","floor":22.0},{"not_picked":["Acrobatics","Bane"],"picked":"Distraction","floor":24.0},{"not_picked":["Concentrate","Quick Slash","Cloak And Dagger"],"picked":"Choke","floor":28.0},{"not_picked":["Bane","Underhanded Strike+1","Catalyst","Acrobatics"],"picked":"Singing Bowl","floor":29}],"player_experience":1142668,"relics_obtained":[{"floor":6.0,"key":"Bag of Preparation"},{"floor":8.0,"key":"Regal Pillow"},{"floor":9.0,"key":"Bag of Marbles"},{"floor":14.0,"key":"Frozen Egg 2"},{"floor":24.0,"key":"Singing Bowl"},{"floor":24.0,"key":"Blood Vial"},{"floor":26.0,"key":"Question Card"},{"floor":31,"key":"Dream Catcher"}],"event_choices":[{"damage_healed":0.0,"max_hp_gain":0.0,"max_hp_loss":0.0,"gold_gain":75.0,"event_name":"World of Goop","player_choice":"Gather Gold","floor":2.0,"gold_loss":0.0,"damage_taken":11.0},{"damage_healed":0.0,"max_hp_gain":0.0,"max_hp_loss":0.0,"gold_gain":0.0,"event_name":"FaceTrader","player_choice":"Trade","floor":3.0,"gold_loss":0.0,"damage_taken":0.0,"relics_obtained":["CultistMask"]},{"damage_healed":0.0,"max_hp_gain":0.0,"max_hp_loss":0.0,"gold_gain":0.0,"event_name":"Shining Light","player_choice":"Entered Light","floor":13.0,"gold_loss":0.0,"damage_taken":20.0,"cards_upgraded":["Backstab","Survivor"]},{"damage_healed":0.0,"max_hp_gain":0.0,"max_hp_loss":0.0,"gold_gain":0.0,"event_name":"Dead Adventurer","player_choice":"Searched \u00272\u0027 times","floor":14.0,"gold_loss":0.0,"damage_taken":0.0},{"damage_healed":0.0,"max_hp_gain":0.0,"max_hp_loss":0.0,"gold_gain":275.0,"event_name":"Golden Shrine","player_choice":"Desecrate","floor":19.0,"gold_loss":0.0,"damage_taken":0.0,"cards_obtained":["Regret"]},{"damage_healed":0.0,"max_hp_gain":0.0,"max_hp_loss":0.0,"gold_gain":0.0,"event_name":"The Mausoleum","player_choice":"Opened","floor":25.0,"gold_loss":0.0,"damage_taken":0.0,"relics_obtained":["Boot"],"cards_obtained":["Writhe"]}],"is_beta":true,"boss_relics":[{"not_picked":["Runic Pyramid","WristBlade"],"picked":"Black Star"}],"items_purged_floors":[21,27],"is_endless":false,"potions_floor_spawned":[4,6,11,14,20,24],"killed_by":"Collector","ascension_level":19}