{"gold_per_floor":[144,189,234,279,29,29,119,164,164,284,329,374,464,509,509,809,809,854,899,944,130,130,220,220,220,220,265,310,400,445,490,490,790,790,835,880,925,970,1015,1105,1150,1150,1150,1150,1240,1240,1285,1375,1375,1375],"floor_reached":51,"playtime":5462,"items_purged":[],"score":899,"play_id":"22b71551-1fdb-433b-acc8-527c764231f8","local_time":"20190611120300","daily_mods":["Draft","Blue Cards","Midas"],"is_ascension_mode":false,"campfire_choices":[{"floor":6,"key":"REST"},{"floor":15,"key":"REST"},{"floor":24,"key":"DIG"},{"floor":32,"key":"DIG"},{"floor":42,"key":"DIG"},{"floor":44,"key":"DIG"},{"floor":46,"key":"DIG"},{"floor":49,"key":"DIG"}],"neow_cost":"","seed_source_timestamp":0,"circlet_count":0,"master_deck":["Steam","Shrug It Off","Warcry","Cleave","Clothesline","Beam Cell","Feel No Pain","Ball Lightning","Capacitor","Seeing Red","FTL+1","Rampage","Shrug It Off","Go for the Eyes+1","Iron Wave","Shrug It Off","Reinforced Body","Flame Barrier","Skim","Flex","Dark Embrace","Machine Learning","Genetic Algorithm+1","Ghostly Armor","Steam+1","BootSequence","Blind","Machine Learning","Turbo+1","Beam Cell+1","Hologram+1","Body Slam+1","Juggernaut","Warcry+1","Chill","Armaments+1","Steam+1","Disarm+1"],"special_seed":18058,"relics":["Black Blood","Sundial","Bird Faced Urn","Thread and Needle","Question Card","Happy Flower","Mark of Pain","Lantern","Magic Flower","Strange Spoon","Shovel","Dodecahedron","Molten Egg 2","Bag of Preparation","Whetstone","The Courier","Gambling Chip","Self Forming Clay","Peace Pipe","Gremlin Horn","Anchor","Ornamental Fan","Boot"],"potions_floor_usage":[23,29,29,40,40,40,48,50,50],"damage_taken":[{"damage":0,"enemies":"Cultist","floor":1,"turns":3},{"damage":0,"enemies":"Jaw Worm","floor":2,"turns":3},{"damage":0,"enemies":"2 Louse","floor":3,"turns":2},{"damage":0,"enemies":"Large Slime","floor":4,"turns":5},{"damage":3,"enemies":"3 Sentries","floor":7,"turns":6},{"damage":3,"enemies":"Exordium Wildlife","floor":8,"turns":4},{"damage":6,"enemies":"3 Sentries","floor":10,"turns":8},{"damage":0,"enemies":"Gremlin Gang","floor":11,"turns":4},{"damage":2,"enemies":"Large Slime","floor":12,"turns":4},{"damage":1,"enemies":"Lagavulin","floor":13,"turns":6},{"damage":0,"enemies":"Blue Slaver","floor":14,"turns":3},{"damage":15,"enemies":"Hexaghost","floor":16,"turns":11},{"damage":2,"enemies":"Shell Parasite","floor":18,"turns":5},{"damage":18,"enemies":"Spheric Guardian","floor":19,"turns":6},{"damage":2,"enemies":"Snake Plant","floor":20,"turns":6},{"damage":12,"enemies":"Gremlin Leader","floor":23,"turns":8},{"damage":0,"enemies":"Chosen and Byrds","floor":27,"turns":8},{"damage":6,"enemies":"3 Cultists","floor":28,"turns":7},{"damage":0,"enemies":"Book of Stabbing","floor":29,"turns":7},{"damage":0,"enemies":"Snake Plant","floor":30,"turns":6},{"damage":0,"enemies":"Chosen and Byrds","floor":31,"turns":9},{"damage":18,"enemies":"Automaton","floor":33,"turns":11},{"damage":0,"enemies":"3 Shapes","floor":35,"turns":3},{"damage":0,"enemies":"Orb Walker","floor":36,"turns":4},{"damage":0,"enemies":"Sphere and 2 Shapes","floor":37,"turns":4},{"damage":0,"enemies":"3 Darklings","floor":38,"turns":5},{"damage":15,"enemies":"Transient","floor":39,"turns":5},{"damage":0,"enemies":"Reptomancer","floor":40,"turns":5},{"damage":16,"enemies":"Jaw Worm Horde","floor":41,"turns":6},{"damage":0,"enemies":"Giant Head","floor":45,"turns":9},{"damage":6,"enemies":"Maw","floor":47,"turns":7},{"damage":21,"enemies":"Nemesis","floor":48,"turns":7},{"damage":27,"enemies":"Donu and Deca","floor":50,"turns":10}],"seed_played":"4646737595191151678","potions_obtained":[{"floor":3,"key":"BloodPotion"},{"floor":7,"key":"Fire Potion"},{"floor":12,"key":"SteroidPotion"},{"floor":16,"key":"PowerPotion"},{"floor":29,"key":"Swift Potion"},{"floor":38,"key":"Fire Potion"},{"floor":39,"key":"Block Potion"},{"floor":41,"key":"Regen Potion"},{"floor":47,"key":"Energy Potion"},{"floor":48,"key":"Fire Potion"}],"is_trial":false,"path_per_floor":["M","M","M","M","$","R","E","M","T","?","M","M","E","M","R","B",null,"M","M","M","$","?","E","R","?","T","M","M","E","M","M","R","B",null,"M","M","M","M","M","E","M","R","T","R","E","R","M","E","R","B",null],"character_chosen":"IRONCLAD","items_purchased":["Sundial","Lantern","Magic Flower","Strange Spoon","BootSequence","Blind"],"campfire_rested":2,"item_purchase_floors":[5,21,21,21,21,21],"current_hp_per_floor":[80,80,80,80,80,80,80,80,80,80,80,80,80,80,80,77,80,80,70,80,80,80,78,78,78,78,80,80,80,80,80,80,74,80,80,80,80,80,80,80,79,79,79,79,80,80,80,80,80,80],"gold":1375,"neow_bonus":"","is_prod":false,"is_daily":true,"chose_seed":false,"campfire_upgraded":0,"win_rate":0,"timestamp":1560268980,"path_taken":["M","M","M","M","$","R","E","?","T","?","M","M","E","M","R","BOSS","M","M","M","$","?","E","R","?","T","?","M","E","M","?","R","BOSS","M","M","M","M","M","E","M","R","T","R","E","R","M","E","R","BOSS"],"build_version":"2019-01-23","purchased_purges":0,"victory":true,"max_hp_per_floor":[80,80,80,80,80,80,80,80,80,80,80,80,80,80,80,80,80,80,80,80,80,80,80,80,80,80,80,80,80,80,80,80,80,80,80,80,80,80,80,80,80,80,80,80,80,80,80,80,80,80],"card_choices":[{"not_picked":["True Grit","Tempest"],"picked":"Steam","floor":0},{"not_picked":["Sweeping Beam","Pommel Strike"],"picked":"Shrug It Off","floor":0},{"not_picked":["Perfected Strike","Compile Driver"],"picked":"Warcry","floor":0},{"not_picked":["Perfected Strike","Combust"],"picked":"Cleave","floor":0},{"not_picked":["True Grit","Barrage"],"picked":"Clothesline","floor":0},{"not_picked":["Perfected Strike","Thunderclap"],"picked":"Beam Cell","floor":0},{"not_picked":["Streamline","Aggregate"],"picked":"Feel No Pain","floor":0},{"not_picked":["Twin Strike","Clothesline"],"picked":"Ball Lightning","floor":0},{"not_picked":["Headbutt","Hemokinesis"],"picked":"Capacitor","floor":0},{"not_picked":["Perfected Strike","True Grit"],"picked":"Seeing Red","floor":0},{"not_picked":["Body Slam","Reckless Charge"],"picked":"FTL","floor":0},{"not_picked":["Second Wind","Heavy Blade"],"picked":"Rampage","floor":0},{"not_picked":["Uppercut","Doom and Gloom"],"picked":"Shrug It Off","floor":0},{"not_picked":["Melter","Cold Snap"],"picked":"Go for the Eyes","floor":0},{"not_picked":["Havoc","Coolheaded"],"picked":"Iron Wave","floor":0},{"not_picked":["Conserve Battery","Pommel Strike"],"picked":"Shrug It Off","floor":1},{"not_picked":["Cold Snap","Redo"],"picked":"Reinforced Body","floor":2},{"not_picked":["Flex","Shrug It Off"],"picked":"Flame Barrier","floor":3},{"not_picked":["Clash","Ball Lightning"],"picked":"Skim","floor":4},{"not_picked":["Dropkick","Headbutt","Gash"],"picked":"SKIP","floor":7},{"not_picked":["Turbo","Exhume"],"picked":"Flex","floor":8},{"not_picked":["Sever Soul","Searing Blow","Havoc","Flex"],"picked":"SKIP","floor":11},{"not_picked":["Barrage","Armaments","Loop"],"picked":"Dark Embrace","floor":12},{"not_picked":["Hologram","Warcry","Armaments","Iron Wave"],"picked":"SKIP","floor":13},{"not_picked":["Force Field","Twin Strike","Pummel","Heavy Blade"],"picked":"SKIP","floor":14},{"not_picked":["Meteor Strike","Amplify","Immolate"],"picked":"Machine Learning","floor":16},{"not_picked":["Heavy Blade","Inflame","Redo"],"picked":"Genetic Algorithm+1","floor":18},{"not_picked":["Leap","Clash","Sentinel+1"],"picked":"Ghostly Armor","floor":19},{"not_picked":["True Grit","Capacitor","Power Through"],"picked":"Steam+1","floor":20},{"not_picked":["Flex","Wild Strike","Havoc","Gash"],"picked":"SKIP","floor":23},{"not_picked":["Coolheaded","Sentinel","Warcry","Feel No Pain"],"picked":"SKIP","floor":27},{"not_picked":["Power Through","Reboot","Havoc"],"picked":"Turbo+1","floor":28},{"not_picked":["Infernal Blade","Warcry","Hologram"],"picked":"Beam Cell+1","floor":29},{"not_picked":["Clothesline+1","Static Discharge","Wild Strike+1"],"picked":"Hologram+1","floor":30},{"not_picked":["Streamline+1","Redo","Armaments"],"picked":"Body Slam+1","floor":31},{"not_picked":["Electrodynamics","Machine Learning","Limit Break"],"picked":"Juggernaut","floor":33},{"not_picked":["Armaments","Rip and Tear+1","Cleave+1"],"picked":"Warcry+1","floor":35},{"not_picked":["Rebound+1","Infernal Blade+1","Sentinel+1"],"picked":"Chill","floor":36},{"not_picked":["Compile Driver+1","Hologram","Stack"],"picked":"Armaments+1","floor":37},{"not_picked":["Clothesline+1","Anger+1","Sword Boomerang+1","Doom and Gloom+1"],"picked":"SKIP","floor":38},{"not_picked":["Cleave+1","Gash+1","Machine Learning"],"picked":"Steam+1","floor":39},{"not_picked":["Heavy Blade+1","Uppercut+1","Pummel+1"],"picked":"Disarm+1","floor":40},{"not_picked":["Flex","Sword Boomerang+1","Anger+1","Combust+1"],"picked":"SKIP","floor":41},{"not_picked":["Dropkick+1","Hologram","Sword Boomerang+1","Perfected Strike+1"],"picked":"SKIP","floor":45},{"not_picked":["Pommel Strike+1","Recycle","Hello World","Beam Cell+1"],"picked":"SKIP","floor":47},{"not_picked":["Darkness","Power Through+1","Blood for Blood+1","Static Discharge"],"picked":"SKIP","floor":48}],"player_experience":3734733,"relics_obtained":[{"floor":7,"key":"Bird Faced Urn"},{"floor":9,"key":"Thread and Needle"},{"floor":13,"key":"Happy Flower"},{"floor":23,"key":"Shovel"},{"floor":24,"key":"Dodecahedron"},{"floor":26,"key":"Molten Egg 2"},{"floor":29,"key":"Bag of Preparation"},{"floor":32,"key":"Whetstone"},{"floor":40,"key":"The Courier"},{"floor":42,"key":"Gambling Chip"},{"floor":43,"key":"Self Forming Clay"},{"floor":44,"key":"Peace Pipe"},{"floor":45,"key":"Gremlin Horn"},{"floor":46,"key":"Anchor"},{"floor":48,"key":"Ornamental Fan"},{"floor":49,"key":"Boot"}],"event_choices":[{"damage_healed":0,"gold_gain":30,"player_choice":"Searched \u00273\u0027 times","damage_taken":0,"relics_obtained":["Question Card"],"max_hp_gain":0,"max_hp_loss":0,"event_name":"Dead Adventurer","floor":10,"gold_loss":0},{"damage_healed":0,"gold_gain":0,"player_choice":"Read","damage_taken":0,"max_hp_gain":0,"max_hp_loss":0,"event_name":"The Library","floor":22,"gold_loss":0,"cards_obtained":["Machine Learning"]},{"damage_healed":0,"gold_gain":0,"player_choice":"Ignored","damage_taken":0,"max_hp_gain":0,"max_hp_loss":0,"event_name":"Ghosts","floor":25,"gold_loss":0}],"is_beta":false,"boss_relics":[{"not_picked":["Busted Crown","Snecko Eye"],"picked":"Mark of Pain"},{"not_picked":["Tiny House","Eternal Feather"],"picked":"Black Blood"}],"items_purged_floors":[],"is_endless":false,"potions_floor_spawned":[3,7,12,14,16,18,19,29,38,39,41,47,48],"ascension_level":0}