{"gold_per_floor":[10,27,43,43,55,55,87,87,140,155,186,197,197,210,210,315,315,328,343,53,64,84,84,84,84,84,109,120,20,20,20,20,124,124,143,155,230,246,70,84,84,84,84,104,117,117,133,145,145,145],"floor_reached":51,"playtime":3993,"items_purged":["Strike_R","Strike_R","Defend_R"],"score":635,"play_id":"af8f6f4b-35ef-40a6-9282-ea057a2e45f8","local_time":"20190702232009","is_ascension_mode":false,"campfire_choices":[{"data":"Bash","floor":6,"key":"SMITH"},{"data":"Metallicize","floor":8,"key":"SMITH"},{"data":"Offering","floor":13,"key":"SMITH"},{"data":"Rampage","floor":15,"key":"SMITH"},{"floor":23,"key":"REST"},{"data":"Limit Break","floor":25,"key":"SMITH"},{"data":"Spot Weakness","floor":32,"key":"SMITH"},{"floor":42,"key":"REST"},{"data":"Flame Barrier","floor":46,"key":"SMITH"},{"floor":49,"key":"REST"}],"neow_cost":"NO_GOLD","seed_source_timestamp":1721285393090213,"circlet_count":0,"master_deck":["Defend_R","Defend_R","Defend_R","Bash+1","Heavy Blade","Sword Boomerang","Rampage+1","Metallicize+1","Burning Pact","Offering+1","Iron Wave","Limit Break+1","Sword Boomerang+1","Shrug It Off","Flame Barrier+1","Finesse","Cleave+1","Juggernaut","Spot Weakness+1","Barricade","Perfected Strike+1","Power Through+1","Fiend Fire+1","Flame Barrier","Metallicize+1","Metallicize+1","Ghostly Armor","Anger+1"],"relics":["Burning Blood","StoneCalendar","Gremlin Horn","Vajra","Strawberry","Snecko Eye","Bottled Tornado","Molten Egg 2","Astrolabe","Red Skull"],"potions_floor_usage":[11,11,16,27,33,36,44,44,48,50,50],"damage_taken":[{"damage":5,"enemies":"Cultist","floor":1,"turns":4},{"damage":0,"enemies":"Small Slimes","floor":2,"turns":3},{"damage":1,"enemies":"Jaw Worm","floor":3,"turns":3},{"damage":10,"enemies":"Looter","floor":5,"turns":3},{"damage":35,"enemies":"Lagavulin","floor":7,"turns":9},{"damage":0,"enemies":"Lots of Slimes","floor":10,"turns":3},{"damage":9,"enemies":"3 Sentries","floor":11,"turns":5},{"damage":4,"enemies":"3 Louse","floor":12,"turns":3},{"damage":6,"enemies":"2 Fungi Beasts","floor":14,"turns":2},{"damage":17,"enemies":"The Guardian","floor":16,"turns":8},{"damage":17,"enemies":"Shell Parasite","floor":18,"turns":6},{"damage":16,"enemies":"2 Thieves","floor":19,"turns":3},{"damage":23,"enemies":"3 Cultists","floor":21,"turns":5},{"damage":14,"enemies":"Centurion and Healer","floor":22,"turns":3},{"damage":20,"enemies":"Slavers","floor":27,"turns":4},{"damage":9,"enemies":"Shelled Parasite and Fungi","floor":28,"turns":3},{"damage":7,"enemies":"Collector","floor":33,"turns":5},{"damage":6,"enemies":"Orb Walker","floor":35,"turns":2},{"damage":10,"enemies":"3 Darklings","floor":36,"turns":2},{"damage":23,"enemies":"4 Shapes","floor":38,"turns":5},{"damage":17,"enemies":"Maw","floor":40,"turns":6},{"damage":2,"enemies":"3 Darklings","floor":44,"turns":4},{"damage":8,"enemies":"Jaw Worm Horde","floor":45,"turns":3},{"damage":19,"enemies":"Sphere and 2 Shapes","floor":47,"turns":6},{"damage":29,"enemies":"Transient","floor":48,"turns":5},{"damage":45,"enemies":"Awakened One","floor":50,"turns":10}],"seed_played":"3577102925601007394","potions_obtained":[{"floor":2,"key":"LiquidBronze"},{"floor":3,"key":"Fire Potion"},{"floor":7,"key":"SneckoOil"},{"floor":14,"key":"Weak Potion"},{"floor":19,"key":"Strength Potion"},{"floor":21,"key":"Block Potion"},{"floor":27,"key":"AttackPotion"},{"floor":36,"key":"LiquidBronze"},{"floor":40,"key":"SkillPotion"},{"floor":44,"key":"Block Potion"},{"floor":45,"key":"Strength Potion"}],"is_trial":false,"path_per_floor":["M","M","M","$","M","R","E","R","T","M","E","M","R","M","R","B",null,"M","M","$","M","M","R","?","R","T","E","M","$","?","$","R","B",null,"M","M","?","M","$","M","?","R","T","M","M","R","M","M","R","B",null],"character_chosen":"IRONCLAD","items_purchased":["Shrug It Off","Flame Barrier","Finesse","Strength Potion"],"campfire_rested":3,"item_purchase_floors":[20,20,20,39],"current_hp_per_floor":[80,80,80,80,76,76,47,47,47,53,57,59,59,59,59,48,87,76,66,66,49,41,67,67,67,67,53,50,50,79,79,79,78,87,87,83,75,58,58,47,47,73,73,77,75,75,62,39,65,26],"gold":145,"neow_bonus":"ONE_RARE_RELIC","is_prod":false,"is_daily":false,"chose_seed":false,"campfire_upgraded":7,"win_rate":0,"timestamp":1562124009,"path_taken":["M","M","M","?","M","R","E","R","T","M","E","M","R","?","R","BOSS","M","M","$","M","M","R","?","R","T","E","?","$","?","$","R","BOSS","M","M","?","?","$","M","?","R","T","M","M","R","M","M","R","BOSS"],"build_version":"2019-07-01","purchased_purges":3,"victory":true,"max_hp_per_floor":[80,80,80,80,80,80,80,80,80,80,87,87,87,87,87,87,87,87,87,87,87,87,87,87,87,87,87,87,87,87,87,87,87,87,87,87,87,87,87,87,87,87,87,87,87,87,87,87,87,87],"card_choices":[{"not_picked":["Thunderclap","Body Slam"],"picked":"Heavy Blade","floor":1},{"not_picked":["Combust","Bloodletting"],"picked":"Sword Boomerang","floor":2},{"not_picked":["Reckless Charge","Fire Breathing"],"picked":"Rampage","floor":3},{"not_picked":["Carnage","Wild Strike","Pommel Strike"],"picked":"SKIP","floor":5},{"not_picked":["Entrench","Flex"],"picked":"Metallicize","floor":7},{"not_picked":["Perfected Strike","Havoc"],"picked":"Burning Pact","floor":10},{"not_picked":["Fire Breathing","Sword Boomerang"],"picked":"Offering","floor":11},{"not_picked":["Fire Breathing","Pummel","Twin Strike"],"picked":"SKIP","floor":12},{"not_picked":["Pommel Strike","True Grit"],"picked":"Iron Wave","floor":14},{"not_picked":["Feed","Offering"],"picked":"Limit Break","floor":16},{"not_picked":["Havoc+1","Thunderclap","Wild Strike"],"picked":"SKIP","floor":18},{"not_picked":["Heavy Blade","Evolve"],"picked":"Sword Boomerang+1","floor":19},{"not_picked":["Wild Strike+1","Perfected Strike"],"picked":"Cleave+1","floor":21},{"not_picked":["Infernal Blade","Clash","Cleave"],"picked":"SKIP","floor":22},{"not_picked":["Headbutt","Burning Pact"],"picked":"Juggernaut","floor":27},{"not_picked":["Body Slam+1","Reckless Charge+1"],"picked":"Spot Weakness","floor":28},{"not_picked":["Double Tap","Limit Break"],"picked":"Barricade","floor":33},{"not_picked":["Twin Strike+1","Pommel Strike+1","Clash+1"],"picked":"SKIP","floor":35},{"not_picked":["Pommel Strike+1","Perfected Strike+1"],"picked":"Flame Barrier","floor":36},{"not_picked":["Rampage+1","Body Slam+1","Bloodletting+1"],"picked":"SKIP","floor":38},{"not_picked":["Twin Strike+1","Spot Weakness+1","Body Slam+1"],"picked":"SKIP","floor":40},{"not_picked":["Uppercut+1","Feel No Pain+1"],"picked":"Metallicize+1","floor":44},{"not_picked":["Combust","Clothesline+1"],"picked":"Metallicize+1","floor":45},{"not_picked":["Bloodletting","Havoc"],"picked":"Ghostly Armor","floor":47},{"not_picked":["Burning Pact+1","Metallicize+1"],"picked":"Anger+1","floor":48}],"player_experience":3883739,"relics_obtained":[{"floor":7,"key":"Gremlin Horn"},{"floor":9,"key":"Vajra"},{"floor":11,"key":"Strawberry"},{"floor":26,"key":"Bottled Tornado"},{"floor":27,"key":"Molten Egg 2"},{"floor":43,"key":"Red Skull"}],"event_choices":[{"damage_healed":0,"gold_gain":0,"player_choice":"Bought 0 Potions","damage_taken":0,"max_hp_gain":0,"max_hp_loss":0,"event_name":"The Woman in Blue","floor":24,"gold_loss":0},{"damage_healed":29,"gold_gain":0,"player_choice":"Heal","damage_taken":0,"max_hp_gain":0,"max_hp_loss":0,"event_name":"The Library","floor":30,"gold_loss":0},{"damage_healed":0,"gold_gain":75,"player_choice":"Touch","damage_taken":8,"max_hp_gain":0,"max_hp_loss":0,"event_name":"FaceTrader","floor":37,"gold_loss":0},{"damage_healed":0,"gold_gain":0,"player_choice":"Ignored","damage_taken":0,"max_hp_gain":0,"max_hp_loss":0,"event_name":"Mysterious Sphere","floor":41,"gold_loss":0}],"is_beta":false,"boss_relics":[{"not_picked":["Black Blood","Philosopher\u0027s Stone"],"picked":"Snecko Eye"},{"not_picked":["Runic Dome","Black Star"],"picked":"Astrolabe"}],"items_purged_floors":[20,29,39],"is_endless":false,"potions_floor_spawned":[2,3,7,14,19,21,27,36,40,44,45],"ascension_level":0}