{"gold_per_floor":[114,129,144,144,159,189,219,219,269,284,299,299,24,39,39,139,139,154,154,154,169,169],"floor_reached":22,"playtime":38864,"items_purged":[],"score":198,"play_id":"b0004985-6102-4e89-8078-dd4a17d56ca6","local_time":"20190721094017","daily_mods":["Chimera","Uncertain Future","DeadlyEvents"],"is_ascension_mode":false,"campfire_choices":[{"data":"Rainbow","floor":8,"key":"SMITH"},{"floor":12,"key":"REST"},{"floor":15,"key":"REST"}],"neow_cost":"","seed_source_timestamp":31060529158400,"circlet_count":0,"master_deck":["Bash","Survivor","Zap","Strike_R","Strike_G","Strike_B","Defend_R","Defend_B","Barrage","Ball Lightning","Coolheaded","Cold Snap","Sweeping Beam","Rainbow+1","Turbo","Undo","Compile Driver","Double Energy","Blizzard","Turbo","Capacitor","Fission","Coolheaded","Double Energy","Cold Snap"],"special_seed":18098,"relics":["Cracked Core","Dream Catcher","Regal Pillow","PreservedInsect","Potion Belt","Eternal Feather"],"potions_floor_usage":[7,16,16],"damage_taken":[{"damage":2,"enemies":"Jaw Worm","floor":1,"turns":4},{"damage":1,"enemies":"Cultist","floor":2,"turns":4},{"damage":12,"enemies":"Small Slimes","floor":3,"turns":3},{"damage":2,"enemies":"2 Fungi Beasts","floor":5,"turns":3},{"damage":26,"enemies":"Gremlin Nob","floor":6,"turns":4},{"damage":20,"enemies":"Lagavulin","floor":7,"turns":6},{"damage":12,"enemies":"Lots of Slimes","floor":10,"turns":4},{"damage":2,"enemies":"Large Slime","floor":11,"turns":3},{"damage":1,"enemies":"3 Louse","floor":14,"turns":3},{"damage":21,"enemies":"The Guardian","floor":16,"turns":9},{"damage":11,"enemies":"Shell Parasite","floor":18,"turns":5},{"damage":22,"enemies":"Chosen","floor":21,"turns":5},{"damage":33,"enemies":"Book of Stabbing","floor":22,"turns":3}],"seed_played":"-4166405544974942499","potions_obtained":[{"floor":2,"key":"Regen Potion"},{"floor":7,"key":"LiquidBronze"},{"floor":11,"key":"Poison Potion"},{"floor":16,"key":"LiquidBronze"},{"floor":21,"key":"Strength Potion"}],"is_trial":false,"path_per_floor":["M","M","M","?","M","E","E","R","T","M","M","R","$","M","R","B",null,"M","?","?","M","E"],"character_chosen":"DEFECT","items_purchased":["Potion Belt","Blizzard","Turbo"],"campfire_rested":2,"item_purchase_floors":[13,13,13],"current_hp_per_floor":[73,72,60,60,58,32,24,24,24,12,10,47,47,46,75,54,75,64,50,50,28,0],"gold":169,"neow_bonus":"","is_prod":false,"is_daily":true,"chose_seed":false,"campfire_upgraded":1,"win_rate":0,"timestamp":1563720017,"path_taken":["M","M","M","?","?","E","?","R","T","M","M","R","$","M","R","BOSS","M","?","?","M","?"],"build_version":"2019-07-17","purchased_purges":0,"victory":false,"max_hp_per_floor":[75,75,75,75,75,75,75,75,75,75,75,75,75,75,75,75,75,75,80,80,80,80],"card_choices":[{"not_picked":["Rebound","Cold Snap"],"picked":"Barrage","floor":1},{"not_picked":["Rebound","Leap"],"picked":"Ball Lightning","floor":2},{"not_picked":["Barrage","Beam Cell"],"picked":"Coolheaded","floor":3},{"not_picked":["Leap","Gash"],"picked":"Sweeping Beam","floor":5},{"not_picked":["Auto Shields","Storm"],"picked":"Rainbow","floor":6},{"not_picked":["Streamline","Stack"],"picked":"Turbo","floor":7},{"not_picked":["Reinforced Body","Leap"],"picked":"Undo","floor":10},{"not_picked":["Beam Cell","Gash"],"picked":"Compile Driver","floor":11},{"not_picked":["Go for the Eyes","Loop"],"picked":"Double Energy","floor":12},{"not_picked":["Beam Cell","Heatsinks","FTL"],"picked":"SKIP","floor":14},{"not_picked":["Go for the Eyes","Conserve Battery"],"picked":"Capacitor","floor":15},{"not_picked":["Hyperbeam","Multi-Cast"],"picked":"Fission","floor":16},{"not_picked":["Ball Lightning","Leap"],"picked":"Coolheaded","floor":18},{"not_picked":["Barrage","Rip and Tear+1"],"picked":"Cold Snap","floor":21}],"player_experience":235852,"relics_obtained":[{"floor":6,"key":"Dream Catcher"},{"floor":7,"key":"Regal Pillow"},{"floor":9,"key":"PreservedInsect"}],"event_choices":[{"damage_healed":0,"gold_gain":0,"cards_transformed":["Defend_G"],"player_choice":"Transformed","damage_taken":0,"max_hp_gain":0,"max_hp_loss":0,"event_name":"Transmorgrifier","floor":4,"gold_loss":0,"cards_obtained":["Cold Snap"]},{"damage_healed":0,"gold_gain":0,"player_choice":"Shed Blood","damage_taken":19,"max_hp_gain":5,"max_hp_loss":0,"event_name":"Forgotten Altar","floor":19,"gold_loss":0},{"damage_healed":0,"gold_gain":0,"player_choice":"Copied","damage_taken":0,"max_hp_gain":0,"max_hp_loss":0,"event_name":"Duplicator","floor":20,"gold_loss":0,"cards_obtained":["Double Energy"]}],"is_beta":false,"boss_relics":[{"not_picked":["Calling Bell","Velvet Choker"],"picked":"Eternal Feather"}],"items_purged_floors":[],"is_endless":false,"potions_floor_spawned":[2,7,11,16,21],"killed_by":"Book of Stabbing","ascension_level":0}