{"gold_per_floor":[117,137,137,137,152,152,186,186,186,221,238,249,249,249,249,249],"floor_reached":16,"playtime":660,"items_purged":[],"score":204,"play_id":"59574a59-6f7b-4a7d-86d1-0f0e5d750524","local_time":"20190506221631","is_ascension_mode":true,"campfire_choices":[{"floor":6,"key":"REST"},{"floor":8,"key":"REST"},{"floor":13,"key":"REST"},{"data":"Neutralize","floor":15,"key":"SMITH"}],"neow_cost":"NONE","seed_source_timestamp":2257962987480866,"circlet_count":0,"master_deck":["AscendersBane","Defend_G","Defend_G","Defend_G+1","Defend_G","Defend_G","Strike_G","Strike_G","Strike_G","Strike_G","Survivor+1","Neutralize+1","Flying Knee","All Out Attack","Calculated Gamble","Backflip","Cloak And Dagger","Accuracy","Crippling Poison","Parasite"],"relics":["Ring of the Snake","Anchor","Ornamental Fan","Smiling Mask"],"potions_floor_usage":[7,16],"damage_taken":[{"damage":1,"enemies":"Cultist","floor":1,"turns":5},{"damage":4,"enemies":"2 Louse","floor":2,"turns":2},{"damage":0,"enemies":"Small Slimes","floor":5,"turns":3},{"damage":24,"enemies":"Gremlin Nob","floor":7,"turns":6},{"damage":19,"enemies":"3 Sentries","floor":10,"turns":8},{"damage":1,"enemies":"2 Fungi Beasts","floor":11,"turns":3},{"damage":4,"enemies":"Looter","floor":12,"turns":5},{"damage":66,"enemies":"Hexaghost","floor":16,"turns":16}],"seed_played":"641196158592889371","potions_obtained":[{"floor":1,"key":"GhostInAJar"},{"floor":7,"key":"Dexterity Potion"},{"floor":10,"key":"GamblersBrew"}],"is_trial":false,"path_per_floor":["M","M","?","?","M","R","E","R","T","E","M","M","R","?","R","B"],"character_chosen":"THE_SILENT","items_purchased":[],"campfire_rested":3,"item_purchase_floors":[],"current_hp_per_floor":[64,60,53,31,31,52,28,49,49,30,29,25,46,64,64,0],"gold":249,"neow_bonus":"TEN_PERCENT_HP_BONUS","is_prod":false,"is_daily":false,"chose_seed":false,"campfire_upgraded":1,"win_rate":0,"timestamp":1557202591,"path_taken":["M","?","?","?","M","R","E","R","T","E","M","M","R","?","R","BOSS"],"build_version":"2019-04-23","purchased_purges":0,"victory":false,"max_hp_per_floor":[72,72,72,72,72,72,72,72,72,72,72,72,72,72,72,72],"card_choices":[{"not_picked":["Riddle With Holes","Deadly Poison"],"picked":"Flying Knee","floor":1},{"not_picked":["Escape Plan","Slice"],"picked":"All Out Attack","floor":2},{"not_picked":["Prepared","Slice"],"picked":"Calculated Gamble","floor":5},{"not_picked":["Accuracy","Dagger Spray"],"picked":"Backflip","floor":7},{"not_picked":["Prepared","Backflip"],"picked":"Cloak And Dagger","floor":10},{"not_picked":["Sucker Punch","Wraith Form v2"],"picked":"Accuracy","floor":11},{"not_picked":["Dodge and Roll","Dagger Throw"],"picked":"Crippling Poison","floor":12}],"player_experience":975244,"relics_obtained":[{"floor":7,"key":"Anchor"},{"floor":9,"key":"Ornamental Fan"},{"floor":10,"key":"Smiling Mask"}],"event_choices":[{"cards_removed":["Strike_G"],"damage_healed":0,"gold_gain":0,"player_choice":"Card Removal","damage_taken":7,"max_hp_gain":0,"max_hp_loss":0,"event_name":"Golden Wing","floor":3,"gold_loss":0},{"damage_healed":0,"gold_gain":0,"player_choice":"Entered Light","damage_taken":22,"max_hp_gain":0,"max_hp_loss":0,"event_name":"Shining Light","floor":4,"gold_loss":0,"cards_upgraded":["Survivor","Defend_G"]},{"damage_healed":18,"gold_gain":0,"player_choice":"Healed and dodged fight","damage_taken":0,"max_hp_gain":0,"max_hp_loss":0,"event_name":"Mushrooms","floor":14,"gold_loss":0,"cards_obtained":["Parasite"]}],"is_beta":true,"boss_relics":[],"items_purged_floors":[],"is_endless":false,"potions_floor_spawned":[1,7,10],"killed_by":"Hexaghost","ascension_level":17}