{"gold_per_floor":[115,134,145,145,155,182,182,207,207,233,249,279,28,40,40,137,137,156,156,54,54,54,83,83,110,110,110,135,150,150,163,163,266,266,283,300,300,310,92,126,126,126,126,154,203,203,216,248,248,248,248,248,23,53,53],"floor_reached":56,"playtime":11807,"items_purged":["Strike_B","Strike_B","Dualcast"],"score":1985,"play_id":"eedfffb6-2732-49d5-846c-25b68a04ffcb","local_time":"20190716013229","is_ascension_mode":true,"campfire_choices":[{"data":"Buffer","floor":7.0,"key":"SMITH"},{"data":"Defragment","floor":15.0,"key":"SMITH"},{"data":"Defragment","floor":24.0,"key":"SMITH"},{"data":"Coolheaded","floor":27.0,"key":"SMITH"},{"data":"Hologram","floor":30.0,"key":"SMITH"},{"data":"Turbo","floor":32.0,"key":"SMITH"},{"data":"Barrage","floor":42.0,"key":"SMITH"},{"floor":46,"key":"REST"},{"floor":49,"key":"RECALL"},{"data":"Capacitor","floor":52,"key":"SMITH"}],"neow_cost":"NONE","seed_source_timestamp":0,"circlet_count":0,"master_deck":["Defend_B","Defend_B","Defend_B","Zap","Cold Snap","Streamline","Compile Driver","Sweeping Beam","Buffer+1","Steam","Amplify","Hologram+1","Turbo+1","Defragment+1","Go for the Eyes","FTL","Multi-Cast","Capacitor+1","Coolheaded+1","Gash","Defragment+1","Turbo+1","Defragment+1","Coolheaded","Thunder Strike","Conserve Battery+1","Rebound+1","Glacier","FTL","Redo","Barrage+1","Dramatic Entrance","Leap+1","Consume","Capacitor"],"special_seed":0,"relics":["Runic Pyramid","Anchor","Smiling Mask","PreservedInsect","Bottled Lightning","Calipers","Philosopher\u0027s Stone","Dream Catcher","Gremlin Horn","Bag of Marbles","Bottled Tornado","Black Star","Dead Branch","Darkstone Periapt","Kunai","Ancient Tea Set","Letter Opener","FossilizedHelix","Potion Belt","Oddly Smooth Stone","Strawberry","DataDisk","Bag of Preparation"],"potions_floor_usage":[55,55,55,55],"damage_taken":[{"damage":2.0,"enemies":"Jaw Worm","floor":1.0,"turns":3.0},{"damage":0.0,"enemies":"Cultist","floor":2.0,"turns":4.0},{"damage":6.0,"enemies":"2 Louse","floor":3.0,"turns":2.0},{"damage":0.0,"enemies":"Blue Slaver","floor":5.0,"turns":8.0},{"damage":10.0,"enemies":"3 Sentries","floor":6.0,"turns":6.0},{"damage":4.0,"enemies":"Gremlin Nob","floor":8.0,"turns":5.0},{"damage":3.0,"enemies":"Lagavulin","floor":10.0,"turns":6.0},{"damage":0.0,"enemies":"2 Fungi Beasts","floor":11.0,"turns":5.0},{"damage":0.0,"enemies":"Gremlin Nob","floor":12.0,"turns":5.0},{"damage":15.0,"enemies":"Gremlin Gang","floor":14.0,"turns":6.0},{"damage":0.0,"enemies":"Slime Boss","floor":16.0,"turns":11.0},{"damage":0.0,"enemies":"3 Byrds","floor":18.0,"turns":4.0},{"damage":4.0,"enemies":"Book of Stabbing","floor":23.0,"turns":6.0},{"damage":43.0,"enemies":"Slavers","floor":25.0,"turns":6.0},{"damage":5.0,"enemies":"Book of Stabbing","floor":28.0,"turns":6.0},{"damage":0.0,"enemies":"Chosen","floor":29.0,"turns":7.0},{"damage":0.0,"enemies":"3 Cultists","floor":31.0,"turns":6.0},{"damage":0.0,"enemies":"Collector","floor":33.0,"turns":10.0},{"damage":12.0,"enemies":"3 Shapes","floor":35.0,"turns":9.0},{"damage":0.0,"enemies":"3 Darklings","floor":36.0,"turns":7.0},{"damage":0.0,"enemies":"Writhing Mass","floor":38.0,"turns":9.0},{"damage":0.0,"enemies":"Giant Head","floor":40.0,"turns":12.0},{"damage":0.0,"enemies":"Nemesis","floor":44.0,"turns":7.0},{"damage":35,"enemies":"2 Orb Walkers","floor":45,"turns":7},{"damage":0,"enemies":"Sphere and 2 Shapes","floor":47,"turns":6},{"damage":0,"enemies":"Giant Head","floor":48,"turns":10},{"damage":0,"enemies":"Awakened One","floor":50,"turns":18},{"damage":24,"enemies":"Shield and Spear","floor":54,"turns":11},{"damage":38,"enemies":"The Heart","floor":55,"turns":10}],"seed_played":"-6702777510347526504","potions_obtained":[{"floor":2.0,"key":"AttackPotion"},{"floor":3.0,"key":"SkillPotion"},{"floor":8.0,"key":"Weak Potion"},{"floor":12.0,"key":"Dexterity Potion"},{"floor":14.0,"key":"Block Potion"},{"floor":23.0,"key":"Ancient Potion"},{"floor":28.0,"key":"FocusPotion"},{"floor":33.0,"key":"LiquidBronze"},{"floor":35.0,"key":"EssenceOfSteel"},{"floor":36.0,"key":"SteroidPotion"},{"floor":44.0,"key":"Strength Potion"},{"floor":45,"key":"FearPotion"},{"floor":48,"key":"SteroidPotion"}],"is_trial":false,"path_per_floor":["M","M","M","?","M","E","R","E","T","E","M","E","$","M","R","B",null,"M","?","$","?","?","E","R","E","T","R","E","M","R","M","R","B",null,"M","M","?","M","$","E","?","R","T","E","?","R","M","E","R","B",null,"R","$","E","B",null],"character_chosen":"DEFECT","items_purchased":["Defragment","Go for the Eyes","FTL","Coolheaded","Glacier","FTL","Redo","Capacitor","Strawberry"],"campfire_rested":1,"item_purchase_floors":[13,13,13,20,39,39,39,53,53],"current_hp_per_floor":[66,66,60,60,60,50,50,46,46,43,43,43,43,28,28,28,63,63,63,63,63,85,81,81,38,38,38,33,33,33,33,33,33,72,60,60,60,60,60,60,60,60,60,60,25,50,50,50,50,50,76,76,83,59,21],"gold":53,"neow_bonus":"BOSS_RELIC","is_prod":false,"is_daily":false,"chose_seed":false,"campfire_upgraded":8,"win_rate":0,"timestamp":1563265949,"path_taken":["M","M","M","?","?","E","R","E","T","E","M","E","$","M","R","BOSS","M","?","$","?","?","E","R","E","T","R","E","M","R","M","R","BOSS","M","?","?","?","$","E","?","R","T","E","?","R","M","E","R","BOSS","R","$","E","BOSS"],"build_version":"2019-07-05","purchased_purges":3,"victory":true,"max_hp_per_floor":[75,75,75,75,75,75,75,75,75,75,75,75,75,75,75,75,75,75,75,75,75,85,85,85,85,85,85,85,85,85,85,85,85,85,85,85,85,85,85,85,85,85,85,85,85,85,85,85,85,85,85,85,92,92,92],"card_choices":[{"not_picked":["Steam","Blizzard"],"picked":"Cold Snap","floor":1.0},{"not_picked":["Blizzard","Redo"],"picked":"Streamline","floor":2.0},{"not_picked":["Hologram","Cold Snap"],"picked":"Compile Driver","floor":3.0},{"not_picked":["Thunder Strike","Undo"],"picked":"Sweeping Beam","floor":5.0},{"not_picked":["Biased Cognition","Conserve Battery"],"picked":"Buffer","floor":6.0},{"not_picked":["Force Field","Rip and Tear"],"picked":"Steam","floor":8.0},{"not_picked":["Skim","Undo"],"picked":"Amplify","floor":10.0},{"not_picked":["Recycle","Streamline"],"picked":"Hologram","floor":11.0},{"not_picked":["Leap","Hologram"],"picked":"Turbo","floor":12.0},{"not_picked":["Steam Power","Chaos","Force Field"],"picked":"SKIP","floor":14.0},{"not_picked":["Thunder Strike","Buffer"],"picked":"Multi-Cast","floor":16.0},{"not_picked":["Auto Shields","Beam Cell"],"picked":"Capacitor","floor":18.0},{"not_picked":["Loop","White Noise"],"picked":"Defragment","floor":23.0},{"not_picked":["Stack","Leap"],"picked":"Turbo+1","floor":25.0},{"not_picked":["Compile Driver","Aggregate"],"picked":"Defragment+1","floor":28.0},{"not_picked":["Sweeping Beam","Turbo"],"picked":"Coolheaded","floor":29.0},{"not_picked":["Steam","Heatsinks","Compile Driver"],"picked":"SKIP","floor":31.0},{"not_picked":["Rainbow","Machine Learning"],"picked":"Thunder Strike","floor":33.0},{"not_picked":["Double Energy","White Noise+1"],"picked":"Conserve Battery+1","floor":35.0},{"not_picked":["Steam Power+1","Compile Driver","Melter+1"],"picked":"SKIP","floor":36.0},{"not_picked":["Stack+1","Ball Lightning"],"picked":"Rebound+1","floor":38.0},{"not_picked":["Sunder","Aggregate"],"picked":"Barrage","floor":40.0},{"not_picked":["Finesse","Enlightenment"],"picked":"Dramatic Entrance","floor":41.0},{"not_picked":["Fission","Turbo+1","Rebound"],"picked":"SKIP","floor":44.0},{"not_picked":["Hologram","Ball Lightning"],"picked":"Leap+1","floor":45},{"not_picked":["Sweeping Beam","Conserve Battery"],"picked":"Consume","floor":46},{"not_picked":["Redo","Biased Cognition","Rebound+1"],"picked":"SKIP","floor":47},{"not_picked":["Cold Snap","Core Surge","Rebound"],"picked":"SKIP","floor":48},{"not_picked":["Turbo+1","Thunder Strike","Rebound"],"picked":"SKIP","floor":54}],"player_experience":275866,"relics_obtained":[{"floor":6.0,"key":"Anchor"},{"floor":8.0,"key":"Smiling Mask"},{"floor":9.0,"key":"PreservedInsect"},{"floor":10.0,"key":"Bottled Lightning"},{"floor":12.0,"key":"Calipers"},{"floor":23.0,"key":"Dream Catcher"},{"floor":25.0,"key":"Gremlin Horn"},{"floor":26.0,"key":"Bag of Marbles"},{"floor":28.0,"key":"Bottled Tornado"},{"floor":40.0,"key":"Darkstone Periapt"},{"floor":40.0,"key":"Kunai"},{"floor":44.0,"key":"Ancient Tea Set"},{"floor":44.0,"key":"Letter Opener"},{"floor":45,"key":"FossilizedHelix"},{"floor":48,"key":"Potion Belt"},{"floor":48,"key":"Oddly Smooth Stone"},{"floor":54,"key":"DataDisk"},{"floor":54,"key":"Bag of Preparation"}],"event_choices":[{"cards_removed":["Strike_B"],"damage_healed":0.0,"max_hp_gain":0.0,"max_hp_loss":0.0,"gold_gain":0.0,"event_name":"Purifier","player_choice":"Purged","floor":4.0,"gold_loss":0.0,"damage_taken":0.0},{"damage_healed":0.0,"max_hp_gain":0.0,"max_hp_loss":0.0,"gold_gain":0.0,"event_name":"Vampires","player_choice":"Ignored","floor":19.0,"gold_loss":0.0,"damage_taken":0.0},{"damage_healed":0.0,"max_hp_gain":0.0,"max_hp_loss":0.0,"gold_gain":0.0,"cards_transformed":["Strike_B","Defend_B"],"event_name":"Drug Dealer","player_choice":"Became Test Subject","floor":21.0,"gold_loss":0.0,"damage_taken":0.0,"cards_obtained":["Fission","Gash"]},{"cards_removed":["Fission"],"damage_healed":12.0,"max_hp_gain":10.0,"max_hp_loss":0.0,"gold_gain":0.0,"event_name":"Bonfire Elementals","player_choice":"Offered Rare","floor":22.0,"gold_loss":0.0,"damage_taken":0.0},{"damage_healed":0.0,"max_hp_gain":0.0,"max_hp_loss":0.0,"gold_gain":0.0,"event_name":"WeMeetAgain","player_choice":"Gave Potion","floor":37.0,"gold_loss":0.0,"damage_taken":0.0,"relics_obtained":["Dead Branch"]},{"damage_healed":0.0,"max_hp_gain":0.0,"max_hp_loss":0.0,"gold_gain":0.0,"event_name":"SensoryStone","player_choice":"Memory 1","floor":41.0,"gold_loss":0.0,"damage_taken":0.0},{"damage_healed":0,"gold_gain":0,"player_choice":"Fight","damage_taken":0,"max_hp_gain":0,"max_hp_loss":0,"event_name":"Mysterious Sphere","floor":45,"gold_loss":0}],"is_beta":false,"boss_relics":[{"not_picked":["Calling Bell","Lizard Tail"],"picked":"Philosopher\u0027s Stone"},{"not_picked":["Snecko Eye","Runic Dome"],"picked":"Black Star"}],"items_purged_floors":[13,20,39],"is_endless":false,"potions_floor_spawned":[2,3,8,12,14,16,18,23,28,33,35,36,44,45,48],"ascension_level":6}