{"gold_per_floor":[113,113,63,77,94,94,71,71,97,97,97,113,129,157,157,254,254,269,184,184,70,70,70],"floor_reached":23,"playtime":964,"items_purged":["Strike_R"],"score":224,"play_id":"335bc529-a6ae-4ad1-91d6-9717adae23c8","local_time":"20181127175629","is_ascension_mode":true,"campfire_choices":[{"data":"Bash","floor":6,"key":"SMITH"},{"data":"Body Slam","floor":8,"key":"SMITH"},{"data":"Sword Boomerang","floor":11,"key":"SMITH"},{"data":"Inflame","floor":15,"key":"SMITH"}],"neow_cost":"NONE","seed_source_timestamp":1193144486629540,"circlet_count":0,"master_deck":["Strike_R","Defend_R+1","Defend_R","Defend_R+1","Defend_R","Bash+1","Fiend Fire","Body Slam+1","Offering","Bludgeon","Sword Boomerang+1","Shrug It Off","Ghostly Armor","Inflame+1","Demon Form","True Grit","Rampage"],"relics":["Burning Blood","Oddly Smooth Stone","War Paint","Sozu","Du-Vu Doll"],"potions_floor_usage":[16,16],"damage_taken":[{"damage":15,"enemies":"Small Slimes","floor":1,"turns":4},{"damage":3,"enemies":"Jaw Worm","floor":4,"turns":4},{"damage":0,"enemies":"2 Louse","floor":5,"turns":2},{"damage":12,"enemies":"Exordium Wildlife","floor":12,"turns":3},{"damage":11,"enemies":"Looter","floor":13,"turns":2},{"damage":7,"enemies":"3 Sentries","floor":14,"turns":6},{"damage":35,"enemies":"Slime Boss","floor":16,"turns":4},{"damage":8,"enemies":"2 Thieves","floor":18,"turns":3},{"damage":73,"enemies":"Gremlin Leader","floor":23,"turns":6}],"seed_played":"6884872428773994057","potions_obtained":[{"floor":4,"key":"Swift Potion"},{"floor":14,"key":"SteroidPotion"}],"is_trial":false,"path_per_floor":["M","?","?","M","M","R","$","R","T","?","R","M","M","E","R","B",null,"M","?","?","$","?","E"],"character_chosen":"IRONCLAD","items_purchased":["Shrug It Off","Rampage"],"campfire_rested":0,"item_purchase_floors":[7,21],"current_hp_per_floor":[71,71,71,74,80,80,80,80,80,73,73,67,62,61,61,32,80,78,78,63,63,63,0],"gold":70,"neow_bonus":"ONE_RANDOM_RARE_CARD","is_prod":false,"is_daily":false,"chose_seed":false,"campfire_upgraded":4,"win_rate":0,"timestamp":1543359389,"path_taken":["M","?","?","M","?","R","$","R","T","?","R","M","M","E","R","BOSS","M","?","?","?","?","E"],"build_version":"2018-11-15","purchased_purges":1,"victory":false,"max_hp_per_floor":[80,80,80,80,80,80,80,80,80,80,80,80,80,80,80,80,80,80,80,85,85,85,85],"card_choices":[{"not_picked":["Clash","Cleave"],"picked":"Body Slam","floor":1},{"not_picked":["Thunderclap","Anger"],"picked":"Bludgeon","floor":4},{"not_picked":["Pummel","Warcry"],"picked":"Sword Boomerang","floor":5},{"not_picked":["Combust","Blood for Blood","Reckless Charge"],"picked":"SKIP","floor":12},{"not_picked":["Anger","Rage"],"picked":"Ghostly Armor","floor":13},{"not_picked":["Hemokinesis","Blood for Blood"],"picked":"Inflame","floor":14},{"not_picked":["Offering","Brutality"],"picked":"Demon Form","floor":16},{"not_picked":["Warcry","Disarm"],"picked":"True Grit","floor":18}],"player_experience":2532876,"relics_obtained":[{"floor":9,"key":"Oddly Smooth Stone"},{"floor":14,"key":"War Paint"}],"event_choices":[{"damage_healed":0,"gold_gain":0,"cards_transformed":["Strike_R"],"player_choice":"Change","damage_taken":0,"max_hp_gain":0,"max_hp_loss":0,"event_name":"Living Wall","floor":2,"gold_loss":0,"cards_obtained":["Offering"]},{"cards_removed":["Strike_R"],"damage_healed":0,"gold_gain":0,"player_choice":"Card Removal","damage_taken":0,"max_hp_gain":0,"max_hp_loss":0,"event_name":"The Cleric","floor":3,"gold_loss":50},{"cards_removed":["Strike_R"],"damage_healed":0,"gold_gain":0,"player_choice":"Card Removal","damage_taken":7,"max_hp_gain":0,"max_hp_loss":0,"event_name":"Golden Wing","floor":10,"gold_loss":0},{"damage_healed":0,"gold_gain":0,"player_choice":"Obtained Relic","damage_taken":0,"relics_obtained":["Du-Vu Doll"],"max_hp_gain":0,"max_hp_loss":0,"event_name":"Addict","floor":19,"gold_loss":85},{"damage_healed":0,"gold_gain":0,"player_choice":"Shed Blood","damage_taken":20,"max_hp_gain":5,"max_hp_loss":0,"event_name":"Forgotten Altar","floor":20,"gold_loss":0},{"damage_healed":0,"gold_gain":0,"player_choice":"Ignored","damage_taken":0,"max_hp_gain":0,"max_hp_loss":0,"event_name":"Ghosts","floor":22,"gold_loss":0}],"is_beta":false,"boss_relics":[{"not_picked":["Ectoplasm","Busted Crown"],"picked":"Sozu"}],"items_purged_floors":[21],"is_endless":false,"potions_floor_spawned":[4,14,18],"killed_by":"Gremlin Leader","ascension_level":4}