{"gold_per_floor":[117,117,134,150,150,150,160,160,215,54,69,144,244,258,258,258],"floor_reached":16,"playtime":980,"items_purged":[],"score":179,"play_id":"882e0456-16aa-4c12-a967-337cadf6bee3","local_time":"20190709221416","is_ascension_mode":true,"campfire_choices":[{"data":"Dodge and Roll","floor":6.0,"key":"SMITH"},{"data":"Backflip","floor":8,"key":"SMITH"},{"floor":15,"key":"REST"}],"neow_cost":"CURSE","seed_source_timestamp":0,"circlet_count":0,"master_deck":["AscendersBane","Strike_G","Strike_G","Strike_G","Strike_G","Strike_G","Defend_G","Defend_G","Defend_G","Defend_G","Defend_G","Survivor","Neutralize+1","Doubt","Backflip+1","Dodge and Roll+1","Underhanded Strike","Quick Slash"],"special_seed":0,"relics":["Ring of the Snake","Tingsha","Blood Vial","Bag of Marbles","Oddly Smooth Stone"],"potions_floor_usage":[7,16],"damage_taken":[{"damage":1.0,"enemies":"Small Slimes","floor":1.0,"turns":4.0},{"damage":8.0,"enemies":"Cultist","floor":3.0,"turns":5.0},{"damage":0.0,"enemies":"Jaw Worm","floor":4.0,"turns":7.0},{"damage":13,"enemies":"Exordium Thugs","floor":7,"turns":7},{"damage":11,"enemies":"Large Slime","floor":11,"turns":9},{"damage":3,"enemies":"2 Fungi Beasts","floor":14,"turns":4},{"damage":40,"enemies":"Hexaghost","floor":16,"turns":12}],"seed_played":"-7847262210744078598","potions_obtained":[{"floor":1.0,"key":"GhostInAJar"},{"floor":4.0,"key":"SkillPotion"},{"floor":7,"key":"Weak Potion"}],"is_trial":false,"path_per_floor":["M","?","M","M","?","R","M","R","T","$","M","?","?","M","R","B"],"character_chosen":"THE_SILENT","items_purchased":["Oddly Smooth Stone"],"campfire_rested":1,"item_purchase_floors":[10],"current_hp_per_floor":[58,58,50,50,50,50,39,39,39,39,30,19,19,18,37,0],"gold":258,"neow_bonus":"ONE_RARE_RELIC","is_prod":false,"is_daily":false,"chose_seed":false,"campfire_upgraded":2,"win_rate":0,"timestamp":1562732056,"path_taken":["M","?","M","?","?","R","M","R","T","?","?","?","?","M","R","BOSS"],"build_version":"2019-07-03","purchased_purges":0,"victory":false,"max_hp_per_floor":[66,66,66,66,66,66,66,66,66,66,66,66,66,66,66,66],"card_choices":[{"not_picked":["Quick Slash","Blur"],"picked":"Underhanded Strike","floor":1.0},{"not_picked":["Distraction","Flying Knee"],"picked":"Backflip","floor":3.0},{"not_picked":["Flechettes","Bouncing Flask"],"picked":"Dodge and Roll","floor":4.0},{"not_picked":["Quick Slash","Outmaneuver"],"picked":"Underhanded Strike","floor":7},{"not_picked":["Blade Dance","Dodge and Roll"],"picked":"Quick Slash","floor":11},{"not_picked":["Masterful Stab","Outmaneuver","Sucker Punch"],"picked":"SKIP","floor":14}],"player_experience":1173424,"relics_obtained":[{"floor":9,"key":"Bag of Marbles"}],"event_choices":[{"damage_healed":0.0,"max_hp_gain":0.0,"max_hp_loss":0.0,"gold_gain":0.0,"event_name":"Upgrade Shrine","player_choice":"Upgraded","floor":2.0,"gold_loss":0.0,"damage_taken":0.0,"cards_upgraded":["Neutralize"]},{"cards_removed":["Underhanded Strike"],"damage_healed":0.0,"max_hp_gain":0.0,"max_hp_loss":0.0,"gold_gain":0.0,"event_name":"WeMeetAgain","player_choice":"Gave Card","floor":5.0,"gold_loss":0.0,"damage_taken":0.0,"relics_obtained":["Blood Vial"]},{"damage_healed":0,"gold_gain":75,"player_choice":"Gather Gold","damage_taken":11,"max_hp_gain":0,"max_hp_loss":0,"event_name":"World of Goop","floor":12,"gold_loss":0},{"damage_healed":0,"gold_gain":100,"player_choice":"Gold","damage_taken":0,"max_hp_gain":0,"max_hp_loss":0,"event_name":"Wheel of Change","floor":13,"gold_loss":0}],"is_beta":true,"boss_relics":[],"items_purged_floors":[],"is_endless":false,"potions_floor_spawned":[1,4,7],"killed_by":"Hexaghost","ascension_level":19}