{"gold_per_floor":[368,368,368,393,406,406,406,426,504,504,20,20,20,53,53,152,152,177,8,8,32,32,32,53,53,77,77,96,96,96,109,109,205,205,224,224,2,22,22,22,60,79,79,4,4,28,28,28,28,28],"floor_reached":50,"playtime":3377,"items_purged":["Decay"],"score":957,"play_id":"57c1bc3c-c4aa-4940-a0c9-b50ce57e54df","local_time":"20190412110319","is_ascension_mode":true,"campfire_choices":[{"data":"Zap","floor":6,"key":"SMITH"},{"data":"Go for the Eyes","floor":10,"key":"SMITH"},{"data":"Loop","floor":12,"key":"SMITH"},{"floor":15,"key":"REST"},{"data":"Coolheaded","floor":23,"key":"SMITH"},{"floor":25,"key":"REST"},{"floor":27,"key":"REST"},{"floor":30,"key":"REST"},{"floor":32,"key":"REST"},{"data":"Turbo","floor":40,"key":"SMITH"},{"floor":47,"key":"REST"},{"floor":49,"key":"DIG"}],"neow_cost":"TEN_PERCENT_HP_LOSS","seed_source_timestamp":226859373836970,"circlet_count":0,"master_deck":["AscendersBane","Defend_B+1","Defend_B+1","Defend_B+1","Defend_B+1","Zap+1","Dualcast","Turbo+1","FTL+1","Steam Power","Glacier","Go for the Eyes+1","All For One","Loop+1","Gash+1","Creative AI","Gash","Doom and Gloom","Coolheaded+1","Force Field","Meteor Strike","Double Energy","Reinforced Body+1","Aggregate+1","Secret Technique"],"relics":["Cracked Core","Golden Idol","Ornamental Fan","Letter Opener","Shuriken","Happy Flower","Snecko Eye","Strawberry","Whetstone","Cursed Key","Lee\u0027s Waffle","Shovel","Bag of Marbles","Anchor"],"potions_floor_usage":[14,16,21,42,50],"damage_taken":[{"damage":2,"enemies":"Jaw Worm","floor":1,"turns":3},{"damage":1,"enemies":"2 Louse","floor":4,"turns":3},{"damage":0,"enemies":"Small Slimes","floor":5,"turns":4},{"damage":10,"enemies":"3 Louse","floor":8,"turns":5},{"damage":26,"enemies":"Gremlin Nob","floor":14,"turns":5},{"damage":5,"enemies":"The Guardian","floor":16,"turns":10},{"damage":4,"enemies":"Chosen","floor":18,"turns":3},{"damage":7,"enemies":"3 Byrds","floor":21,"turns":2},{"damage":44,"enemies":"Snake Plant","floor":24,"turns":5},{"damage":22,"enemies":"Shelled Parasite and Fungi","floor":28,"turns":4},{"damage":0,"enemies":"Centurion and Healer","floor":31,"turns":4},{"damage":43,"enemies":"Champ","floor":33,"turns":13},{"damage":0,"enemies":"Orb Walker","floor":35,"turns":3},{"damage":0,"enemies":"3 Shapes","floor":38,"turns":3},{"damage":0,"enemies":"Giant Head","floor":41,"turns":6},{"damage":54,"enemies":"Transient","floor":42,"turns":6},{"damage":8,"enemies":"Writhing Mass","floor":46,"turns":5},{"damage":59,"enemies":"Time Eater","floor":50,"turns":11}],"seed_played":"3329095381769275599","potions_obtained":[{"floor":8,"key":"FocusPotion"},{"floor":14,"key":"Strength Potion"},{"floor":18,"key":"LiquidBronze"},{"floor":24,"key":"LiquidBronze"},{"floor":31,"key":"LiquidBronze"},{"floor":35,"key":"Regen Potion"}],"is_trial":false,"path_per_floor":["M","?","?","M","M","R","T","M","T","R","$","R","$","E","R","B",null,"M","$","?","M","?","R","M","R","T","R","M","?","R","M","R","B",null,"M","?","$","M","?","R","E","M","T","$","?","M","R","?","R","B"],"character_chosen":"DEFECT","items_purchased":["All For One","Shuriken","Loop","Strawberry","Lee\u0027s Waffle"],"campfire_rested":6,"item_purchase_floors":[11,11,11,19,37],"current_hp_per_floor":[62,62,58,57,57,57,57,47,47,47,47,47,47,21,38,33,52,48,55,55,48,48,48,4,23,23,42,20,20,39,39,58,15,53,53,53,72,72,68,68,68,28,28,28,56,48,56,56,56,0],"gold":28,"neow_bonus":"TWO_FIFTY_GOLD","is_prod":false,"is_daily":false,"chose_seed":false,"campfire_upgraded":5,"win_rate":0,"timestamp":1555081399,"path_taken":["M","?","?","M","M","R","?","M","T","R","$","R","$","E","R","BOSS","M","$","?","M","?","R","?","R","T","R","M","?","R","M","R","BOSS","M","?","$","M","?","R","E","M","T","$","?","M","R","?","R","BOSS"],"build_version":"2019-01-23","purchased_purges":1,"victory":false,"max_hp_per_floor":[64,64,58,58,58,58,58,58,58,58,58,58,58,58,58,58,58,58,65,65,65,65,65,65,65,65,65,65,65,65,65,65,65,65,65,65,72,72,68,68,68,68,68,68,56,56,56,56,56,56],"card_choices":[{"not_picked":["Stack","Sweeping Beam"],"picked":"Turbo","floor":1},{"not_picked":["Barrage","Gash"],"picked":"Steam Power","floor":4},{"not_picked":["Loop","Hologram"],"picked":"Glacier","floor":5},{"not_picked":["Undo","Aggregate"],"picked":"Go for the Eyes","floor":8},{"not_picked":["Force Field","Heatsinks"],"picked":"Gash","floor":14},{"not_picked":["Meteor Strike","Fission"],"picked":"Creative AI","floor":16},{"not_picked":["Undo","Darkness"],"picked":"Gash","floor":18},{"not_picked":["FTL","Melter","Coolheaded"],"picked":"SKIP","floor":21},{"not_picked":["Conserve Battery","Rebound"],"picked":"Force Field","floor":24},{"not_picked":["Leap","Streamline","Gash"],"picked":"SKIP","floor":28},{"not_picked":["Aggregate","Streamline","Stack"],"picked":"SKIP","floor":31},{"not_picked":["Fission","Core Surge"],"picked":"Meteor Strike","floor":33},{"not_picked":["Stack","Reprogram"],"picked":"Double Energy","floor":35},{"not_picked":["Compile Driver","Streamline"],"picked":"Reinforced Body+1","floor":38},{"not_picked":["Blizzard","Conserve Battery"],"picked":"Aggregate+1","floor":41},{"not_picked":["Cold Snap","Reprogram+1","Gash"],"picked":"SKIP","floor":42},{"not_picked":["Tempest","Heatsinks","Ball Lightning"],"picked":"SKIP","floor":46},{"not_picked":["Metamorphosis","Madness"],"picked":"Secret Technique","floor":48}],"player_experience":3368430,"relics_obtained":[{"floor":7,"key":"Ornamental Fan"},{"floor":9,"key":"Letter Opener"},{"floor":14,"key":"Happy Flower"},{"floor":26,"key":"Whetstone"},{"floor":41,"key":"Shovel"},{"floor":43,"key":"Bag of Marbles"},{"floor":49,"key":"Anchor"}],"event_choices":[{"damage_healed":0,"gold_gain":0,"cards_transformed":["Strike_B"],"player_choice":"Change","damage_taken":0,"max_hp_gain":0,"max_hp_loss":0,"event_name":"Living Wall","floor":2,"gold_loss":0,"cards_obtained":["FTL"]},{"damage_healed":0,"gold_gain":0,"player_choice":"Lose Max HP","damage_taken":0,"relics_obtained":["Golden Idol"],"max_hp_gain":0,"max_hp_loss":6,"event_name":"Golden Idol","floor":3,"gold_loss":0},{"damage_healed":0,"gold_gain":0,"cards_transformed":["Strike_B","Strike_B"],"player_choice":"Became Test Subject","damage_taken":0,"max_hp_gain":0,"max_hp_loss":0,"event_name":"Drug Dealer","floor":20,"gold_loss":0,"cards_obtained":["Doom and Gloom","Coolheaded"]},{"damage_healed":0,"gold_gain":0,"player_choice":"Ignored","damage_taken":0,"max_hp_gain":0,"max_hp_loss":0,"event_name":"The Mausoleum","floor":22,"gold_loss":0},{"damage_healed":0,"gold_gain":0,"player_choice":"Simplicity","damage_taken":0,"max_hp_gain":0,"max_hp_loss":0,"event_name":"Back to Basics","floor":29,"gold_loss":0,"cards_upgraded":["Strike_B","Defend_B","Defend_B","Defend_B","Defend_B"]},{"cards_removed":["Strike_B"],"damage_healed":0,"gold_gain":0,"player_choice":"Removed Attack","damage_taken":0,"max_hp_gain":0,"max_hp_loss":0,"event_name":"Falling","floor":36,"gold_loss":0},{"damage_healed":0,"gold_gain":0,"player_choice":"Max HP","damage_taken":0,"max_hp_gain":0,"max_hp_loss":4,"event_name":"Winding Halls","floor":39,"gold_loss":0},{"damage_healed":56,"gold_gain":0,"player_choice":"Heal","damage_taken":0,"max_hp_gain":0,"max_hp_loss":12,"event_name":"The Moai Head","floor":45,"gold_loss":0},{"damage_healed":0,"gold_gain":0,"player_choice":"Memory 1","damage_taken":0,"max_hp_gain":0,"max_hp_loss":0,"event_name":"SensoryStone","floor":48,"gold_loss":0}],"is_beta":false,"boss_relics":[{"not_picked":["Nuclear Battery","Runic Dome"],"picked":"Snecko Eye"},{"not_picked":["White Beast Statue","Astrolabe"],"picked":"Cursed Key"}],"items_purged_floors":[44],"is_endless":false,"potions_floor_spawned":[8,14,18,24,31,35],"killed_by":"Time Eater","ascension_level":19}