{"gold_per_floor":[117,62,62,83,8,8,32,32,55,55,76,107,107,131,131,227,227,247,35,34,84,84],"floor_reached":22,"playtime":2017,"items_purged":[],"score":359,"play_id":"95c9294a-2005-4cf6-8edb-00e9640cd53c","local_time":"20181113093533","is_ascension_mode":true,"campfire_choices":[{"data":"Poisoned Stab","floor":6,"key":"SMITH"},{"data":"Crippling Poison","floor":8,"key":"SMITH"},{"data":"Neutralize","floor":10,"key":"SMITH"},{"floor":15,"key":"REST"}],"neow_cost":"NONE","seed_source_timestamp":745875831033723,"circlet_count":0,"master_deck":["AscendersBane","Defend_G","Defend_G","Defend_G","Defend_G","Defend_G","Strike_G","Strike_G","Strike_G","Survivor","Neutralize+1","Deflect","Poisoned Stab+1","Quick Slash","Crippling Poison+1","PiercingWail","Night Terror","Dagger Spray","Adrenaline","Leg Sweep","Blur","Dodge and Roll"],"relics":["Ring of the Snake","Orichalcum","Golden Idol","Smiling Mask","Darkstone Periapt","Runic Dome","Regal Pillow"],"potions_floor_usage":[16,16,22],"damage_taken":[{"damage":0,"enemies":"2 Louse","floor":1,"turns":5},{"damage":6,"enemies":"Small Slimes","floor":4,"turns":5},{"damage":3,"enemies":"Jaw Worm","floor":7,"turns":3},{"damage":4,"enemies":"Blue Slaver","floor":11,"turns":4},{"damage":15,"enemies":"3 Sentries","floor":12,"turns":13},{"damage":0,"enemies":"2 Fungi Beasts","floor":14,"turns":4},{"damage":25,"enemies":"The Guardian","floor":16,"turns":13},{"damage":21,"enemies":"Shell Parasite","floor":18,"turns":8},{"damage":3,"enemies":"2 Thieves","floor":20,"turns":5},{"damage":22,"enemies":"Cultist and Chosen","floor":22,"turns":5}],"seed_played":"-7793080404210514659","potions_obtained":[{"floor":7,"key":"PowerPotion"},{"floor":11,"key":"PowerPotion"},{"floor":18,"key":"Strength Potion"},{"floor":20,"key":"Explosive Potion"}],"is_trial":false,"path_per_floor":["M","$","?","M","?","R","M","R","T","R","M","E","?","M","R","B",null,"M","$","M","?","M"],"character_chosen":"THE_SILENT","items_purchased":["Poisoned Stab","Blur","Regal Pillow"],"campfire_rested":1,"item_purchase_floors":[2,19,19],"current_hp_per_floor":[59,59,59,53,53,53,50,50,50,50,46,31,24,24,42,17,49,28,28,25,19,0],"gold":84,"neow_bonus":"RANDOM_COMMON_RELIC","is_prod":false,"is_daily":false,"chose_seed":false,"campfire_upgraded":3,"win_rate":0,"timestamp":1542119733,"path_taken":["M","$","?","M","?","R","?","R","T","R","M","E","?","M","R","BOSS","M","$","M","?","M"],"build_version":"2018-11-08","purchased_purges":0,"victory":false,"max_hp_per_floor":[66,66,60,60,60,60,60,60,60,60,60,60,60,60,60,60,60,60,60,60,60,60],"card_choices":[{"not_picked":["Dodge and Roll","Finisher"],"picked":"Deflect","floor":1},{"not_picked":["Backflip","Underhanded Strike"],"picked":"Quick Slash","floor":4},{"not_picked":["Outmaneuver","Dagger Throw"],"picked":"Crippling Poison","floor":7},{"not_picked":["Dagger Spray","Expertise"],"picked":"PiercingWail","floor":11},{"not_picked":["Dagger Spray","Skewer"],"picked":"Night Terror","floor":12},{"not_picked":["Deadly Poison","Cloak And Dagger"],"picked":"Dagger Spray","floor":14},{"not_picked":["Phantasmal Killer","Bullet Time"],"picked":"Adrenaline","floor":16},{"not_picked":["Flying Knee","Eviscerate"],"picked":"Leg Sweep","floor":18},{"not_picked":["Slice","Poisoned Stab"],"picked":"Dodge and Roll","floor":20}],"player_experience":2251043,"relics_obtained":[{"floor":9,"key":"Smiling Mask"},{"floor":12,"key":"Darkstone Periapt"}],"event_choices":[{"damage_healed":0,"gold_gain":0,"player_choice":"Lose Max HP","damage_taken":0,"relics_obtained":["Golden Idol"],"max_hp_gain":0,"max_hp_loss":6,"event_name":"Golden Idol","floor":3,"gold_loss":0},{"cards_removed":["Strike_G"],"damage_healed":0,"gold_gain":0,"player_choice":"Card Removal","damage_taken":0,"max_hp_gain":0,"max_hp_loss":0,"event_name":"The Cleric","floor":5,"gold_loss":75},{"cards_removed":["Strike_G"],"damage_healed":0,"gold_gain":0,"player_choice":"Card Removal","damage_taken":7,"max_hp_gain":0,"max_hp_loss":0,"event_name":"Golden Wing","floor":13,"gold_loss":0},{"damage_healed":0,"gold_gain":50,"player_choice":"Touch","damage_taken":6,"max_hp_gain":0,"max_hp_loss":0,"event_name":"FaceTrader","floor":21,"gold_loss":0}],"is_beta":false,"boss_relics":[{"not_picked":["Empty Cage","HoveringKite"],"picked":"Runic Dome"}],"items_purged_floors":[],"is_endless":false,"potions_floor_spawned":[7,11,14,18,20],"killed_by":"Cultist and Chosen","ascension_level":19}