{"gold_per_floor":[217,217,230,242,261,261,293,293,293,318,29,43,43,59,59,133,133,146,146,146,146,158,158,158],"floor_reached":24,"playtime":1709,"items_purged":["Strike_B"],"score":350,"play_id":"306eee92-1e44-48cd-9656-5a492b358833","local_time":"20190327212745","is_ascension_mode":true,"campfire_choices":[{"data":"Genetic Algorithm","floor":6,"key":"SMITH"},{"data":"Discovery","floor":8,"key":"SMITH"},{"data":"Creative AI","floor":15,"key":"SMITH"},{"floor":23,"key":"REST"}],"neow_cost":"NONE","seed_source_timestamp":1292045537381990,"circlet_count":0,"master_deck":["AscendersBane","Strike_B","Strike_B","Strike_B","Defend_B","Defend_B","Defend_B","Defend_B+1","Zap","Dualcast","Glacier+1","Blizzard","Discovery+1","Genetic Algorithm+1","Self Repair","Streamline","Undo","Go for the Eyes","Creative AI+1","Blind+1","Sweeping Beam","Undo","Amplify","Recycle","Steam","Darkness+1"],"relics":["Cracked Core","Ancient Tea Set","War Paint","The Courier","Busted Crown"],"potions_floor_usage":[7,10,16,16,18],"damage_taken":[{"damage":8,"enemies":"Jaw Worm","floor":1,"turns":4},{"damage":6,"enemies":"Cultist","floor":3,"turns":3},{"damage":5,"enemies":"2 Louse","floor":4,"turns":3},{"damage":0,"enemies":"Blue Slaver","floor":5,"turns":5},{"damage":17,"enemies":"Lagavulin","floor":7,"turns":7},{"damage":4,"enemies":"3 Sentries","floor":10,"turns":9},{"damage":0,"enemies":"Looter","floor":12,"turns":4},{"damage":19,"enemies":"Large Slime","floor":14,"turns":7},{"damage":18,"enemies":"Slime Boss","floor":16,"turns":13},{"damage":8,"enemies":"2 Thieves","floor":18,"turns":4},{"damage":26,"enemies":"3 Byrds","floor":22,"turns":8},{"damage":53,"enemies":"Slavers","floor":24,"turns":7}],"seed_played":"4572438586776512980","potions_obtained":[{"floor":4,"key":"Weak Potion"},{"floor":7,"key":"AttackPotion"},{"floor":12,"key":"Explosive Potion"},{"floor":16,"key":"EssenceOfSteel"}],"is_trial":false,"path_per_floor":["M","?","M","M","M","R","E","R","T","E","$","M","?","M","R","B",null,"M","?","?","?","M","R","E"],"character_chosen":"DEFECT","items_purchased":["Creative AI","Blind","PowerPotion"],"campfire_rested":1,"item_purchase_floors":[11,11,11],"current_hp_per_floor":[56,56,50,45,52,52,42,42,42,45,45,52,52,33,33,22,59,51,51,51,51,32,53,0],"gold":158,"neow_bonus":"HUNDRED_GOLD","is_prod":false,"is_daily":false,"chose_seed":false,"campfire_upgraded":3,"win_rate":0,"timestamp":1553736465,"path_taken":["M","?","M","?","M","R","E","R","T","E","?","M","?","M","R","BOSS","M","?","?","?","M","R","E"],"build_version":"2019-01-23","purchased_purges":1,"victory":false,"max_hp_per_floor":[71,71,71,71,71,71,71,71,71,71,71,71,71,71,71,71,71,71,71,71,71,71,71,71],"card_choices":[{"not_picked":["Coolheaded","Hello World"],"picked":"Glacier","floor":1},{"not_picked":["Rebound","Leap"],"picked":"Genetic Algorithm","floor":3},{"not_picked":["Compile Driver","Cold Snap"],"picked":"Self Repair","floor":4},{"not_picked":["Compile Driver","Heatsinks"],"picked":"Streamline","floor":5},{"not_picked":["Rip and Tear","BootSequence"],"picked":"Undo","floor":7},{"not_picked":["Barrage","Leap"],"picked":"Go for the Eyes","floor":10},{"not_picked":["Storm","Scrape"],"picked":"Sweeping Beam","floor":12},{"not_picked":["Reboot","Scrape"],"picked":"Undo","floor":14},{"not_picked":["Machine Learning","Rainbow"],"picked":"Amplify","floor":16},{"not_picked":[],"picked":"Recycle","floor":18},{"not_picked":[],"picked":"Darkness+1","floor":22}],"player_experience":3258145,"relics_obtained":[{"floor":7,"key":"Ancient Tea Set"},{"floor":9,"key":"War Paint"},{"floor":10,"key":"The Courier"}],"event_choices":[{"damage_healed":0,"gold_gain":0,"player_choice":"2 cards matched","damage_taken":0,"max_hp_gain":0,"max_hp_loss":0,"event_name":"Match and Keep!","floor":2,"gold_loss":0,"cards_obtained":["Blizzard","Discovery"]},{"damage_healed":0,"gold_gain":0,"player_choice":"Ignored","damage_taken":0,"max_hp_gain":0,"max_hp_loss":0,"event_name":"Liars Game","floor":13,"gold_loss":0},{"damage_healed":0,"gold_gain":0,"player_choice":"Ignored","damage_taken":0,"max_hp_gain":0,"max_hp_loss":0,"event_name":"Ghosts","floor":19,"gold_loss":0},{"damage_healed":0,"gold_gain":0,"player_choice":"Read","damage_taken":0,"max_hp_gain":0,"max_hp_loss":0,"event_name":"The Library","floor":20,"gold_loss":0,"cards_obtained":["Steam"]},{"damage_healed":0,"gold_gain":0,"player_choice":"Upgraded","damage_taken":0,"max_hp_gain":0,"max_hp_loss":0,"event_name":"Upgrade Shrine","floor":21,"gold_loss":0,"cards_upgraded":["Blind"]}],"is_beta":false,"boss_relics":[{"not_picked":["Orrery","White Beast Statue"],"picked":"Busted Crown"}],"items_purged_floors":[11],"is_endless":false,"potions_floor_spawned":[4,7,12,16],"killed_by":"Slavers","ascension_level":14}