{"gold_per_floor":[414,434,24,35,210,210,242,256,279,297,297,353,373,393,393,471,471,488,503,503,463,475,475,475],"floor_reached":24,"playtime":1580,"items_purged":["Strike_B"],"score":330,"play_id":"3d30737a-803a-44f9-b8ac-228feaf52053","local_time":"20190208114600","is_ascension_mode":true,"campfire_choices":[{"data":"Loop","floor":6,"key":"SMITH"},{"floor":11,"key":"REST"},{"floor":15,"key":"REST"},{"floor":23,"key":"REST"}],"neow_cost":"PERCENT_DAMAGE","seed_source_timestamp":827902655883287,"circlet_count":0,"master_deck":["AscendersBane","Strike_B","Strike_B","Strike_B","Defend_B","Defend_B","Defend_B","Defend_B","Zap","Dualcast","Sunder","Rip and Tear","Conserve Battery","Leap","Loop+1","Doubt","Cold Snap","Redo","Doom and Gloom","Sweeping Beam","Electrodynamics","Capacitor","Reprogram+1","Decay","Aggregate+1"],"relics":["Cracked Core","Old Coin","Cables","Vajra","Potion Belt","Runic Pyramid"],"potions_floor_usage":[7,10,18,22,22,22],"damage_taken":[{"damage":4,"enemies":"Jaw Worm","floor":1,"turns":4},{"damage":0,"enemies":"Small Slimes","floor":2,"turns":2},{"damage":0,"enemies":"2 Louse","floor":4,"turns":2},{"damage":24,"enemies":"Gremlin Nob","floor":7,"turns":4},{"damage":6,"enemies":"Lots of Slimes","floor":8,"turns":3},{"damage":4,"enemies":"3 Louse","floor":10,"turns":3},{"damage":0,"enemies":"Blue Slaver","floor":13,"turns":3},{"damage":10,"enemies":"Lots of Slimes","floor":14,"turns":2},{"damage":34,"enemies":"Slime Boss","floor":16,"turns":7},{"damage":25,"enemies":"2 Thieves","floor":18,"turns":3},{"damage":22,"enemies":"3 Byrds","floor":19,"turns":5},{"damage":14,"enemies":"Cultist and Chosen","floor":22,"turns":4},{"damage":31,"enemies":"Shelled Parasite and Fungi","floor":24,"turns":4}],"seed_played":"6284578203635585563","potions_obtained":[{"floor":1,"key":"EssenceOfSteel"},{"floor":2,"key":"Dexterity Potion"},{"floor":14,"key":"FairyPotion"},{"floor":16,"key":"Energy Potion"},{"floor":18,"key":"SpeedPotion"},{"floor":21,"key":"FocusPotion"},{"floor":21,"key":"SkillPotion"}],"is_trial":false,"path_per_floor":["M","M","$","M","?","R","E","M","T","M","R","?","M","M","R","B",null,"M","M","?","?","M","R","M"],"character_chosen":"DEFECT","items_purchased":["Cables","Conserve Battery","Leap"],"campfire_rested":3,"item_purchase_floors":[3,3,3],"current_hp_per_floor":[46,46,46,46,46,46,22,16,16,12,34,34,34,24,46,12,59,34,12,12,12,7,29,0],"gold":475,"neow_bonus":"ONE_RARE_RELIC","is_prod":false,"is_daily":false,"chose_seed":false,"campfire_upgraded":1,"win_rate":0,"timestamp":1549644360,"path_taken":["M","M","$","M","?","R","E","M","T","M","R","?","M","M","R","BOSS","M","M","?","?","?","R","M"],"build_version":"2019-01-23","purchased_purges":1,"victory":false,"max_hp_per_floor":[75,75,75,75,75,75,75,75,75,75,75,75,75,75,75,75,75,75,75,75,75,75,75,75],"card_choices":[{"not_picked":["Lockon","Reprogram"],"picked":"Sunder","floor":1},{"not_picked":["Streamline","Hologram"],"picked":"Rip and Tear","floor":2},{"not_picked":["Sweeping Beam","Conserve Battery"],"picked":"Loop","floor":4},{"not_picked":["Force Field","Steam Power"],"picked":"Cold Snap","floor":7},{"not_picked":["Rebound","Coolheaded"],"picked":"Redo","floor":8},{"not_picked":["Consume","Steam"],"picked":"Doom and Gloom","floor":10},{"not_picked":["Coolheaded","Multi-Cast"],"picked":"Sweeping Beam","floor":13},{"not_picked":["Gash","Turbo","Streamline"],"picked":"SKIP","floor":14},{"not_picked":["Buffer","Meteor Strike"],"picked":"Electrodynamics","floor":16},{"not_picked":["Chill","Stack"],"picked":"Capacitor","floor":18},{"not_picked":["Hologram","Cold Snap"],"picked":"Reprogram+1","floor":19},{"not_picked":["Turbo","Ball Lightning"],"picked":"Aggregate+1","floor":22}],"player_experience":3029983,"relics_obtained":[{"floor":7,"key":"Vajra"},{"floor":9,"key":"Potion Belt"}],"event_choices":[{"damage_healed":0,"gold_gain":175,"player_choice":"AGREE","damage_taken":0,"max_hp_gain":0,"max_hp_loss":0,"event_name":"Liars Game","floor":5,"gold_loss":0,"cards_obtained":["Doubt"]},{"damage_healed":0,"gold_gain":56,"player_choice":"Gained Gold","damage_taken":0,"max_hp_gain":0,"max_hp_loss":0,"event_name":"Golden Wing","floor":12,"gold_loss":0},{"damage_healed":0,"gold_gain":0,"player_choice":"Smashed Altar","damage_taken":0,"max_hp_gain":0,"max_hp_loss":0,"event_name":"Forgotten Altar","floor":20,"gold_loss":0,"cards_obtained":["Decay"]},{"damage_healed":0,"gold_gain":0,"player_choice":"Bought 3 Potions","damage_taken":0,"max_hp_gain":0,"max_hp_loss":0,"event_name":"The Woman in Blue","floor":21,"gold_loss":0}],"is_beta":false,"boss_relics":[{"not_picked":["Black Star","Sozu"],"picked":"Runic Pyramid"}],"items_purged_floors":[3],"is_endless":false,"potions_floor_spawned":[1,2,14,16,18],"killed_by":"Shelled Parasite and Fungi","ascension_level":13}