{"gold_per_floor":[114,129,144,159,174,204,219,219,219,249,249,264,279,279,279,379,379,394,409,424,424,439,469,213,218,218,233,233,248,278,37,37,137,137,152,167,182,197,212,212,242,257,257,257,257,16,31,46,46,46],"floor_reached":51,"playtime":3722,"items_purged":[],"score":814,"play_id":"237641ac-f099-49a0-832a-5ace6edb2e70","local_time":"20180710163741","daily_mods":["Diverse","Vintage","Hoarder"],"is_ascension_mode":false,"campfire_choices":[{"data":"Neutralize","floor":8,"key":"SMITH"},{"data":"Survivor","floor":11,"key":"SMITH"},{"data":"Defend_G","floor":15,"key":"SMITH"},{"floor":28,"key":"REST"},{"floor":32,"key":"REST"},{"data":"Bite","floor":40,"key":"PURGE"},{"data":"Bite","floor":44,"key":"PURGE"},{"data":"Bite","floor":49,"key":"PURGE"}],"neow_cost":"","seed_source_timestamp":0,"circlet_count":0,"master_deck":["Defend_G+1","Defend_G","Defend_G+1","Defend_G","Defend_G+1","Survivor+1","Neutralize+1","Caltrops+1","Caltrops+1","Caltrops+1","Reaper","Reaper","Reaper","Bite","Bite","Bite","Bite","Bite","Bite","Bite","Bite","Bite","Bite","Bite","Deflect+1","Deflect+1","Deflect+1","Jack Of All Trades+1","Jack Of All Trades+1","Jack Of All Trades+1","Stack+1","Stack+1","Stack+1","Blur+1","Blur+1","Blur+1","Echo Form+1","Terror+1","Terror+1","Terror+1","Conserve Battery+1","Conserve Battery+1","Conserve Battery+1","Conserve Battery+1","Conserve Battery+1","Conserve Battery+1"],"special_seed":17722,"relics":["Ring of the Snake","Darkstone Periapt","Happy Flower","Mercury Hourglass","Bottled Flame","Orichalcum","Pen Nib","Letter Opener","Frozen Egg 2","Pantograph","Bronze Scales","Du-Vu Doll","Fusion Hammer","Smiling Mask","The Specimen","Vajra","Toxic Egg 2","Centennial Puzzle","Snake Skull","Red Mask","Tough Bandages","Kunai","Ornamental Fan","Potion Belt","TwistedFunnel","War Paint","Empty Cage","Omamori","Bag of Marbles","Peace Pipe","Strawberry","Oddly Smooth Stone","The Courier","Lantern","Juzu Bracelet","Frozen Eye","Bottled Tornado","Anchor"],"potions_floor_usage":[10,10,10,19,23,30,36,41,50,50,50,50],"damage_taken":[{"damage":3,"enemies":"Cultist","floor":1,"turns":5},{"damage":0,"enemies":"Small Slimes","floor":2,"turns":3},{"damage":0,"enemies":"Jaw Worm","floor":3,"turns":4},{"damage":2,"enemies":"Looter","floor":4,"turns":3},{"damage":0,"enemies":"3 Louse","floor":5,"turns":3},{"damage":6,"enemies":"3 Sentries","floor":6,"turns":7},{"damage":3,"enemies":"2 Fungi Beasts","floor":7,"turns":3},{"damage":6,"enemies":"Lagavulin","floor":10,"turns":5},{"damage":0,"enemies":"Blue Slaver","floor":12,"turns":3},{"damage":2,"enemies":"Looter","floor":13,"turns":3},{"damage":14,"enemies":"The Guardian","floor":16,"turns":9},{"damage":8,"enemies":"Chosen","floor":18,"turns":4},{"damage":18,"enemies":"2 Thieves","floor":19,"turns":4},{"damage":12,"enemies":"Snake Plant","floor":20,"turns":2},{"damage":6,"enemies":"Centurion and Healer","floor":22,"turns":6},{"damage":11,"enemies":"Gremlin Leader","floor":23,"turns":6},{"damage":6,"floor":25,"turns":3},{"damage":0,"enemies":"3 Cultists","floor":27,"turns":4},{"damage":2,"enemies":"Snake Plant","floor":29,"turns":3},{"damage":19,"enemies":"Slavers","floor":30,"turns":2},{"damage":15,"enemies":"Champ","floor":33,"turns":10},{"damage":0,"enemies":"Orb Walker","floor":35,"turns":3},{"damage":0,"enemies":"3 Darklings","floor":36,"turns":3},{"damage":0,"enemies":"Sphere and 2 Shapes","floor":37,"turns":3},{"damage":15,"enemies":"Maw","floor":38,"turns":7},{"damage":6,"enemies":"4 Shapes","floor":39,"turns":2},{"damage":2,"enemies":"2 Orb Walkers","floor":41,"turns":4},{"damage":0,"enemies":"Sphere and 2 Shapes","floor":42,"turns":3},{"damage":0,"enemies":"Maw","floor":47,"turns":8},{"damage":0,"enemies":"4 Shapes","floor":48,"turns":3},{"damage":72,"enemies":"Awakened One","floor":50,"turns":10}],"seed_played":"-163716102511872118","potions_obtained":[{"floor":2,"key":"Energy Potion"},{"floor":4,"key":"Strength Potion"},{"floor":7,"key":"Poison Potion"},{"floor":10,"key":"Ancient Potion"},{"floor":18,"key":"Energy Potion"},{"floor":22,"key":"AttackPotion"},{"floor":27,"key":"Dexterity Potion"},{"floor":30,"key":"GhostInAJar"},{"floor":33,"key":"Regen Potion"},{"floor":37,"key":"FairyPotion"},{"floor":39,"key":"SpeedPotion"},{"floor":42,"key":"LiquidBronze"},{"floor":47,"key":"PowerPotion"}],"is_trial":false,"path_per_floor":["M","M","M","M","M","E","M","R","T","E","R","M","M","?","R","B",null,"M","M","M","?","M","E","$","?","T","M","R","M","E","$","R","B",null,"M","M","M","M","M","R","E","M","T","R","?","$","M","M","R","B"],"character_chosen":"THE_SILENT","items_purchased":["Snake Skull","Jack Of All Trades+1","Blur+1","TwistedFunnel","Conserve Battery+1","Frozen Eye","Conserve Battery+1"],"campfire_rested":2,"item_purchase_floors":[24,24,31,31,46,46,46],"current_hp_per_floor":[67,67,67,65,65,59,56,56,56,50,50,50,48,48,48,56,70,62,64,58,58,70,70,70,64,64,70,70,70,57,57,70,70,70,70,70,70,77,77,77,77,77,77,77,77,77,77,77,77,32],"gold":46,"neow_bonus":"","is_prod":false,"is_daily":true,"chose_seed":false,"campfire_upgraded":3,"win_rate":0,"timestamp":1531255061,"path_taken":["M","M","M","M","M","E","M","R","T","E","R","M","M","?","R","BOSS","M","M","M","?","M","E","$","?","T","M","R","M","E","$","R","BOSS","M","M","M","M","M","R","E","M","T","R","?","$","M","M","R","BOSS"],"build_version":"2018-07-05","purchased_purges":0,"victory":true,"max_hp_per_floor":[70,70,70,70,70,70,70,70,70,70,70,70,70,70,70,70,70,70,70,70,70,70,70,70,70,70,70,70,70,70,70,70,70,70,70,70,70,77,77,77,77,77,77,77,77,77,77,77,77,77],"card_choices":[{"not_picked":["Headbutt","Acrobatics","Reinforced Body"],"picked":"SKIP","floor":6},{"not_picked":["Dagger Throw","Lockon"],"picked":"Caltrops+1","floor":10},{"not_picked":["Seek","Unload"],"picked":"Reaper","floor":16},{"not_picked":["Sword Boomerang","Reinforced Body+1"],"picked":"Deflect+1","floor":23},{"not_picked":["Go for the Eyes","Beam Cell"],"picked":"Stack+1","floor":30},{"not_picked":["All For One","Juggernaut+1"],"picked":"Echo Form+1","floor":33},{"not_picked":["Hologram+1","Storm+1"],"picked":"Terror+1","floor":41}],"player_experience":1967367,"relics_obtained":[{"floor":1,"key":"Darkstone Periapt"},{"floor":2,"key":"Happy Flower"},{"floor":3,"key":"Mercury Hourglass"},{"floor":4,"key":"Bottled Flame"},{"floor":5,"key":"Orichalcum"},{"floor":6,"key":"Pen Nib"},{"floor":7,"key":"Letter Opener"},{"floor":9,"key":"Frozen Egg 2"},{"floor":10,"key":"Pantograph"},{"floor":12,"key":"Bronze Scales"},{"floor":13,"key":"Du-Vu Doll"},{"floor":16,"key":"Blood Vial"},{"floor":18,"key":"Smiling Mask"},{"floor":19,"key":"The Specimen"},{"floor":20,"key":"Vajra"},{"floor":22,"key":"Toxic Egg 2"},{"floor":23,"key":"Centennial Puzzle"},{"floor":25,"key":"Red Mask"},{"floor":26,"key":"Tough Bandages"},{"floor":27,"key":"Kunai"},{"floor":29,"key":"Ornamental Fan"},{"floor":30,"key":"Potion Belt"},{"floor":33,"key":"War Paint"},{"floor":35,"key":"Omamori"},{"floor":36,"key":"Bag of Marbles"},{"floor":37,"key":"Peace Pipe"},{"floor":38,"key":"Strawberry"},{"floor":39,"key":"Oddly Smooth Stone"},{"floor":41,"key":"The Courier"},{"floor":42,"key":"Lantern"},{"floor":43,"key":"Juzu Bracelet"},{"floor":47,"key":"Bottled Tornado"},{"floor":48,"key":"Anchor"}],"event_choices":[{"event_name":"Living Wall","player_choice":"Forget","floor":14,"damage_taken":0},{"event_name":"Vampires","player_choice":"Became a vampire (Vial)","floor":21,"damage_taken":0},{"event_name":"Masked Bandits","player_choice":"Fought over 213 gold","floor":25,"damage_taken":0},{"event_name":"Falling","player_choice":"Removed Attack","floor":45,"damage_taken":0}],"boss_relics":[{"not_picked":["Calling Bell","Philosopher\u0027s Stone"],"picked":"Fusion Hammer"},{"not_picked":["Orrery","Sozu"],"picked":"Empty Cage"}],"items_purged_floors":[],"is_endless":false,"potions_floor_spawned":[2,4,7,10,18,22,27,30,33,37,39,42,47],"ascension_level":0}