{"gold_per_floor":[114,134,153,153,11,11,33,33,57,75,107,57,92,92,92,194,194,119,119,119,44,44,44,44,44,44,44,44,44,44,44,44,44,44,44,44,44,44,44,44,44,44,44,44,44,44,44,44,44,44],"floor_reached":51,"playtime":4035,"items_purged":["Strike_G"],"score":628,"play_id":"1e062604-fffb-486c-b555-377f52d98a94","local_time":"20190719103410","is_ascension_mode":false,"campfire_choices":[{"data":"Glass Knife","floor":6,"key":"SMITH"},{"data":"Neutralize","floor":8,"key":"SMITH"},{"data":"Sucker Punch","floor":15,"key":"SMITH"},{"data":"Footwork","floor":23,"key":"SMITH"},{"data":"Caltrops","floor":27,"key":"SMITH"},{"floor":32,"key":"REST"},{"data":"Footwork","floor":40,"key":"SMITH"},{"data":"Burst","floor":42,"key":"SMITH"},{"data":"Well Laid Plans","floor":44,"key":"SMITH"},{"data":"Flechettes","floor":46,"key":"SMITH"},{"data":"Bouncing Flask","floor":49,"key":"SMITH"}],"neow_cost":"NONE","seed_source_timestamp":724325815044069,"circlet_count":0,"master_deck":["Strike_G+1","Defend_G+1","Defend_G+1","Defend_G+1","Defend_G+1","Defend_G+1","Survivor+1","Neutralize+1","Sucker Punch+1","Footwork+1","Footwork+1","Glass Knife+1","Escape Plan","Leg Sweep","Backflip","Night Terror","Caltrops+1","PiercingWail","Flechettes+1","Tools of the Trade","Dodge and Roll","PiercingWail+1","Well Laid Plans+1","Burst+1","Backflip","Caltrops+1","Bouncing Flask+1"],"relics":["Ring of the Snake","Dream Catcher","Odd Mushroom","Ancient Tea Set","Bottled Tornado","Orichalcum","Ectoplasm","Lantern","Blood Vial","Peace Pipe","Singing Bowl","Cursed Key","Old Coin"],"potions_floor_usage":[10,11,16,16,33,33],"damage_taken":[{"damage":1,"enemies":"Cultist","floor":1,"turns":4},{"damage":0,"enemies":"2 Louse","floor":2,"turns":3},{"damage":0,"enemies":"Small Slimes","floor":3,"turns":4},{"damage":5,"enemies":"The Mushroom Lair","floor":7,"turns":5},{"damage":0,"enemies":"Exordium Wildlife","floor":10,"turns":6},{"damage":7,"enemies":"Lagavulin","floor":11,"turns":7},{"damage":0,"enemies":"3 Sentries","floor":13,"turns":12},{"damage":51,"enemies":"Hexaghost","floor":16,"turns":25},{"damage":7,"enemies":"2 Thieves","floor":18,"turns":5},{"damage":4,"enemies":"Spheric Guardian","floor":19,"turns":3},{"damage":0,"enemies":"Chosen and Byrds","floor":25,"turns":5},{"damage":0,"enemies":"Snecko","floor":29,"turns":7},{"damage":0,"enemies":"Colosseum Slavers","floor":30,"turns":5},{"damage":35,"enemies":"Colosseum Nobs","floor":30,"turns":6},{"damage":4,"enemies":"Collector","floor":33,"turns":10},{"damage":0,"enemies":"3 Darklings","floor":35,"turns":5},{"damage":0,"enemies":"Orb Walker","floor":36,"turns":6},{"damage":0,"enemies":"Mind Bloom Boss Battle","floor":37,"turns":8},{"damage":0,"enemies":"Jaw Worm Horde","floor":38,"turns":7},{"damage":0,"enemies":"Maw","floor":41,"turns":12},{"damage":0,"enemies":"Transient","floor":47,"turns":5},{"damage":7,"enemies":"Sphere and 2 Shapes","floor":48,"turns":7},{"damage":9,"enemies":"Time Eater","floor":50,"turns":12}],"seed_played":"1998870338759392241","potions_obtained":[{"floor":2,"key":"Regen Potion"},{"floor":7,"key":"FearPotion"},{"floor":10,"key":"Dexterity Potion"},{"floor":13,"key":"SpeedPotion"},{"floor":25,"key":"Energy Potion"},{"floor":30,"key":"SkillPotion"},{"floor":36,"key":"GhostInAJar"},{"floor":38,"key":"Block Potion"}],"is_trial":false,"path_per_floor":["M","M","M","?","$","R","?","R","T","M","E","?","E","?","R","B",null,"M","M","?","$","?","R","?","M","T","R","T","M","?","?","R","B",null,"M","M","?","M","?","R","M","R","T","R","$","R","M","M","R","B",null],"character_chosen":"THE_SILENT","items_purchased":["Glass Knife"],"campfire_rested":1,"item_purchase_floors":[5],"current_hp_per_floor":[69,69,69,55,55,55,50,50,50,65,58,58,58,58,58,7,70,63,59,59,59,59,59,59,59,59,59,59,61,30,30,53,51,72,74,74,76,78,78,78,78,78,78,78,78,78,78,73,73,66],"gold":44,"neow_bonus":"RANDOM_COMMON_RELIC","is_prod":false,"is_daily":false,"chose_seed":false,"campfire_upgraded":10,"win_rate":0,"timestamp":1563546850,"path_taken":["M","M","M","?","$","R","?","R","T","M","E","?","E","?","R","BOSS","M","M","?","$","?","R","?","M","T","R","?","?","?","?","R","BOSS","M","M","?","M","?","R","?","R","T","R","$","R","M","M","R","BOSS"],"build_version":"2019-07-17","purchased_purges":1,"victory":true,"max_hp_per_floor":[70,70,70,70,70,70,70,70,70,70,70,70,70,70,70,70,70,70,70,70,70,70,70,70,70,70,70,70,70,70,70,72,72,72,74,74,76,78,78,78,78,78,78,78,78,78,78,80,80,80],"card_choices":[{"not_picked":["Deadly Poison","Expertise"],"picked":"Sucker Punch","floor":1},{"not_picked":["Slice","Blur"],"picked":"Footwork","floor":2},{"not_picked":["Calculated Gamble","Setup"],"picked":"Footwork","floor":3},{"not_picked":["Poisoned Stab","Deadly Poison"],"picked":"Escape Plan","floor":7},{"not_picked":["Backflip","PiercingWail"],"picked":"Leg Sweep","floor":10},{"not_picked":["Flying Knee","Heel Hook"],"picked":"Backflip","floor":11},{"not_picked":["Tactician","Heel Hook","Slice"],"picked":"SKIP","floor":13},{"not_picked":["Venomology","Tools of the Trade"],"picked":"Night Terror","floor":16},{"not_picked":["PiercingWail","Quick Slash"],"picked":"Caltrops","floor":18},{"not_picked":["Dodge and Roll","Acrobatics+1"],"picked":"PiercingWail","floor":19},{"not_picked":["Calculated Gamble","Choke"],"picked":"Dodge and Roll","floor":25},{"not_picked":["Slice+1","Bane"],"picked":"PiercingWail+1","floor":29},{"not_picked":["Skewer","Cloak And Dagger"],"picked":"Well Laid Plans","floor":30},{"not_picked":["Slice+1","Flying Knee","Acrobatics"],"picked":"Singing Bowl","floor":32},{"not_picked":["Glass Knife","Grand Finale"],"picked":"Burst","floor":33},{"not_picked":["Flying Knee","Poisoned Stab+1","Dagger Spray"],"picked":"Singing Bowl","floor":35},{"not_picked":["PiercingWail","Prepared+1"],"picked":"Backflip","floor":36},{"not_picked":["Infinite Blades","Sucker Punch+1","Deflect+1"],"picked":"Singing Bowl","floor":37},{"not_picked":["Outmaneuver","Bane","Quick Slash+1"],"picked":"Singing Bowl","floor":38},{"not_picked":["Dodge and Roll","Deflect"],"picked":"Caltrops+1","floor":41},{"not_picked":["Dagger Spray+1","Prepared"],"picked":"Bouncing Flask","floor":47},{"not_picked":["Dagger Spray","Choke+1","Outmaneuver+1"],"picked":"Singing Bowl","floor":48}],"player_experience":4047508,"relics_obtained":[{"floor":7,"key":"Odd Mushroom"},{"floor":9,"key":"Ancient Tea Set"},{"floor":11,"key":"Bottled Tornado"},{"floor":13,"key":"Orichalcum"},{"floor":26,"key":"Lantern"},{"floor":28,"key":"Blood Vial"},{"floor":30,"key":"Peace Pipe"},{"floor":30,"key":"Singing Bowl"},{"floor":37,"key":"Old Coin"}],"event_choices":[{"damage_healed":0,"gold_gain":0,"player_choice":"Entered Light","damage_taken":14,"max_hp_gain":0,"max_hp_loss":0,"event_name":"Shining Light","floor":4,"gold_loss":0,"cards_upgraded":["Survivor","Defend_G"]},{"damage_healed":0,"gold_gain":0,"player_choice":"Fought Mushrooms","damage_taken":0,"max_hp_gain":0,"max_hp_loss":0,"event_name":"Mushrooms","floor":7,"gold_loss":0},{"cards_removed":["Strike_G"],"damage_healed":0,"gold_gain":0,"player_choice":"Card Removal","damage_taken":0,"max_hp_gain":0,"max_hp_loss":0,"event_name":"The Cleric","floor":12,"gold_loss":50},{"damage_healed":0,"gold_gain":0,"player_choice":"Ignored","damage_taken":0,"max_hp_gain":0,"max_hp_loss":0,"event_name":"Liars Game","floor":14,"gold_loss":0},{"damage_healed":0,"gold_gain":99,"player_choice":"Stole From Cult","damage_taken":0,"max_hp_gain":0,"max_hp_loss":0,"event_name":"Nest","floor":20,"gold_loss":0},{"damage_healed":0,"gold_gain":0,"cards_transformed":["Strike_G","Strike_G"],"player_choice":"Became Test Subject","damage_taken":0,"max_hp_gain":0,"max_hp_loss":0,"event_name":"Drug Dealer","floor":22,"gold_loss":0,"cards_obtained":["Flechettes","Tools of the Trade"]},{"damage_healed":0,"gold_gain":0,"player_choice":"Simplicity","damage_taken":0,"max_hp_gain":0,"max_hp_loss":0,"event_name":"Back to Basics","floor":24,"gold_loss":0,"cards_upgraded":["Strike_G","Defend_G","Defend_G","Defend_G","Defend_G"]},{"damage_healed":0,"gold_gain":0,"player_choice":"Fight","damage_taken":0,"max_hp_gain":0,"max_hp_loss":0,"event_name":"Colosseum","floor":30,"gold_loss":0},{"damage_healed":0,"gold_gain":0,"player_choice":"Fought Nobs","damage_taken":0,"max_hp_gain":0,"max_hp_loss":0,"event_name":"Colosseum","floor":30,"gold_loss":0},{"damage_healed":0,"gold_gain":0,"player_choice":"Ignored","damage_taken":0,"max_hp_gain":0,"max_hp_loss":0,"event_name":"Cursed Tome","floor":31,"gold_loss":0},{"damage_healed":0,"gold_gain":0,"player_choice":"Fight","damage_taken":0,"max_hp_gain":0,"max_hp_loss":0,"event_name":"MindBloom","floor":37,"gold_loss":0},{"damage_healed":0,"gold_gain":0,"player_choice":"Ignored","damage_taken":0,"max_hp_gain":0,"max_hp_loss":0,"event_name":"SecretPortal","floor":39,"gold_loss":0}],"is_beta":false,"boss_relics":[{"not_picked":["Black Star","Snecko Eye"],"picked":"Ectoplasm"},{"not_picked":["Fusion Hammer","Calling Bell"],"picked":"Cursed Key"}],"items_purged_floors":[21],"is_endless":false,"potions_floor_spawned":[2,7,10,13,25,30,30,36,38],"ascension_level":0}