{"gold_per_floor":[118,118,133,145,145,175,187,211,248,278,290,316,328,300,312,398,410,322,352,364,390,14,14,14],"floor_reached":24,"playtime":2082,"items_purged":["Pain"],"score":372,"play_id":"7aadb450-44e8-4a0a-8bad-ab7d2c48822d","local_time":"20190411094942","is_ascension_mode":true,"campfire_choices":[{"floor":7,"key":"REST"},{"floor":11,"key":"REST"},{"floor":13,"key":"REST"},{"data":"Glacier","floor":15,"key":"SMITH"},{"floor":23,"key":"REST"}],"neow_cost":"NONE","seed_source_timestamp":137335805494169,"circlet_count":0,"master_deck":["AscendersBane","Strike_B","Strike_B","Defend_B","Defend_B","Defend_B","Defend_B","Zap","Dualcast","Echo Form","Redo","Cold Snap","Echo Form","Reinforced Body","Seek","Genetic Algorithm","Conserve Battery","Double Energy","Glacier+1","Biased Cognition","Hologram","Chill+1","Glacier","Capacitor"],"relics":["FrozenCore","MawBank","Smiling Mask","WarpedTongs","Cables"],"potions_floor_usage":[3,8,14,24],"damage_taken":[{"damage":4,"enemies":"Small Slimes","floor":1,"turns":4},{"damage":1,"enemies":"Cultist","floor":3,"turns":3},{"damage":7,"enemies":"2 Louse","floor":4,"turns":3},{"damage":50,"enemies":"Gremlin Nob","floor":6,"turns":5},{"damage":14,"enemies":"Lots of Slimes","floor":8,"turns":7},{"damage":8,"enemies":"Exordium Wildlife","floor":10,"turns":8},{"damage":6,"enemies":"2 Fungi Beasts","floor":12,"turns":5},{"damage":8,"enemies":"Looter","floor":14,"turns":4},{"damage":10,"enemies":"Hexaghost","floor":16,"turns":14},{"damage":9,"enemies":"2 Thieves","floor":18,"turns":5},{"damage":8,"enemies":"Shell Parasite","floor":19,"turns":9},{"damage":15,"enemies":"Snake Plant","floor":21,"turns":10},{"damage":73,"enemies":"Cultist and Chosen","floor":24,"turns":6}],"seed_played":"7493043619475386322","potions_obtained":[{"floor":1,"key":"Energy Potion"},{"floor":6,"key":"Block Potion"},{"floor":12,"key":"Weak Potion"},{"floor":21,"key":"GamblersBrew"}],"is_trial":false,"path_per_floor":["M","?","M","M","?","E","R","M","T","M","R","M","R","M","R","B",null,"M","M","?","M","$","R","M"],"character_chosen":"DEFECT","items_purchased":["Capacitor","Cables"],"campfire_rested":4,"item_purchase_floors":[22,22],"current_hp_per_floor":[60,60,59,52,52,2,23,9,9,1,22,16,37,29,29,19,58,49,41,41,26,26,47,0],"gold":14,"neow_bonus":"ONE_RANDOM_RARE_CARD","is_prod":false,"is_daily":false,"chose_seed":false,"campfire_upgraded":1,"win_rate":0,"timestamp":1554990582,"path_taken":["M","?","M","?","?","E","R","M","T","M","R","M","R","M","R","BOSS","M","M","?","?","$","R","M"],"build_version":"2019-01-23","purchased_purges":1,"victory":false,"max_hp_per_floor":[71,71,71,71,71,71,71,71,71,71,71,71,71,71,71,71,71,71,71,71,71,71,71,71],"card_choices":[{"not_picked":["Aggregate","Rebound"],"picked":"Redo","floor":1},{"not_picked":["Hologram","Sweeping Beam"],"picked":"Cold Snap","floor":3},{"not_picked":["Aggregate","Leap"],"picked":"Echo Form","floor":4},{"not_picked":["Hologram","Biased Cognition"],"picked":"Seek","floor":6},{"not_picked":["Conserve Battery","Go for the Eyes"],"picked":"Genetic Algorithm","floor":8},{"not_picked":["Rebound","Beam Cell"],"picked":"Conserve Battery","floor":10},{"not_picked":["Conserve Battery","Defragment"],"picked":"Double Energy","floor":12},{"not_picked":["Rip and Tear","Gash"],"picked":"Glacier","floor":14},{"not_picked":["Thunder Strike","Creative AI"],"picked":"Biased Cognition","floor":16},{"not_picked":["Streamline","Heatsinks"],"picked":"Hologram","floor":18},{"not_picked":["Beam Cell+1","Darkness"],"picked":"Chill+1","floor":19},{"not_picked":["Hologram","Conserve Battery"],"picked":"Glacier","floor":21}],"player_experience":3349538,"relics_obtained":[{"floor":6,"key":"MawBank"},{"floor":9,"key":"Smiling Mask"}],"event_choices":[{"cards_removed":["Strike_B"],"damage_healed":0,"gold_gain":0,"player_choice":"Purged","damage_taken":0,"max_hp_gain":0,"max_hp_loss":0,"event_name":"Purifier","floor":2,"gold_loss":0},{"damage_healed":0,"gold_gain":0,"cards_transformed":["Strike_B"],"player_choice":"Change","damage_taken":0,"max_hp_gain":0,"max_hp_loss":0,"event_name":"Living Wall","floor":5,"gold_loss":0,"cards_obtained":["Reinforced Body"]},{"damage_healed":0,"gold_gain":0,"player_choice":"Rummage","damage_taken":0,"relics_obtained":["WarpedTongs"],"max_hp_gain":0,"max_hp_loss":0,"event_name":"Accursed Blacksmith","floor":20,"gold_loss":0,"cards_obtained":["Pain"]}],"is_beta":false,"boss_relics":[{"not_picked":["Lizard Tail","Coffee Dripper"],"picked":"FrozenCore"}],"items_purged_floors":[22],"is_endless":false,"potions_floor_spawned":[1,6,12,21],"killed_by":"Cultist and Chosen","ascension_level":18}