{"path_per_floor":["M","M","?","M","M","R","$","T","T","M","R","E","?","M","R","B",null,"M","M","?","M","T","R","E","M","T"],"character_chosen":"THE_SILENT","items_purchased":[],"gold_per_floor":[114,129,79,94,109,109,109,109,159,174,174,204,261,276,276,376,376,391,406,406,421,421,421,451,466,516,516],"floor_reached":27,"campfire_rested":1,"playtime":2247,"current_hp_per_floor":[68,67,66,65,64,63,62,61,60,59,58,57,56,55,54,53,52,45,37,37,37,37,46,19,19,19,0],"items_purged":[],"gold":516,"score":335,"play_id":"4ce49b0d-a8ca-4c6f-b7f4-10dfa1d53e24","local_time":"20180515225946","daily_mods":["Shiny","Uncertain Future","Terminal"],"is_prod":false,"is_daily":true,"chose_seed":false,"is_ascension_mode":false,"campfire_upgraded":3,"timestamp":1526439586,"path_taken":["M","M","?","M","M","R","$","?","T","M","R","E","?","M","R","BOSS","M","M","?","?","?","R","E","M","T","M"],"build_version":"2018-05-10","seed_source_timestamp":0,"purchased_purges":0,"victory":false,"master_deck":["Venomology","Corpse Explosion","Phantasmal Killer","Die Die Die","Adrenaline","Envenom","Doppelganger","Burst","Wraith Form v2","Tools of the Trade","Night Terror","Unload","After Image","Tactician+1","Bullet Time","Storm of Steel","Glass Knife+1","A Thousand Cuts+1","Prepared","Dagger Throw","Terror","Escape Plan","Backflip","Dagger Spray+1","Bouncing Flask+1","Backflip","Escape Plan","Prepared+1"],"max_hp_per_floor":[68,67,66,65,64,63,62,61,60,59,58,57,56,55,54,53,52,51,50,49,48,47,46,45,44,43,43],"relics":["Ring of the Snake","Torii","Regal Pillow","Snake Skull","Sozu","Kunai","Gremlin Horn","Dream Catcher"],"card_choices":[{"not_picked":["Dagger Throw","Deflect"],"picked":"Prepared","floor":1},{"not_picked":["Crippling Poison","Blade Dance"],"picked":"Dagger Throw","floor":2},{"not_picked":["Quick Slash","Sucker Punch"],"picked":"Terror","floor":4},{"not_picked":["Choke","Sucker Punch"],"picked":"Escape Plan","floor":10},{"not_picked":["Sucker Punch","Envenom"],"picked":"Backflip","floor":14},{"not_picked":["Sucker Punch","Skewer"],"picked":"Dagger Spray","floor":18},{"not_picked":["Distraction","Dagger Throw"],"picked":"Bouncing Flask","floor":19},{"not_picked":["Dodge and Roll","Deflect"],"picked":"Backflip","floor":21},{"not_picked":["Terror","Masterful Stab"],"picked":"Escape Plan","floor":24},{"not_picked":["Masterful Stab","Slice"],"picked":"Prepared","floor":25}],"player_experience":1206209,"potions_floor_usage":[4,5,5,12,16,16,18,18],"damage_taken":[{"damage":1,"enemies":"2 Louse","floor":1,"turns":2},{"damage":0,"enemies":"Small Slimes","floor":2,"turns":3},{"damage":0,"enemies":"Cultist","floor":4,"turns":2},{"damage":0,"enemies":"Exordium Thugs","floor":5,"turns":2},{"damage":0,"enemies":"2 Fungi Beasts","floor":10,"turns":2},{"damage":0,"enemies":"3 Sentries","floor":12,"turns":3},{"damage":1,"enemies":"3 Louse","floor":14,"turns":2},{"damage":0,"enemies":"The Guardian","floor":16,"turns":5},{"damage":7,"enemies":"2 Thieves","floor":18,"turns":2},{"damage":8,"enemies":"Shell Parasite","floor":19,"turns":4},{"damage":0,"enemies":"Centurion and Healer","floor":21,"turns":3},{"damage":27,"enemies":"Slavers","floor":24,"turns":4},{"damage":0,"enemies":"Snake Plant","floor":25,"turns":3},{"damage":20,"enemies":"Cultist and Chosen","floor":27,"turns":4}],"event_choices":[{"event_name":"The Cleric","player_choice":"Card Removal","floor":3,"damage_taken":0},{"event_name":"Golden Wing","player_choice":"Gained Gold","floor":13,"damage_taken":0},{"event_name":"Accursed Blacksmith","player_choice":"Forge","floor":20,"damage_taken":0}],"boss_relics":[{"not_picked":["White Beast Statue","Black Star"],"picked":"Sozu"}],"potions_floor_spawned":[1,4,5,14,16,18,24],"seed_played":"-2510133029064104060","killed_by":"Cultist and Chosen","ascension_level":0,"is_trial":false}