{"gold_per_floor":[111,111,127,127,77,105,125,125,125,125,145,46,46,67,67,192,192,217,217,241,241,255,255,288,302,302,302,302],"floor_reached":28,"playtime":835,"items_purged":["Regret"],"score":263,"play_id":"cbc068fe-9548-4348-bae2-af1904a23ae0","local_time":"20190702152735","is_ascension_mode":false,"campfire_choices":[{"data":"Double Tap","floor":10,"key":"SMITH"},{"data":"Bloodletting","floor":15,"key":"SMITH"},{"data":"Bash","floor":23,"key":"SMITH"},{"data":"Bludgeon","floor":27,"key":"SMITH"}],"neow_cost":"NONE","seed_source_timestamp":137352129746309,"circlet_count":0,"master_deck":["Strike_R","Strike_R","Strike_R","Strike_R","Strike_R","Defend_R","Defend_R","Bash+1","Pummel","Bloodletting+1","Ghostly Armor","Double Tap+1","Clash","Twin Strike","Rampage","Bludgeon+1","Dropkick","Perfected Strike","Clash","Sever Soul","True Grit+1","Hemokinesis+1"],"relics":["Burning Blood","NeowsBlessing","Happy Flower","Pen Nib","Pear","Golden Idol","Mark of Pain","Toxic Egg 2","Lantern","Boot"],"potions_floor_usage":[16,25,28,28],"damage_taken":[{"damage":0,"enemies":"Jaw Worm","floor":1,"turns":1},{"damage":0,"enemies":"2 Louse","floor":3,"turns":1},{"damage":0,"enemies":"Lagavulin","floor":6,"turns":1},{"damage":8,"enemies":"Small Slimes","floor":7,"turns":3},{"damage":2,"enemies":"2 Fungi Beasts","floor":11,"turns":3},{"damage":7,"enemies":"3 Louse","floor":14,"turns":2},{"damage":35,"enemies":"Slime Boss","floor":16,"turns":8},{"damage":3,"enemies":"3 Byrds","floor":18,"turns":4},{"damage":5,"enemies":"Spheric Guardian","floor":20,"turns":3},{"damage":12,"enemies":"3 Cultists","floor":22,"turns":4},{"damage":72,"enemies":"Gremlin Leader","floor":24,"turns":6},{"damage":21,"enemies":"Snake Plant","floor":25,"turns":2},{"damage":29,"enemies":"Centurion and Healer","floor":28,"turns":4}],"seed_played":"-6891134700676307313","potions_obtained":[{"floor":1,"key":"Poison Potion"},{"floor":3,"key":"Ancient Potion"},{"floor":11,"key":"Poison Potion"},{"floor":14,"key":"PowerPotion"},{"floor":18,"key":"SkillPotion"},{"floor":24,"key":"BloodPotion"}],"is_trial":false,"path_per_floor":["M","?","M","?","?","E","M","?","T","R","M","$","?","M","R","B",null,"M","?","M","?","M","R","E","M","T","R","M"],"character_chosen":"IRONCLAD","items_purchased":["Twin Strike"],"campfire_rested":0,"item_purchase_floors":[12],"current_hp_per_floor":[80,80,80,80,80,80,78,78,88,88,90,90,68,67,67,38,90,90,90,90,90,84,84,18,25,25,25,0],"gold":302,"neow_bonus":"THREE_ENEMY_KILL","is_prod":false,"is_daily":false,"chose_seed":false,"campfire_upgraded":4,"win_rate":0.0,"timestamp":1562045255,"path_taken":["M","?","M","?","?","E","M","?","T","R","M","$","?","?","R","BOSS","M","?","M","?","M","R","E","M","T","R","M"],"build_version":"2019-07-01","purchased_purges":1,"victory":false,"max_hp_per_floor":[80,80,80,80,80,80,80,80,90,90,90,90,90,90,90,90,90,90,90,90,90,90,90,90,90,90,90,90],"card_choices":[{"not_picked":["Sword Boomerang","True Grit"],"picked":"Pummel","floor":1},{"not_picked":["Armaments","Fire Breathing"],"picked":"Bloodletting","floor":3},{"not_picked":["Uppercut","Pummel"],"picked":"Double Tap","floor":6},{"not_picked":["Sever Soul","Clothesline"],"picked":"Clash","floor":7},{"not_picked":["Thunderclap","True Grit","Clothesline"],"picked":"SKIP","floor":11},{"not_picked":["Headbutt","Body Slam"],"picked":"Rampage","floor":14},{"not_picked":["Fiend Fire","Barricade"],"picked":"Bludgeon","floor":16},{"not_picked":["Sword Boomerang","Disarm"],"picked":"Dropkick","floor":18},{"not_picked":["Burning Pact+1","Second Wind"],"picked":"Clash","floor":20},{"not_picked":["Clash","True Grit+1"],"picked":"Sever Soul","floor":22},{"not_picked":["Reaper","Body Slam"],"picked":"True Grit+1","floor":24},{"not_picked":["Anger","Clash"],"picked":"Hemokinesis+1","floor":25}],"player_experience":4150,"relics_obtained":[{"floor":6,"key":"Happy Flower"},{"floor":9,"key":"Pear"},{"floor":24,"key":"Lantern"},{"floor":26,"key":"Boot"}],"event_choices":[{"damage_healed":0,"gold_gain":0,"player_choice":"Ignored","damage_taken":0,"max_hp_gain":0,"max_hp_loss":0,"event_name":"Golden Wing","floor":2,"gold_loss":0},{"damage_healed":0,"gold_gain":0,"cards_transformed":["Defend_R"],"player_choice":"Change","damage_taken":0,"max_hp_gain":0,"max_hp_loss":0,"event_name":"Living Wall","floor":4,"gold_loss":0,"cards_obtained":["Ghostly Armor"]},{"cards_removed":["Defend_R"],"damage_healed":0,"gold_gain":0,"player_choice":"Card Removal","damage_taken":0,"max_hp_gain":0,"max_hp_loss":0,"event_name":"The Cleric","floor":5,"gold_loss":50},{"damage_healed":0,"gold_gain":0,"player_choice":"Box","damage_taken":0,"relics_obtained":["Pen Nib"],"max_hp_gain":0,"max_hp_loss":0,"event_name":"Big Fish","floor":8,"gold_loss":0,"cards_obtained":["Regret"]},{"damage_healed":0,"gold_gain":0,"player_choice":"Take Damage","damage_taken":22,"relics_obtained":["Golden Idol"],"max_hp_gain":0,"max_hp_loss":0,"event_name":"Golden Idol","floor":13,"gold_loss":0},{"damage_healed":0,"gold_gain":0,"player_choice":"Read","damage_taken":0,"max_hp_gain":0,"max_hp_loss":0,"event_name":"The Library","floor":19,"gold_loss":0,"cards_obtained":["Perfected Strike"]},{"damage_healed":0,"gold_gain":0,"player_choice":"Opened","damage_taken":0,"relics_obtained":["Toxic Egg 2"],"max_hp_gain":0,"max_hp_loss":0,"event_name":"The Mausoleum","floor":21,"gold_loss":0}],"is_beta":false,"boss_relics":[{"not_picked":["Cursed Key","Empty Cage"],"picked":"Mark of Pain"}],"items_purged_floors":[12],"is_endless":false,"potions_floor_spawned":[1,3,11,14,18,24],"killed_by":"Centurion and Healer","ascension_level":0}