{"gold_per_floor":[118,136,150,67,67,67,92,108,108,121,271,271,303,327,327,327],"floor_reached":16,"playtime":461,"items_purged":[],"score":220,"play_id":"30e16779-f943-4a93-b794-bc37af11adfe","local_time":"20190620002826","is_ascension_mode":true,"campfire_choices":[{"data":"Infinite Blades","floor":6,"key":"SMITH"},{"data":"Neutralize","floor":12,"key":"SMITH"},{"data":"Crippling Poison","floor":15,"key":"SMITH"}],"neow_cost":"NONE","seed_source_timestamp":1885721326858971,"circlet_count":0,"master_deck":["AscendersBane","Defend_G","Defend_G","Defend_G","Defend_G","Defend_G","Strike_G","Strike_G","Strike_G","Strike_G","Strike_G","Survivor","Neutralize+1","Crippling Poison+1","Predator+1","Backflip","Infinite Blades+1","Crippling Poison","Endless Agony","Doubt","Dash"],"relics":["Ring of the Snake","NeowsBlessing","Blue Candle","Shuriken","Question Card","Juzu Bracelet"],"potions_floor_usage":[7,13],"damage_taken":[{"damage":0,"enemies":"Small Slimes","floor":1,"turns":1},{"damage":0,"enemies":"Cultist","floor":2,"turns":1},{"damage":0,"enemies":"Jaw Worm","floor":3,"turns":1},{"damage":12,"enemies":"Lagavulin","floor":7,"turns":6},{"damage":1,"enemies":"Blue Slaver","floor":8,"turns":7},{"damage":3,"enemies":"Looter","floor":10,"turns":3},{"damage":16,"enemies":"3 Sentries","floor":13,"turns":6},{"damage":33,"enemies":"Slime Boss","floor":16,"turns":6}],"seed_played":"-878205889260207421","potions_obtained":[{"floor":1,"key":"EssenceOfSteel"},{"floor":3,"key":"Poison Potion"}],"is_trial":false,"path_per_floor":["M","M","M","$","?","R","E","M","T","M","?","R","E","T","R","B"],"character_chosen":"THE_SILENT","items_purchased":["Infinite Blades"],"campfire_rested":0,"item_purchase_floors":[4],"current_hp_per_floor":[59,59,59,59,59,59,47,46,46,43,43,43,27,27,27,0],"gold":327,"neow_bonus":"THREE_ENEMY_KILL","is_prod":false,"is_daily":false,"chose_seed":false,"campfire_upgraded":3,"win_rate":0,"timestamp":1561008506,"path_taken":["M","M","M","$","?","R","E","M","T","?","?","R","E","?","R","BOSS"],"build_version":"2019-01-23","purchased_purges":0,"victory":false,"max_hp_per_floor":[66,66,66,66,66,66,66,66,66,66,66,66,66,66,66,66],"card_choices":[{"not_picked":["Setup","Riddle With Holes"],"picked":"Crippling Poison","floor":1},{"not_picked":["Finisher","PiercingWail"],"picked":"Predator","floor":2},{"not_picked":["Sucker Punch","Outmaneuver"],"picked":"Backflip","floor":3},{"not_picked":["Underhanded Strike","Acrobatics","Prepared"],"picked":"SKIP","floor":7},{"not_picked":["Poisoned Stab","Backflip"],"picked":"Crippling Poison","floor":8},{"not_picked":["Backflip","Crippling Poison"],"picked":"Endless Agony","floor":10},{"not_picked":["Doppelganger","Prepared"],"picked":"Dash","floor":13}],"player_experience":1816035,"relics_obtained":[{"floor":7,"key":"Blue Candle"},{"floor":9,"key":"Shuriken"},{"floor":13,"key":"Question Card"},{"floor":14,"key":"Juzu Bracelet"}],"event_choices":[{"damage_healed":0,"gold_gain":0,"player_choice":"Upgraded","damage_taken":0,"max_hp_gain":0,"max_hp_loss":0,"event_name":"Upgrade Shrine","floor":5,"gold_loss":0,"cards_upgraded":["Predator"]},{"damage_healed":0,"gold_gain":150,"player_choice":"AGREE","damage_taken":0,"max_hp_gain":0,"max_hp_loss":0,"event_name":"Liars Game","floor":11,"gold_loss":0,"cards_obtained":["Doubt"]}],"is_beta":false,"boss_relics":[],"items_purged_floors":[],"is_endless":false,"potions_floor_spawned":[1,3],"killed_by":"Slime Boss","ascension_level":20}