{"gold_per_floor":[117,128,128,163,33,33,68,88,88,88,88,119,119,137,137,137],"floor_reached":16,"playtime":544,"items_purged":["Clumsy"],"score":220,"play_id":"dd66ce02-a7c4-4b40-a689-3bec1b89b1af","local_time":"20190610001902","is_ascension_mode":true,"campfire_choices":[{"data":"Skewer","floor":6,"key":"SMITH"},{"floor":11,"key":"REST"},{"data":"Envenom","floor":15,"key":"SMITH"}],"neow_cost":"TEN_PERCENT_HP_LOSS","seed_source_timestamp":1021073973946758,"circlet_count":0,"master_deck":["AscendersBane","Defend_G","Defend_G","Defend_G","Defend_G","Defend_G","Strike_G","Strike_G","Strike_G","Strike_G","Survivor","Neutralize","Jack Of All Trades","Purity","Skewer+1","Backflip","Leg Sweep","Envenom+1","Backstab","Wraith Form v2","Cloak And Dagger"],"relics":["Ring of the Snake","Happy Flower","Blood Vial","Singing Bowl"],"potions_floor_usage":[8,12,16,16],"damage_taken":[{"damage":15,"enemies":"2 Louse","floor":1,"turns":3},{"damage":0,"enemies":"Cultist","floor":2,"turns":4},{"damage":5,"enemies":"Jaw Worm","floor":4,"turns":4},{"damage":25,"enemies":"Gremlin Nob","floor":7,"turns":5},{"damage":6,"enemies":"2 Fungi Beasts","floor":8,"turns":3},{"damage":9,"enemies":"Lagavulin","floor":12,"turns":8},{"damage":1,"enemies":"Looter","floor":14,"turns":3},{"damage":17,"enemies":"Hexaghost","floor":16,"turns":8}],"seed_played":"4219292068578231706","potions_obtained":[{"floor":7,"key":"LiquidBronze"},{"floor":8,"key":"Block Potion"},{"floor":12,"key":"Dexterity Potion"}],"is_trial":false,"path_per_floor":["M","M","?","M","$","R","E","M","T","?","R","E","?","M","R","B"],"character_chosen":"THE_SILENT","items_purchased":["Explosive Potion"],"campfire_rested":1,"item_purchase_floors":[5],"current_hp_per_floor":[44,44,44,39,39,39,14,8,8,8,26,19,12,13,13,0],"gold":137,"neow_bonus":"RANDOM_COLORLESS_2","is_prod":false,"is_daily":false,"chose_seed":false,"campfire_upgraded":2,"win_rate":0,"timestamp":1560143942,"path_taken":["M","M","?","?","$","R","E","M","T","?","R","E","?","M","R","BOSS"],"build_version":"2019-01-23","purchased_purges":1,"victory":false,"max_hp_per_floor":[60,60,60,60,60,60,60,60,60,60,60,60,60,60,60,60],"card_choices":[{"not_picked":["Crippling Poison","Blade Dance"],"picked":"Skewer","floor":1},{"not_picked":["Setup","Distraction"],"picked":"Backflip","floor":2},{"not_picked":["Underhanded Strike","Finisher","Cloak And Dagger"],"picked":"SKIP","floor":4},{"not_picked":["Flechettes","Quick Slash"],"picked":"Envenom","floor":7},{"not_picked":["Distraction","Flying Knee"],"picked":"Backstab","floor":8},{"not_picked":["Glass Knife","Flying Knee"],"picked":"Wraith Form v2","floor":12},{"not_picked":["Underhanded Strike","Dodge and Roll"],"picked":"Cloak And Dagger","floor":14}],"player_experience":1752221,"relics_obtained":[{"floor":7,"key":"Happy Flower"},{"floor":9,"key":"Blood Vial"},{"floor":12,"key":"Singing Bowl"}],"event_choices":[{"damage_healed":0,"gold_gain":0,"player_choice":"2 cards matched","damage_taken":0,"max_hp_gain":0,"max_hp_loss":0,"event_name":"Match and Keep!","floor":3,"gold_loss":0,"cards_obtained":["Clumsy","Leg Sweep"]},{"damage_healed":0,"gold_gain":0,"player_choice":"Ignored","damage_taken":0,"max_hp_gain":0,"max_hp_loss":0,"event_name":"Shining Light","floor":10,"gold_loss":0},{"cards_removed":["Strike_G"],"damage_healed":0,"gold_gain":0,"player_choice":"Card Removal","damage_taken":7,"max_hp_gain":0,"max_hp_loss":0,"event_name":"Golden Wing","floor":13,"gold_loss":0}],"is_beta":false,"boss_relics":[],"items_purged_floors":[5],"is_endless":false,"potions_floor_spawned":[7,8,12,14],"killed_by":"Hexaghost","ascension_level":20}