{"gold_per_floor":[116,131,131,131,93,93,125,125,125,137,150,150,168,87,87,182,182,200,200,212,228,228,228],"floor_reached":23,"playtime":1202,"items_purged":[],"score":201,"play_id":"f78f091f-22be-48da-b2a4-28442d4cb57d","local_time":"20190713001158","is_ascension_mode":true,"campfire_choices":[{"data":"Static Discharge","floor":6,"key":"SMITH"},{"floor":8,"key":"REST"},{"floor":15,"key":"REST"}],"neow_cost":"NONE","seed_source_timestamp":173985244624700,"circlet_count":0,"master_deck":["Strike_B","Strike_B","Defend_B","Defend_B","Defend_B","Defend_B","Zap","Dualcast","Reboot","Leap","Fusion+1","Static Discharge+1","Loop","Beam Cell","Coolheaded","Conserve Battery","Hello World","Multi-Cast","Tempest","Chaos","Static Discharge","Ball Lightning","Cold Snap","Heatsinks","Blizzard","Turbo+1"],"relics":["Cracked Core","Bronze Scales","Nunchaku","Emotion Chip","Orrery"],"potions_floor_usage":[16,18,20],"damage_taken":[{"damage":17,"enemies":"Small Slimes","floor":1,"turns":3},{"damage":4,"enemies":"Jaw Worm","floor":2,"turns":3},{"damage":43,"enemies":"3 Sentries","floor":7,"turns":8},{"damage":2,"enemies":"2 Louse","floor":10,"turns":2},{"damage":12,"enemies":"2 Fungi Beasts","floor":11,"turns":2},{"damage":1,"enemies":"Looter","floor":13,"turns":3},{"damage":20,"enemies":"The Guardian","floor":16,"turns":15},{"damage":12,"enemies":"Shell Parasite","floor":18,"turns":2},{"damage":10,"enemies":"Chosen","floor":20,"turns":4},{"damage":32,"enemies":"Sentry and Sphere","floor":21,"turns":4},{"damage":21,"enemies":"Gremlin Leader","floor":23,"turns":2}],"seed_played":"-5805004023292613373","potions_obtained":[{"floor":7,"key":"Weak Potion"},{"floor":16,"key":"AttackPotion"},{"floor":18,"key":"Fire Potion"}],"is_trial":false,"path_per_floor":["M","M","?","T","$","R","E","R","T","M","M","?","M","$","R","B",null,"M","?","M","M","?","E"],"character_chosen":"DEFECT","items_purchased":["Static Discharge","Hello World"],"campfire_rested":2,"item_purchase_floors":[5,14],"current_hp_per_floor":[58,54,54,54,54,54,11,33,33,31,19,19,18,18,40,20,75,63,63,53,21,21,0],"gold":228,"neow_bonus":"TRANSFORM_CARD","is_prod":false,"is_daily":false,"chose_seed":false,"campfire_upgraded":1,"win_rate":0,"timestamp":1562991118,"path_taken":["M","M","?","?","$","R","E","R","T","M","M","?","M","$","R","BOSS","M","?","M","M","?","E"],"build_version":"2019-07-05","purchased_purges":0,"victory":false,"max_hp_per_floor":[75,75,75,75,75,75,75,75,75,75,75,75,75,75,75,75,75,75,75,75,75,75,75],"card_choices":[{"not_picked":["Aggregate","Steam"],"picked":"Leap","floor":1},{"not_picked":["Stack","White Noise"],"picked":"Fusion","floor":2},{"not_picked":["Beam Cell","Rip and Tear"],"picked":"Loop","floor":7},{"not_picked":["Doom and Gloom","Melter"],"picked":"Beam Cell","floor":10},{"not_picked":["Auto Shields","Redo"],"picked":"Coolheaded","floor":11},{"not_picked":["Cold Snap","Streamline"],"picked":"Conserve Battery","floor":13},{"not_picked":["Biased Cognition","Machine Learning"],"picked":"Multi-Cast","floor":16},{"not_picked":["Storm","Hologram"],"picked":"Tempest","floor":17},{"not_picked":["Self Repair","Aggregate"],"picked":"Chaos","floor":17},{"not_picked":["Barrage","Rebound"],"picked":"Static Discharge","floor":17},{"not_picked":["Hologram","Redo"],"picked":"Ball Lightning","floor":17},{"not_picked":["Reinforced Body","Ball Lightning"],"picked":"Cold Snap","floor":17},{"not_picked":["Redo","Buffer"],"picked":"Heatsinks","floor":18},{"not_picked":["Rebound","Ball Lightning"],"picked":"Blizzard","floor":20},{"not_picked":["Rebound+1","Steam"],"picked":"Turbo+1","floor":21}],"player_experience":183068,"relics_obtained":[{"floor":4,"key":"Bronze Scales"},{"floor":7,"key":"Nunchaku"},{"floor":9,"key":"Emotion Chip"}],"event_choices":[{"damage_healed":0,"gold_gain":0,"player_choice":"Grow","damage_taken":0,"max_hp_gain":0,"max_hp_loss":0,"event_name":"Living Wall","floor":3,"gold_loss":0,"cards_upgraded":["Fusion"]},{"damage_healed":0,"gold_gain":0,"player_choice":"Ignored","damage_taken":0,"max_hp_gain":0,"max_hp_loss":0,"event_name":"Golden Wing","floor":12,"gold_loss":0},{"damage_healed":0,"gold_gain":0,"player_choice":"Ignored","damage_taken":0,"max_hp_gain":0,"max_hp_loss":0,"event_name":"Vampires","floor":19,"gold_loss":0},{"cards_removed":["Strike_B"],"damage_healed":0,"gold_gain":0,"player_choice":"Card Removal","damage_taken":0,"max_hp_gain":0,"max_hp_loss":0,"event_name":"Wheel of Change","floor":22,"gold_loss":0}],"is_beta":false,"boss_relics":[{"not_picked":["Cursed Key","Ectoplasm"],"picked":"Orrery"}],"items_purged_floors":[],"is_endless":false,"potions_floor_spawned":[7,16,18],"killed_by":"Gremlin Leader","ascension_level":1}