{"gold_per_floor":[115,115,128,128,128,128,128,128,151,161,161,336,336,664,664,762,762,775,775,685,685,205,205,237,237,262,262,262,262,289,346,346,451,451,464,476,476,476,476,476,476,476,526,626,626,405,405,418,418,515,515,528,528,528,528,552,564,576,588,600,612,624,648,688,700,712,825,837,867,910,254,254,254,254,280,293,320,320,354,354,354,454,454,552,552,570,792,149,167,167,167,267,267,299,345,345,45,45,77,77,172,172,187,247,265,215,215,243,255,312,343,355,380,380,380,380,380,506,506,526,39,39,39,309,309,309,348,383,383,421,346,370,84,84,213,213,231,231,231,231,77,113,113,238,279,279,14,70,70,88,88,213,213,213],"floor_reached":154,"playtime":9766,"items_purged":[],"score":4679,"play_id":"90b960aa-9ba8-4197-8406-7caada61e0cd","local_time":"20190709135751","daily_mods":["SealedDeck","Vintage","Heirloom","Time Dilation","Flight"],"is_ascension_mode":false,"campfire_choices":[{"data":"Dodge and Roll","floor":6.0,"key":"SMITH"},{"data":"Echo Form","floor":7.0,"key":"SMITH"},{"data":"Dodge and Roll","floor":8.0,"key":"SMITH"},{"data":"Bouncing Flask","floor":11.0,"key":"SMITH"},{"data":"Doubt","floor":13.0,"key":"PURGE"},{"data":"Deadly Poison","floor":15.0,"key":"SMITH"},{"data":"Tools of the Trade","floor":23.0,"key":"SMITH"},{"data":"Backflip","floor":25.0,"key":"SMITH"},{"data":"Backflip","floor":29.0,"key":"SMITH"},{"data":"Bouncing Flask","floor":32.0,"key":"SMITH"},{"data":"Pain","floor":40.0,"key":"PURGE"},{"data":"Madness","floor":41.0,"key":"SMITH"},{"data":"Madness","floor":42.0,"key":"SMITH"},{"data":"Cloak And Dagger","floor":45.0,"key":"PURGE"},{"data":"Adrenaline","floor":49.0,"key":"SMITH"},{"data":"Escape Plan","floor":57.0,"key":"SMITH"},{"data":"Leg Sweep","floor":58.0,"key":"SMITH"},{"data":"Wraith Form v2","floor":59.0,"key":"SMITH"},{"data":"Regret","floor":62.0,"key":"PURGE"},{"data":"Bane","floor":66.0,"key":"SMITH"},{"data":"Footwork","floor":74.0,"key":"SMITH"},{"data":"RitualDagger","floor":78.0,"key":"SMITH"},{"data":"Deadly Poison+1","floor":83.0,"key":"PURGE"},{"data":"Wraith Form v2","floor":91.0,"key":"SMITH"},{"data":"Deflect+1","floor":100.0,"key":"PURGE"},{"data":"1","floor":115.0,"key":"LIFT"},{"data":"2","floor":117.0,"key":"LIFT"},{"data":"3","floor":125.0,"key":"LIFT"},{"data":"Dodge and Roll+1","floor":126.0,"key":"PURGE"},{"data":"Acrobatics+1","floor":134.0,"key":"PURGE"},{"data":"Madness+1","floor":151,"key":"PURGE"}],"neow_cost":"","seed_source_timestamp":0,"circlet_count":0,"master_deck":["Demon Form+1","Wraith Form v2+1","Echo Form+1","Leg Sweep+1","Bouncing Flask+1","Bouncing Flask+1","Backflip+1","Backflip+1","Corpse Explosion+1","Well Laid Plans+1","Tools of the Trade+1","Adrenaline+1","Madness+1","Escape Plan+1","Escape Plan+1","Footwork+1","RitualDagger+1","Catalyst+1","Wraith Form v2+1","Madness+1","Madness+1","Catalyst+1","Finesse+1","Escape Plan+1","Blur+1","Madness+1","Footwork","Adrenaline+1"],"special_seed":0,"relics":["Unceasing Top","Peace Pipe","Singing Bowl","Anchor","Dead Branch","Old Coin","Orrery","Juzu Bracelet","Oddly Smooth Stone","Nloth\u0027s Gift","Happy Flower","OrangePellets","Paper Crane","PreservedInsect","Pen Nib","Tiny Chest","Philosopher\u0027s Stone","Vajra","Bronze Scales","WarpedTongs","Ancient Tea Set","Thread and Needle","Bag of Marbles","Bottled Lightning","Coffee Dripper","Dream Catcher","Pocketwatch","MawBank","Toxic Egg 2","Bottled Tornado","Pear","Odd Mushroom","Lizard Tail","FossilizedHelix","Red Mask","Question Card","Art of War","Toy Ornithopter","Regal Pillow","Ginger","Matryoshka","White Beast Statue","Orichalcum","MealTicket","Centennial Puzzle","Bottled Flame","Whetstone","Incense Burner","Calipers","Tingsha","Black Star","The Courier","Sundial","Blood Vial","Meat on the Bone","Girya","Golden Idol","Cursed Key","Boot","Snake Skull","Lantern","Omamori","Potion Belt","MutagenicStrength","The Specimen","Medical Kit","Strawberry","HoveringKite","Torii","PrismaticShard","CultistMask","Bird Faced Urn","Mummified Hand","Prayer Wheel","Gremlin Horn","Runic Pyramid"],"potions_floor_usage":[144],"damage_taken":[{"damage":1.0,"enemies":"Small Slimes","floor":1.0,"turns":6.0},{"damage":2.0,"enemies":"Cultist","floor":3.0,"turns":4.0},{"damage":0.0,"enemies":"2 Louse","floor":10.0,"turns":3.0},{"damage":7.0,"enemies":"Gremlin Nob","floor":14.0,"turns":4.0},{"damage":0.0,"enemies":"Hexaghost","floor":16.0,"turns":8.0},{"damage":0.0,"enemies":"Chosen","floor":18.0,"turns":4.0},{"damage":44.0,"enemies":"Slavers","floor":24.0,"turns":6.0},{"damage":0.0,"enemies":"Gremlin Leader","floor":30.0,"turns":7.0},{"damage":1.0,"enemies":"Book of Stabbing","floor":31.0,"turns":6.0},{"damage":14.0,"enemies":"Champ","floor":33.0,"turns":11.0},{"damage":46.0,"enemies":"3 Darklings","floor":35.0,"turns":3.0},{"damage":0.0,"enemies":"3 Shapes","floor":36.0,"turns":2.0},{"damage":0.0,"enemies":"Mind Bloom Boss Battle","floor":44.0,"turns":5.0},{"damage":0.0,"enemies":"Sphere and 2 Shapes","floor":48.0,"turns":3.0},{"damage":0.0,"enemies":"Awakened One","floor":50.0,"turns":10.0},{"damage":0.0,"enemies":"Jaw Worm","floor":52.0,"turns":3.0},{"damage":0.0,"enemies":"2 Louse","floor":56.0,"turns":2.0},{"damage":0.0,"enemies":"Cultist","floor":63.0,"turns":2.0},{"damage":0.0,"enemies":"The Mushroom Lair","floor":64.0,"turns":3.0},{"damage":0.0,"enemies":"The Guardian","floor":67.0,"turns":4.0},{"damage":0.0,"enemies":"Chosen","floor":69.0,"turns":4.0},{"damage":0.0,"enemies":"Masked Bandits","floor":70.0,"turns":3.0},{"damage":0.0,"enemies":"Gremlin Leader","floor":75.0,"turns":3.0},{"damage":0.0,"enemies":"Spheric Guardian","floor":76.0,"turns":3.0},{"damage":25.0,"enemies":"Slavers","floor":77.0,"turns":2.0},{"damage":0.0,"enemies":"Book of Stabbing","floor":79.0,"turns":4.0},{"damage":0.0,"enemies":"Colosseum Slavers","floor":82.0,"turns":2.0},{"damage":0.0,"enemies":"Colosseum Nobs","floor":82.0,"turns":2.0},{"damage":15.0,"enemies":"Automaton","floor":84.0,"turns":7.0},{"damage":0.0,"enemies":"3 Darklings","floor":86.0,"turns":4.0},{"damage":0.0,"enemies":"3 Shapes","floor":89.0,"turns":2.0},{"damage":68.0,"enemies":"Mind Bloom Boss Battle","floor":92.0,"turns":4.0},{"damage":0.0,"enemies":"Nemesis","floor":94.0,"turns":5.0},{"damage":0.0,"enemies":"2 Orb Walkers","floor":95.0,"turns":5.0},{"damage":0.0,"enemies":"Giant Head","floor":99.0,"turns":3.0},{"damage":12.0,"enemies":"Donu and Deca","floor":101.0,"turns":5.0},{"damage":0.0,"enemies":"Jaw Worm","floor":103.0,"turns":1.0},{"damage":0.0,"enemies":"3 Sentries","floor":104.0,"turns":2.0},{"damage":0.0,"enemies":"2 Louse","floor":105.0,"turns":1.0},{"damage":0.0,"enemies":"Lagavulin","floor":108.0,"turns":4.0},{"damage":0.0,"enemies":"Cultist","floor":109.0,"turns":1.0},{"damage":0.0,"enemies":"3 Sentries","floor":111.0,"turns":3.0},{"damage":0.0,"enemies":"Large Slime","floor":112.0,"turns":1.0},{"damage":0.0,"enemies":"Gremlin Nob","floor":113.0,"turns":2.0},{"damage":13.0,"enemies":"Hexaghost","floor":118.0,"turns":3.0},{"damage":0.0,"enemies":"Spheric Guardian","floor":120.0,"turns":1.0},{"damage":0.0,"enemies":"Gremlin Leader","floor":127.0,"turns":3.0},{"damage":0.0,"enemies":"Book of Stabbing","floor":128.0,"turns":1.0},{"damage":0.0,"enemies":"Gremlin Leader","floor":130.0,"turns":1.0},{"damage":0.0,"enemies":"2 Thieves","floor":132.0,"turns":2.0},{"damage":0.0,"enemies":"Champ","floor":135.0,"turns":6.0},{"damage":0,"enemies":"Orb Walker","floor":137,"turns":1},{"damage":0,"enemies":"Nemesis","floor":142,"turns":3},{"damage":0,"enemies":"Mind Bloom Boss Battle","floor":144,"turns":4},{"damage":0,"enemies":"Reptomancer","floor":145,"turns":3},{"damage":0,"enemies":"2 Orb Walkers","floor":148,"turns":3},{"damage":0,"enemies":"3 Darklings","floor":150,"turns":3},{"damage":78,"enemies":"Donu and Deca","floor":152,"turns":6},{"damage":0,"enemies":"2 Louse","floor":154,"turns":1}],"seed_played":"865008117544080348","potions_obtained":[{"floor":1.0,"key":"Regen Potion"},{"floor":3.0,"key":"PowerPotion"},{"floor":18.0,"key":"Poison Potion"},{"floor":33.0,"key":"Fire Potion"},{"floor":36.0,"key":"Explosive Potion"},{"floor":64.0,"key":"Explosive Potion"},{"floor":70.0,"key":"Block Potion"},{"floor":75.0,"key":"LiquidBronze"},{"floor":86.0,"key":"Energy Potion"},{"floor":89.0,"key":"EssenceOfSteel"},{"floor":92.0,"key":"PowerPotion"},{"floor":94.0,"key":"Explosive Potion"},{"floor":95.0,"key":"Dexterity Potion"},{"floor":101.0,"key":"SpeedPotion"},{"floor":104.0,"key":"GhostInAJar"},{"floor":108.0,"key":"PowerPotion"},{"floor":127.0,"key":"SpeedPotion"},{"floor":128.0,"key":"AttackPotion"},{"floor":135.0,"key":"Poison Potion"},{"floor":142,"key":"AttackPotion"},{"floor":144,"key":"EssenceOfSteel"},{"floor":145,"key":"SkillPotion"}],"is_trial":true,"path_per_floor":["M","?","M","?","?","R","R","R","T","M","R","?","R","E","R","B",null,"M","?","?","?","$","R","E","R","T","?","?","R","E","E","R","B",null,"M","M","?","?","?","R","R","R","T","?","R","$","?","M","R","B",null,"M","?","?","?","M","R","R","R","T","?","R","M","?","?","R","B",null,"M","?","$","?","?","R","E","M","E","R","E","?","?","?","R","B",null,"M","?","$","M","?","R","?","?","E","?","?","$","?","E","R","B",null,"M","?","M","?","?","E","M","?","E","M","E","?","R","?","R","B",null,"M","$","?","?","?","R","R","E","E","?","E","?","M","$","R","B",null,"M","?","?","?","$","E","?","?","E","?","$","?","?","M","R","B",null,"M"],"character_chosen":"THE_SILENT","items_purchased":["Tools of the Trade","Happy Flower","OrangePellets","Escape Plan","Bag of Marbles","Question Card","Escape Plan+1","Art of War","Toy Ornithopter","MealTicket","Centennial Puzzle","Dodge and Roll+1","Bottled Flame","Tingsha","Snake Skull","Lantern","Omamori","Potion Belt","Medical Kit","Strawberry","PrismaticShard","Mummified Hand","Footwork"],"campfire_rested":0,"item_purchase_floors":[22,22,22,46,46,71,71,71,71,88,88,88,88,97,121,121,121,121,133,133,141,147,147],"current_hp_per_floor":[69,69,67,67,67,67,67,67,67,67,67,67,67,60,60,60,72,72,72,72,72,72,72,30,30,30,30,30,30,30,31,31,17,76,30,30,30,20,16,16,16,16,16,18,18,18,18,18,18,20,86,86,79,79,54,54,54,54,54,54,54,54,64,66,66,66,68,100,100,102,102,102,96,96,103,103,80,80,80,80,80,82,82,67,108,108,108,108,108,94,94,26,26,45,45,39,54,54,54,54,49,114,114,116,116,116,116,116,116,116,118,118,120,90,90,90,90,81,122,122,122,122,122,74,74,74,78,82,55,71,71,73,95,95,104,142,142,142,142,124,139,143,143,146,148,148,148,150,146,156,156,90,156,156],"gold":213,"neow_bonus":"","is_prod":false,"is_daily":false,"chose_seed":false,"campfire_upgraded":19,"win_rate":0,"timestamp":1562648271,"path_taken":["M","?","?","?","?","R","R","R","T","?","R","?","R","E","R","BOSS","M","?","?","?","$","R","E","R","T","?","?","R","E","E","R","BOSS","M","M","?","?","?","R","R","R","T","?","R","$","?","M","R","BOSS","M","?","?","?","M","R","R","R","T","?","R","M","?","?","R","BOSS","M","?","$","?","?","R","E","M","E","R","E","?","?","?","R","BOSS","M","?","$","M","?","R","?","?","E","?","?","$","?","E","R","BOSS","M","?","M","?","?","E","M","?","E","M","E","?","R","?","R","BOSS","M","$","?","?","?","R","R","E","E","?","E","?","M","?","R","BOSS","M","?","?","?","?","E","?","?","E","?","?","?","?","M","R","BOSS","M"],"build_version":"2019-07-05","purchased_purges":0,"victory":false,"max_hp_per_floor":[70,70,70,70,70,70,70,70,70,70,70,70,70,70,70,70,72,72,72,72,72,72,72,74,74,74,74,74,74,74,76,76,76,76,76,76,76,76,82,82,82,82,82,84,84,84,84,84,84,86,86,86,86,86,86,86,86,86,86,86,86,86,96,98,98,98,100,100,100,102,102,102,102,102,104,104,106,106,106,106,106,108,108,108,108,108,108,108,108,108,108,108,108,108,108,112,112,112,112,112,114,114,114,116,116,116,116,116,116,116,118,118,120,120,120,120,120,122,122,122,122,122,122,122,122,122,124,126,131,133,133,133,140,140,142,142,142,142,142,142,142,144,144,146,148,148,148,150,156,156,156,156,156,156],"card_choices":[{"not_picked":["Accuracy","Dagger Spray"],"picked":"Deadly Poison","floor":14.0},{"not_picked":["Wraith Form v2","Bullet Time"],"picked":"Corpse Explosion","floor":16.0},{"not_picked":["Sucker Punch","Underhanded Strike"],"picked":"Bane","floor":17.0},{"not_picked":["Eviscerate","Bane"],"picked":"Cloak And Dagger","floor":17.0},{"not_picked":["Dagger Spray","Flying Knee"],"picked":"Well Laid Plans","floor":17.0},{"not_picked":["Adrenaline","Poisoned Stab"],"picked":"Backflip","floor":17.0},{"not_picked":["Dash","Heel Hook","Choke"],"picked":"Singing Bowl","floor":17.0},{"not_picked":["Grand Finale","Burst","Poisoned Stab+1"],"picked":"Singing Bowl","floor":24.0},{"not_picked":["Prepared","Venomology"],"picked":"Crippling Poison+1","floor":30.0},{"not_picked":["Accuracy","Leg Sweep","Malaise"],"picked":"Singing Bowl","floor":31.0},{"not_picked":["Corpse Explosion","Bullet Time"],"picked":"Adrenaline","floor":33.0},{"not_picked":["Deep Breath","PanicButton","Magnetism"],"picked":"Singing Bowl","floor":39.0},{"not_picked":["Trip","Mayhem","Bandage Up"],"picked":"Singing Bowl","floor":39.0},{"not_picked":["Master of Strategy","Good Instincts","Thinking Ahead"],"picked":"Singing Bowl","floor":39.0},{"not_picked":["Blade Dance+1","Endless Agony","Choke"],"picked":"Singing Bowl","floor":44.0},{"not_picked":["Doppelganger","Bullet Time","Die Die Die"],"picked":"Singing Bowl","floor":50.0},{"not_picked":["Quick Slash","PiercingWail+1","Reflex+1"],"picked":"Singing Bowl","floor":64.0},{"not_picked":["Envenom","Tools of the Trade","Venomology+1"],"picked":"Singing Bowl","floor":67.0},{"not_picked":["Riddle With Holes","PiercingWail+1","Well Laid Plans"],"picked":"Singing Bowl","floor":70.0},{"not_picked":["PiercingWail+1","Outmaneuver+1","A Thousand Cuts","Bullet Time+1"],"picked":"Singing Bowl","floor":75.0},{"not_picked":["Slice+1","Phantasmal Killer+1","PiercingWail+1","Endless Agony"],"picked":"Singing Bowl","floor":77.0},{"not_picked":["Quick Slash","Tools of the Trade","Blade Dance+1"],"picked":"Catalyst+1","floor":79.0},{"not_picked":["Deflect+1","Slice+1","Blade Dance+1","Outmaneuver+1"],"picked":"Singing Bowl","floor":82.0},{"not_picked":["Venomology+1","Burst+1","Glass Knife"],"picked":"Wraith Form v2","floor":84.0},{"not_picked":["Flying Knee+1","Quick Slash+1","Dodge and Roll+1"],"picked":"Deflect+1","floor":92.0},{"not_picked":["Burst+1","PiercingWail+1","Deadly Poison+1"],"picked":"Catalyst+1","floor":94.0},{"not_picked":["Wraith Form v2","Dagger Throw+1","Eviscerate+1"],"picked":"Acrobatics+1","floor":95.0},{"not_picked":["The Bomb+1","Chrysalis+1","Trip+1","Panacea+1"],"picked":"Singing Bowl","floor":96.0},{"not_picked":["Deep Breath+1","PanicButton+1","Thinking Ahead+1","Enlightenment+1"],"picked":"Singing Bowl","floor":96.0},{"not_picked":["Deep Breath+1","Madness+1","Panache"],"picked":"Finesse+1","floor":96.0},{"not_picked":["Venomology+1","Dash+1","Quick Slash+1"],"picked":"Escape Plan+1","floor":99.0},{"not_picked":["Corpse Explosion+1","Wraith Form v2","Tools of the Trade","Malaise+1"],"picked":"Singing Bowl","floor":101.0},{"not_picked":["Cloak And Dagger+1","Quick Slash","Infinite Blades","Dodge and Roll+1"],"picked":"Singing Bowl","floor":104.0},{"not_picked":["Slice","Crippling Poison+1","Accuracy"],"picked":"Blur+1","floor":108.0},{"not_picked":["Acrobatics+1","Storm of Steel+1","Prepared+1","Sucker Punch"],"picked":"Singing Bowl","floor":111.0},{"not_picked":["Venomology+1","Prepared+1","Unload","Underhanded Strike"],"picked":"Singing Bowl","floor":113.0},{"not_picked":["Burst+1","Die Die Die","Grand Finale","Malaise+1"],"picked":"Singing Bowl","floor":118.0},{"not_picked":["Quick Slash","Burst+1","Cloak And Dagger+1","All Out Attack"],"picked":"Singing Bowl","floor":127.0},{"not_picked":["Skewer+1","Reflex+1","Outmaneuver+1","Backflip+1"],"picked":"Singing Bowl","floor":128.0},{"not_picked":["Outmaneuver+1","Choke+1","Bouncing Flask+1","Flechettes+1"],"picked":"Singing Bowl","floor":130.0},{"not_picked":["Phantasmal Killer+1","Envenom","Corpse Explosion+1","Grand Finale"],"picked":"Singing Bowl","floor":135.0},{"not_picked":["Madness+1","Headbutt","Rebound","Sweeping Beam"],"picked":"Singing Bowl","floor":142},{"not_picked":["Trip+1","Beam Cell","Deadly Poison+1","Power Through+1"],"picked":"Singing Bowl","floor":144},{"not_picked":["Turbo+1","Juggernaut","Outmaneuver+1","Creative AI"],"picked":"Singing Bowl","floor":145},{"not_picked":["Warcry+1","PiercingWail+1","Masterful Stab+1","Redo+1"],"picked":"Singing Bowl","floor":148},{"not_picked":["Violence+1","Panacea+1","Chrysalis+1","Enlightenment+1"],"picked":"Singing Bowl","floor":149},{"not_picked":["Bandage Up+1","Good Instincts+1","Magnetism","Trip+1"],"picked":"Singing Bowl","floor":149},{"not_picked":["Discovery+1","Panache","Master of Strategy+1","Transmutation+1"],"picked":"Singing Bowl","floor":149},{"not_picked":["Transmutation+1","Echo Form","Phantasmal Killer+1"],"picked":"Adrenaline+1","floor":152}],"player_experience":115401,"relics_obtained":[{"floor":1.0,"key":"Singing Bowl"},{"floor":3.0,"key":"Centennial Puzzle"},{"floor":9.0,"key":"Anchor"},{"floor":10.0,"key":"Dead Branch"},{"floor":14.0,"key":"Old Coin"},{"floor":18.0,"key":"Juzu Bracelet"},{"floor":24.0,"key":"Paper Crane"},{"floor":26.0,"key":"PreservedInsect"},{"floor":30.0,"key":"Pen Nib"},{"floor":31.0,"key":"Tiny Chest"},{"floor":35.0,"key":"Vajra"},{"floor":36.0,"key":"Bronze Scales"},{"floor":43.0,"key":"Ancient Tea Set"},{"floor":44.0,"key":"Thread and Needle"},{"floor":48.0,"key":"Bottled Lightning"},{"floor":52.0,"key":"Dream Catcher"},{"floor":56.0,"key":"Toxic Egg 2"},{"floor":60.0,"key":"Bottled Tornado"},{"floor":63.0,"key":"Pear"},{"floor":64.0,"key":"Odd Mushroom"},{"floor":69.0,"key":"FossilizedHelix"},{"floor":70.0,"key":"Red Mask"},{"floor":76.0,"key":"Regal Pillow"},{"floor":82.0,"key":"Ginger"},{"floor":82.0,"key":"Matryoshka"},{"floor":86.0,"key":"Orichalcum"},{"floor":89.0,"key":"Whetstone"},{"floor":92.0,"key":"Incense Burner"},{"floor":95.0,"key":"Calipers"},{"floor":103.0,"key":"The Courier"},{"floor":104.0,"key":"Sundial"},{"floor":105.0,"key":"Blood Vial"},{"floor":109.0,"key":"Meat on the Bone"},{"floor":112.0,"key":"Girya"},{"floor":120.0,"key":"Boot"},{"floor":132.0,"key":"The Specimen"},{"floor":137,"key":"Torii"},{"floor":144,"key":"Bird Faced Urn"},{"floor":148,"key":"Prayer Wheel"},{"floor":150,"key":"Gremlin Horn"}],"event_choices":[{"cards_removed":["Poisoned Stab"],"damage_healed":0.0,"max_hp_gain":0.0,"max_hp_loss":0.0,"gold_gain":0.0,"event_name":"Purifier","player_choice":"Purged","floor":2.0,"gold_loss":0.0,"damage_taken":0.0},{"damage_healed":0.0,"max_hp_gain":0.0,"max_hp_loss":0.0,"gold_gain":0.0,"event_name":"Living Wall","player_choice":"Grow","floor":4.0,"gold_loss":0.0,"damage_taken":0.0,"cards_upgraded":["Footwork"]},{"cards_removed":["Footwork"],"damage_healed":0.0,"max_hp_gain":0.0,"max_hp_loss":0.0,"gold_gain":0.0,"event_name":"NoteForYourself","player_choice":"Took Card","floor":5.0,"gold_loss":0.0,"damage_taken":0.0,"cards_obtained":["Strike_G"]},{"damage_healed":0.0,"max_hp_gain":0.0,"max_hp_loss":0.0,"gold_gain":175.0,"event_name":"Liars Game","player_choice":"AGREE","floor":12.0,"gold_loss":0.0,"damage_taken":0.0,"cards_obtained":["Doubt"]},{"damage_healed":0.0,"max_hp_gain":0.0,"max_hp_loss":0.0,"gold_gain":0.0,"event_name":"The Mausoleum","player_choice":"Opened","floor":19.0,"gold_loss":0.0,"damage_taken":0.0,"relics_obtained":["Oddly Smooth Stone"]},{"cards_removed":["Strike_G"],"damage_healed":0.0,"max_hp_gain":0.0,"max_hp_loss":0.0,"gold_gain":0.0,"event_name":"Designer","player_choice":"Upgrade and Remove","floor":20.0,"gold_loss":90.0,"damage_taken":0.0,"cards_upgraded":["Backflip"]},{"damage_healed":0.0,"max_hp_gain":0.0,"max_hp_loss":0.0,"gold_gain":0.0,"event_name":"N\u0027loth","player_choice":"Traded Relic","floor":21.0,"relics_lost":["Centennial Puzzle"],"gold_loss":0.0,"damage_taken":0.0,"relics_obtained":["Nloth\u0027s Gift"]},{"damage_healed":0.0,"max_hp_gain":0.0,"max_hp_loss":0.0,"gold_gain":0.0,"event_name":"Ghosts","player_choice":"Ignored","floor":27.0,"gold_loss":0.0,"damage_taken":0.0},{"damage_healed":0.0,"max_hp_gain":0.0,"max_hp_loss":0.0,"gold_gain":0.0,"event_name":"Beggar","player_choice":"Ignored","floor":28.0,"gold_loss":0.0,"damage_taken":0.0},{"damage_healed":0.0,"max_hp_gain":0.0,"max_hp_loss":0.0,"gold_gain":0.0,"event_name":"Accursed Blacksmith","player_choice":"Rummage","floor":37.0,"gold_loss":0.0,"damage_taken":0.0,"relics_obtained":["WarpedTongs"],"cards_obtained":["Pain"]},{"damage_healed":0.0,"max_hp_gain":0.0,"max_hp_loss":0.0,"gold_gain":0.0,"event_name":"Winding Halls","player_choice":"Embrace Madness","floor":38.0,"gold_loss":0.0,"damage_taken":10.0,"cards_obtained":["Madness","Madness"]},{"damage_healed":0.0,"max_hp_gain":0.0,"max_hp_loss":0.0,"gold_gain":0.0,"event_name":"SensoryStone","player_choice":"Memory 3","floor":39.0,"gold_loss":0.0,"damage_taken":10.0},{"damage_healed":0.0,"max_hp_gain":0.0,"max_hp_loss":0.0,"gold_gain":0.0,"event_name":"MindBloom","player_choice":"Fight","floor":44.0,"gold_loss":0.0,"damage_taken":0.0},{"cards_removed":["Poisoned Stab"],"damage_healed":0.0,"max_hp_gain":0.0,"max_hp_loss":0.0,"gold_gain":0.0,"event_name":"Falling","player_choice":"Removed Attack","floor":47.0,"gold_loss":0.0,"damage_taken":0.0},{"cards_removed":["Backflip"],"damage_healed":0.0,"max_hp_gain":0.0,"max_hp_loss":0.0,"gold_gain":0.0,"event_name":"Golden Wing","player_choice":"Card Removal","floor":53.0,"gold_loss":0.0,"damage_taken":7.0},{"damage_healed":0.0,"max_hp_gain":0.0,"max_hp_loss":0.0,"gold_gain":0.0,"event_name":"Big Fish","player_choice":"Box","floor":54.0,"gold_loss":0.0,"damage_taken":0.0,"relics_obtained":["Pocketwatch"],"cards_obtained":["Regret"]},{"damage_healed":0.0,"max_hp_gain":0.0,"max_hp_loss":0.0,"gold_gain":0.0,"event_name":"Scrap Ooze","player_choice":"Success","floor":55.0,"gold_loss":0.0,"damage_taken":25.0,"relics_obtained":["MawBank"]},{"damage_healed":0.0,"max_hp_gain":0.0,"max_hp_loss":0.0,"gold_gain":0.0,"event_name":"Living Wall","player_choice":"Grow","floor":61.0,"gold_loss":0.0,"damage_taken":0.0,"cards_upgraded":["Demon Form"]},{"damage_healed":0.0,"max_hp_gain":0.0,"max_hp_loss":0.0,"gold_gain":0.0,"event_name":"Mushrooms","player_choice":"Fought Mushrooms","floor":64.0,"gold_loss":0.0,"damage_taken":0.0},{"damage_healed":0.0,"max_hp_gain":0.0,"max_hp_loss":0.0,"gold_gain":0.0,"event_name":"Upgrade Shrine","player_choice":"Upgraded","floor":65.0,"gold_loss":0.0,"damage_taken":0.0,"cards_upgraded":["Well Laid Plans"]},{"damage_healed":0.0,"max_hp_gain":0.0,"max_hp_loss":0.0,"gold_gain":0.0,"event_name":"Masked Bandits","player_choice":"Fought Bandits","floor":70.0,"gold_loss":0.0,"damage_taken":0.0},{"damage_healed":0.0,"max_hp_gain":0.0,"max_hp_loss":0.0,"gold_gain":0.0,"event_name":"The Library","player_choice":"Read","floor":72.0,"gold_loss":0.0,"damage_taken":0.0,"cards_obtained":["Footwork"]},{"damage_healed":0.0,"max_hp_gain":0.0,"max_hp_loss":0.0,"gold_gain":0.0,"event_name":"Nest","player_choice":"Joined the Cult","floor":73.0,"gold_loss":0.0,"damage_taken":6.0,"cards_obtained":["RitualDagger"]},{"damage_healed":0.0,"max_hp_gain":0.0,"max_hp_loss":0.0,"gold_gain":0.0,"event_name":"Vampires","player_choice":"Ignored","floor":80.0,"gold_loss":0.0,"damage_taken":0.0},{"damage_healed":0.0,"max_hp_gain":0.0,"max_hp_loss":0.0,"gold_gain":0.0,"event_name":"Upgrade Shrine","player_choice":"Upgraded","floor":81.0,"gold_loss":0.0,"damage_taken":0.0,"cards_upgraded":["Corpse Explosion"]},{"damage_healed":0.0,"max_hp_gain":0.0,"max_hp_loss":0.0,"gold_gain":0.0,"event_name":"Colosseum","player_choice":"Fight","floor":82.0,"gold_loss":0.0,"damage_taken":0.0},{"damage_healed":0.0,"max_hp_gain":0.0,"max_hp_loss":0.0,"gold_gain":0.0,"event_name":"Colosseum","player_choice":"Fought Nobs","floor":82.0,"gold_loss":0.0,"damage_taken":0.0},{"damage_healed":0.0,"max_hp_gain":0.0,"max_hp_loss":0.0,"gold_gain":222.0,"event_name":"Tomb of Lord Red Mask","player_choice":"Wore Mask","floor":87.0,"gold_loss":0.0,"damage_taken":0.0},{"damage_healed":0.0,"max_hp_gain":0.0,"max_hp_loss":0.0,"gold_gain":0.0,"event_name":"Winding Halls","player_choice":"Embrace Madness","floor":90.0,"gold_loss":0.0,"damage_taken":14.0,"cards_obtained":["Madness","Madness"]},{"damage_healed":0.0,"max_hp_gain":0.0,"max_hp_loss":0.0,"gold_gain":0.0,"event_name":"MindBloom","player_choice":"Fight","floor":92.0,"gold_loss":0.0,"damage_taken":0.0},{"cards_removed":["Madness"],"damage_healed":0.0,"max_hp_gain":0.0,"max_hp_loss":0.0,"gold_gain":0.0,"event_name":"Falling","player_choice":"Removed Skill","floor":93.0,"gold_loss":0.0,"damage_taken":0.0},{"damage_healed":0.0,"max_hp_gain":0.0,"max_hp_loss":0.0,"gold_gain":0.0,"event_name":"Mysterious Sphere","player_choice":"Fight","floor":95.0,"gold_loss":0.0,"damage_taken":0.0},{"damage_healed":0.0,"max_hp_gain":0.0,"max_hp_loss":0.0,"gold_gain":0.0,"event_name":"SensoryStone","player_choice":"Memory 3","floor":96.0,"gold_loss":0.0,"damage_taken":10.0},{"damage_healed":0.0,"max_hp_gain":0.0,"max_hp_loss":0.0,"gold_gain":0.0,"event_name":"Match and Keep!","player_choice":"0 cards matched","floor":98.0,"gold_loss":0.0,"damage_taken":0.0,"cards_obtained":[]},{"damage_healed":0.0,"max_hp_gain":0.0,"max_hp_loss":0.0,"gold_gain":30.0,"event_name":"Dead Adventurer","player_choice":"Searched \u00272\u0027 times","floor":104.0,"gold_loss":0.0,"damage_taken":0.0},{"cards_removed":["Crippling Poison"],"damage_healed":0.0,"max_hp_gain":0.0,"max_hp_loss":0.0,"gold_gain":0.0,"event_name":"The Cleric","player_choice":"Card Removal","floor":106.0,"gold_loss":50.0,"damage_taken":0.0},{"cards_removed":["Dodge and Roll"],"damage_healed":0.0,"max_hp_gain":0.0,"max_hp_loss":0.0,"gold_gain":0.0,"event_name":"Purifier","player_choice":"Purged","floor":107.0,"gold_loss":0.0,"damage_taken":0.0},{"damage_healed":0.0,"max_hp_gain":0.0,"max_hp_loss":0.0,"gold_gain":57.0,"event_name":"Golden Wing","player_choice":"Gained Gold","floor":110.0,"gold_loss":0.0,"damage_taken":0.0},{"damage_healed":0.0,"max_hp_gain":0.0,"max_hp_loss":0.0,"gold_gain":0.0,"event_name":"Golden Idol","player_choice":"Take Damage","floor":114.0,"gold_loss":0.0,"damage_taken":30.0,"relics_obtained":["Golden Idol"]},{"damage_healed":0.0,"max_hp_gain":0.0,"max_hp_loss":0.0,"gold_gain":0.0,"event_name":"Shining Light","player_choice":"Ignored","floor":116.0,"gold_loss":0.0,"damage_taken":0.0},{"damage_healed":0.0,"max_hp_gain":0.0,"max_hp_loss":0.0,"gold_gain":0.0,"event_name":"Drug Dealer","player_choice":"Inject Mutagens","floor":122.0,"gold_loss":0.0,"damage_taken":0.0,"relics_obtained":["MutagenicStrength"]},{"damage_healed":0.0,"max_hp_gain":0.0,"max_hp_loss":0.0,"gold_gain":270.0,"event_name":"Knowing Skull","player_choice":"GOLD GOLD GOLD ","floor":124.0,"potions_obtained":[],"gold_loss":0.0,"damage_taken":48.0,"cards_obtained":[]},{"damage_healed":0.0,"max_hp_gain":5.0,"max_hp_loss":0.0,"gold_gain":0.0,"event_name":"Forgotten Altar","player_choice":"Shed Blood","floor":129.0,"gold_loss":0.0,"damage_taken":32.0},{"cards_removed":["Dodge and Roll"],"damage_healed":0.0,"max_hp_gain":0.0,"max_hp_loss":0.0,"gold_gain":0.0,"event_name":"Beggar","player_choice":"Gave Gold","floor":131.0,"gold_loss":75.0,"damage_taken":0.0},{"damage_healed":0,"gold_gain":0,"player_choice":"Bought 0 Potions","damage_taken":0,"max_hp_gain":0,"max_hp_loss":0,"event_name":"The Woman in Blue","floor":138,"gold_loss":0},{"damage_healed":0,"gold_gain":0,"player_choice":"Ignored","damage_taken":0,"max_hp_gain":0,"max_hp_loss":0,"event_name":"The Moai Head","floor":139,"gold_loss":0},{"damage_healed":0,"gold_gain":0,"player_choice":"Embrace Madness","damage_taken":18,"max_hp_gain":0,"max_hp_loss":0,"event_name":"Winding Halls","floor":140,"gold_loss":0,"cards_obtained":["Madness","Madness"]},{"damage_healed":0,"gold_gain":0,"player_choice":"Trade","damage_taken":0,"relics_obtained":["CultistMask"],"max_hp_gain":0,"max_hp_loss":0,"event_name":"FaceTrader","floor":143,"gold_loss":0},{"damage_healed":0,"gold_gain":0,"player_choice":"Fight","damage_taken":0,"max_hp_gain":0,"max_hp_loss":0,"event_name":"MindBloom","floor":144,"gold_loss":0},{"cards_removed":["Bane"],"damage_healed":0,"gold_gain":0,"player_choice":"Removed Attack","damage_taken":0,"max_hp_gain":0,"max_hp_loss":0,"event_name":"Falling","floor":146,"gold_loss":0},{"damage_healed":0,"gold_gain":0,"player_choice":"Fight","damage_taken":0,"max_hp_gain":0,"max_hp_loss":0,"event_name":"Mysterious Sphere","floor":148,"gold_loss":0},{"damage_healed":0,"gold_gain":0,"player_choice":"Memory 3","damage_taken":10,"max_hp_gain":0,"max_hp_loss":0,"event_name":"SensoryStone","floor":149,"gold_loss":0}],"is_beta":false,"boss_relics":[{"not_picked":["White Beast Statue","WristBlade"],"picked":"Orrery"},{"not_picked":["Runic Pyramid","Busted Crown"],"picked":"Philosopher\u0027s Stone"},{"not_picked":["Empty Cage","Cursed Key"],"picked":"Coffee Dripper"},{"not_picked":["Empty Cage","Velvet Choker"],"picked":"Lizard Tail"},{"not_picked":["Snecko Eye","Tiny House"],"picked":"White Beast Statue"},{"not_picked":["HoveringKite","Runic Dome"],"picked":"Black Star"},{"not_picked":["Snecko Eye","Empty Cage"],"picked":"Cursed Key"},{"not_picked":["Eternal Feather","Calling Bell"],"picked":"HoveringKite"},{"not_picked":["Velvet Choker","Sozu"],"picked":"Runic Pyramid"}],"items_purged_floors":[],"is_endless":true,"potions_floor_spawned":[1,3,18,33,36,44,64,67,70,75,82,86,89,92,94,95,99,101,103,104,105,108,109,111,112,113,118,120,127,128,130,132,135,137,142,144,145,148,150,152],"killed_by":"2 Louse","ascension_level":0}