{"gold_per_floor":[110,110,185,203,203,203,226,240,267,307,12,12,48,68,68,162,162,176,226,316,340,340,340,340],"floor_reached":24,"playtime":921,"items_purged":[],"score":408,"play_id":"68d01191-654d-4f10-95ae-c0a367cbc339","local_time":"20190701000129","is_ascension_mode":true,"campfire_choices":[{"floor":6,"key":"REST"},{"floor":15,"key":"REST"},{"floor":23,"key":"REST"}],"neow_cost":"NONE","seed_source_timestamp":565418715810117,"circlet_count":0,"master_deck":["AscendersBane","Strike_B+1","Defend_B","Defend_B","Defend_B","Defend_B+1","Zap","Dualcast+1","Biased Cognition","Gash","Undo","Cold Snap","Apotheosis","Coolheaded","Conserve Battery","Core Surge","Defragment","Sunder","Coolheaded","Electrodynamics","Self Repair","Hologram","Coolheaded","Static Discharge"],"relics":["Cracked Core","Golden Idol","Whetstone","Bag of Preparation","Prayer Wheel","Empty Cage"],"potions_floor_usage":[10,13,16],"damage_taken":[{"damage":0,"enemies":"Cultist","floor":1,"turns":3},{"damage":7,"enemies":"Jaw Worm","floor":4,"turns":3},{"damage":0,"enemies":"2 Louse","floor":7,"turns":2},{"damage":8,"enemies":"Blue Slaver","floor":8,"turns":3},{"damage":11,"enemies":"Gremlin Nob","floor":10,"turns":3},{"damage":3,"enemies":"3 Sentries","floor":13,"turns":8},{"damage":5,"enemies":"Large Slime","floor":14,"turns":5},{"damage":26,"enemies":"Slime Boss","floor":16,"turns":11},{"damage":18,"enemies":"Shell Parasite","floor":18,"turns":7},{"damage":7,"enemies":"Spheric Guardian","floor":21,"turns":6},{"damage":53,"enemies":"Slavers","floor":24,"turns":4}],"seed_played":"-5072309555429669348","potions_obtained":[{"floor":1,"key":"FearPotion"},{"floor":7,"key":"SkillPotion"}],"is_trial":false,"path_per_floor":["M","?","?","M","?","R","M","M","T","E","$","?","E","M","R","B",null,"M","?","?","M","?","R","E"],"character_chosen":"DEFECT","items_purchased":["Apotheosis","Coolheaded","Strength Potion"],"campfire_rested":3,"item_purchase_floors":[11,11,11],"current_hp_per_floor":[64,64,53,46,27,46,46,38,38,27,27,27,24,19,38,12,51,33,33,21,24,24,43,0],"gold":340,"neow_bonus":"ONE_RANDOM_RARE_CARD","is_prod":false,"is_daily":false,"chose_seed":false,"campfire_upgraded":0,"win_rate":0,"timestamp":1561957289,"path_taken":["M","?","?","M","?","R","?","M","T","E","$","?","E","M","R","BOSS","M","?","?","?","?","R","E"],"build_version":"2019-06-29","purchased_purges":0,"victory":false,"max_hp_per_floor":[71,64,64,64,64,64,64,64,64,64,64,64,64,64,64,64,64,64,64,64,64,64,64,64],"card_choices":[{"not_picked":["Leap","Barrage","Streamline"],"picked":"SKIP","floor":1},{"not_picked":["Streamline","Hologram","Stack"],"picked":"SKIP","floor":4},{"not_picked":["Beam Cell","Go for the Eyes"],"picked":"Gash","floor":7},{"not_picked":["Consume","Tempest"],"picked":"Undo","floor":8},{"not_picked":["Stack","Barrage"],"picked":"Cold Snap","floor":10},{"not_picked":["Reinforced Body","Storm"],"picked":"Defragment","floor":13},{"not_picked":["Cold Snap","Hello World"],"picked":"Sunder","floor":14},{"not_picked":["Darkness","Go for the Eyes"],"picked":"Coolheaded","floor":14},{"not_picked":["Seek","Meteor Strike"],"picked":"Electrodynamics","floor":16},{"not_picked":["Aggregate","Storm"],"picked":"Self Repair","floor":18},{"not_picked":["Beam Cell","Turbo"],"picked":"Hologram","floor":18},{"not_picked":["Compile Driver","Leap"],"picked":"Coolheaded","floor":21},{"not_picked":["Go for the Eyes","Lockon"],"picked":"Static Discharge","floor":21}],"player_experience":1621376,"relics_obtained":[{"floor":9,"key":"Whetstone"},{"floor":10,"key":"Bag of Preparation"},{"floor":13,"key":"Prayer Wheel"}],"event_choices":[{"damage_healed":0,"gold_gain":0,"player_choice":"Lose Max HP","damage_taken":0,"relics_obtained":["Golden Idol"],"max_hp_gain":0,"max_hp_loss":7,"event_name":"Golden Idol","floor":2,"gold_loss":0},{"damage_healed":0,"gold_gain":75,"player_choice":"Gather Gold","damage_taken":11,"max_hp_gain":0,"max_hp_loss":0,"event_name":"World of Goop","floor":3,"gold_loss":0},{"damage_healed":0,"gold_gain":0,"player_choice":"Entered Light","damage_taken":19,"max_hp_gain":0,"max_hp_loss":0,"event_name":"Shining Light","floor":5,"gold_loss":0,"cards_upgraded":["Defend_B","Dualcast"]},{"damage_healed":0,"gold_gain":0,"player_choice":"2 cards matched","damage_taken":0,"max_hp_gain":0,"max_hp_loss":0,"event_name":"Match and Keep!","floor":12,"gold_loss":0,"cards_obtained":["Conserve Battery","Core Surge"]},{"damage_healed":0,"gold_gain":50,"player_choice":"Stole From Cult","damage_taken":0,"max_hp_gain":0,"max_hp_loss":0,"event_name":"Nest","floor":19,"gold_loss":0},{"damage_healed":0,"gold_gain":90,"player_choice":"GOLD ","damage_taken":12,"max_hp_gain":0,"max_hp_loss":0,"event_name":"Knowing Skull","floor":20,"potions_obtained":[],"gold_loss":0,"cards_obtained":[]},{"cards_removed":["Strike_B"],"damage_healed":0,"gold_gain":0,"player_choice":"Elegance","damage_taken":0,"max_hp_gain":0,"max_hp_loss":0,"event_name":"Back to Basics","floor":22,"gold_loss":0}],"is_beta":true,"boss_relics":[{"not_picked":["Philosopher\u0027s Stone","Busted Crown"],"picked":"Empty Cage"}],"items_purged_floors":[],"is_endless":false,"potions_floor_spawned":[1,7],"killed_by":"Slavers","ascension_level":20}