{"gold_per_floor":[114,128,128,143,159,159,188,200,212,224,251,287,299,311,323,335],"floor_reached":16,"playtime":626,"items_purged":[],"score":100,"play_id":"7a0511d4-0f1c-40e5-af8d-4782ec834d19","local_time":"20190702171929","is_ascension_mode":false,"campfire_choices":[{"data":"Double Tap","floor":6,"key":"SMITH"},{"data":"Armaments","floor":8,"key":"SMITH"},{"data":"Pommel Strike","floor":15,"key":"SMITH"}],"neow_cost":"PERCENT_DAMAGE","seed_source_timestamp":144274584698830,"circlet_count":0,"master_deck":["Strike_R","Strike_R","Strike_R","Strike_R","Strike_R","Defend_R","Defend_R","Defend_R","Defend_R","Bash","Double Tap+1","Clothesline","Ghostly Armor","Bloodletting","Warcry","Armaments+1","Pommel Strike+1","Ghostly Armor"],"relics":["Burning Blood","MawBank","Ornamental Fan","Odd Mushroom"],"potions_floor_usage":[16,16,16],"damage_taken":[{"damage":5,"enemies":"Small Slimes","floor":1,"turns":4},{"damage":0,"enemies":"Cultist","floor":2,"turns":2},{"damage":0,"enemies":"2 Louse","floor":4,"turns":2},{"damage":15,"enemies":"Large Slime","floor":5,"turns":5},{"damage":10,"enemies":"Gremlin Nob","floor":7,"turns":4},{"damage":9,"enemies":"Blue Slaver","floor":11,"turns":6},{"damage":17,"enemies":"The Mushroom Lair","floor":12,"turns":4},{"damage":47,"enemies":"Hexaghost","floor":16,"turns":14}],"seed_played":"1742221345999807601","potions_obtained":[{"floor":4,"key":"Dexterity Potion"},{"floor":5,"key":"GamblersBrew"},{"floor":11,"key":"LiquidBronze"}],"is_trial":false,"path_per_floor":["M","M","?","M","M","R","E","R","T","$","M","?","?","$","R","B"],"character_chosen":"IRONCLAD","items_purchased":[],"campfire_rested":0,"item_purchase_floors":[],"current_hp_per_floor":[57,63,63,69,60,60,56,56,56,56,53,42,42,42,42,0],"gold":335,"neow_bonus":"THREE_RARE_CARDS","is_prod":false,"is_daily":false,"chose_seed":false,"campfire_upgraded":3,"win_rate":0.0,"timestamp":1562051969,"path_taken":["M","M","?","M","M","R","E","R","T","?","?","?","?","$","R","BOSS"],"build_version":"2019-07-01","purchased_purges":0,"victory":false,"max_hp_per_floor":[80,80,80,80,80,80,80,80,80,80,80,80,80,80,80,80],"card_choices":[{"not_picked":["Brutality","Dark Embrace"],"picked":"Double Tap","floor":0},{"not_picked":["Body Slam","Corruption"],"picked":"Clothesline","floor":1},{"not_picked":["Clash","True Grit"],"picked":"Ghostly Armor","floor":2},{"not_picked":["Body Slam","Clothesline"],"picked":"Bloodletting","floor":4},{"not_picked":["Hemokinesis","Burning Pact"],"picked":"Warcry","floor":5},{"not_picked":["Feel No Pain","Dropkick"],"picked":"Armaments","floor":7},{"not_picked":["Iron Wave","Sword Boomerang"],"picked":"Pommel Strike","floor":11},{"not_picked":["Reckless Charge","True Grit"],"picked":"Ghostly Armor","floor":12}],"player_experience":6151,"relics_obtained":[{"floor":7,"key":"MawBank"},{"floor":9,"key":"Ornamental Fan"},{"floor":12,"key":"Odd Mushroom"}],"event_choices":[{"damage_healed":0,"gold_gain":0,"player_choice":"Ignored","damage_taken":0,"max_hp_gain":0,"max_hp_loss":0,"event_name":"WeMeetAgain","floor":3,"gold_loss":0},{"damage_healed":0,"gold_gain":0,"player_choice":"Fought Mushrooms","damage_taken":0,"max_hp_gain":0,"max_hp_loss":0,"event_name":"Mushrooms","floor":12,"gold_loss":0},{"damage_healed":0,"gold_gain":0,"player_choice":"Ignored","damage_taken":0,"max_hp_gain":0,"max_hp_loss":0,"event_name":"Liars Game","floor":13,"gold_loss":0}],"is_beta":false,"boss_relics":[],"items_purged_floors":[],"is_endless":false,"potions_floor_spawned":[4,5,11],"killed_by":"Hexaghost","ascension_level":0}