{"gold_per_floor":[367,442,9,23,35,70,70,95,95,109,124,33,33,50,50,155,155,171,184,199,199,101,132,132,132,157,157,106,132,149,168,168,272,272,283,283,203,222,222,222,256,256,256,283,383,400,428,439,439,439,439,439,12,45,45],"floor_reached":56,"playtime":3685,"items_purged":["Strike_G"],"score":1412,"play_id":"a421d0a4-d03d-4844-af45-d086cda28ef4","local_time":"20190703211235","is_ascension_mode":true,"campfire_choices":[{"data":"Neutralize","floor":7.0,"key":"SMITH"},{"data":"PiercingWail","floor":13.0,"key":"SMITH"},{"data":"Survivor","floor":15.0,"key":"SMITH"},{"floor":24.0,"key":"RECALL"},{"data":"Endless Agony","floor":27.0,"key":"SMITH"},{"data":"Defend_G","floor":32.0,"key":"SMITH"},{"data":"Defend_G","floor":40.0,"key":"SMITH"},{"floor":42.0,"key":"REST"},{"data":"Defend_G","floor":49.0,"key":"SMITH"},{"data":"Defend_G","floor":52.0,"key":"SMITH"}],"neow_cost":"TEN_PERCENT_HP_LOSS","seed_source_timestamp":0,"circlet_count":0,"master_deck":["Strike_G","Strike_G","Defend_G+1","Defend_G+1","Defend_G","Defend_G+1","Defend_G+1","Survivor+1","Neutralize+1","PiercingWail+1","Backflip+1","Deadly Poison+1","Reflex+1","Crippling Poison+1","Prepared+1","Dodge and Roll+1","Deadly Poison+1","Concentrate+1","Accuracy","Acrobatics+1","Prepared+1","Corpse Explosion+1","PiercingWail+1","Calculated Gamble+1","Endless Agony+1","Deep Breath+1","Cloak And Dagger+1","Calculated Gamble+1","Accuracy+1","Night Terror+1","Backflip+1","Madness+1","Madness+1","Accuracy","Burst+1","Accuracy"],"special_seed":0,"relics":["Ring of the Snake","Toxic Egg 2","Calipers","Darkstone Periapt","Gremlin Horn","Runic Pyramid","Gambling Chip","StoneCalendar","Art of War","Philosopher\u0027s Stone","Bag of Preparation","Turnip","Incense Burner","Bottled Lightning","Torii","Shuriken"],"potions_floor_usage":[55,55,55],"damage_taken":[{"damage":0.0,"enemies":"Cultist","floor":1.0,"turns":4.0},{"damage":0.0,"enemies":"Small Slimes","floor":4.0,"turns":4.0},{"damage":0.0,"enemies":"2 Louse","floor":5.0,"turns":3.0},{"damage":14.0,"enemies":"3 Sentries","floor":6.0,"turns":7.0},{"damage":1.0,"enemies":"Lagavulin","floor":8.0,"turns":5.0},{"damage":5.0,"enemies":"Exordium Thugs","floor":10.0,"turns":4.0},{"damage":0.0,"enemies":"Blue Slaver","floor":11.0,"turns":3.0},{"damage":2.0,"enemies":"Large Slime","floor":14.0,"turns":7.0},{"damage":3.0,"enemies":"Hexaghost","floor":16.0,"turns":9.0},{"damage":0.0,"enemies":"Chosen","floor":18.0,"turns":4.0},{"damage":4.0,"enemies":"2 Thieves","floor":19.0,"turns":3.0},{"damage":0.0,"enemies":"3 Cultists","floor":20.0,"turns":3.0},{"damage":0.0,"enemies":"Book of Stabbing","floor":23.0,"turns":6.0},{"damage":3.0,"enemies":"Gremlin Leader","floor":29.0,"turns":5.0},{"damage":0.0,"enemies":"Snake Plant","floor":30.0,"turns":4.0},{"damage":0.0,"enemies":"Shelled Parasite and Fungi","floor":31.0,"turns":4.0},{"damage":23.0,"enemies":"Collector","floor":33.0,"turns":7.0},{"damage":0.0,"enemies":"3 Shapes","floor":35.0,"turns":3.0},{"damage":0.0,"enemies":"Orb Walker","floor":38.0,"turns":4.0},{"damage":6.0,"enemies":"Reptomancer","floor":41.0,"turns":6.0},{"damage":12.0,"enemies":"Nemesis","floor":44.0,"turns":7.0},{"damage":0.0,"enemies":"Mind Bloom Boss Battle","floor":45.0,"turns":5.0},{"damage":0.0,"enemies":"Sphere and 2 Shapes","floor":46.0,"turns":4.0},{"damage":2.0,"enemies":"Reptomancer","floor":47.0,"turns":6.0},{"damage":9.0,"enemies":"3 Darklings","floor":48.0,"turns":2.0},{"damage":12.0,"enemies":"Donu and Deca","floor":50.0,"turns":6.0},{"damage":0.0,"enemies":"Shield and Spear","floor":54.0,"turns":6.0},{"damage":45,"enemies":"The Heart","floor":55,"turns":12}],"seed_played":"8437881100105791449","potions_obtained":[{"floor":4.0,"key":"SteroidPotion"},{"floor":5.0,"key":"Swift Potion"},{"floor":10.0,"key":"FearPotion"},{"floor":11.0,"key":"Block Potion"},{"floor":19.0,"key":"PowerPotion"},{"floor":31.0,"key":"LiquidBronze"},{"floor":41.0,"key":"Fire Potion"},{"floor":44.0,"key":"Regen Potion"}],"is_trial":false,"path_per_floor":["M","?","$","M","M","E","R","E","T","M","M","$","R","M","R","B",null,"M","M","M","?","$","E","R","?","T","R","$","E","M","M","R","B",null,"M","?","$","M","$","R","E","R","T","E","?","M","E","M","R","B",null,"R","$","E","B",null],"character_chosen":"THE_SILENT","items_purchased":["Toxic Egg 2","Backflip+1","Deadly Poison+1","Accuracy","Acrobatics+1","Deep Breath+1","Cloak And Dagger+1","Accuracy","Accuracy","Torii","SkillPotion"],"campfire_rested":1,"item_purchase_floors":[3,3,3,12,12,22,28,37,53,53,53],"current_hp_per_floor":[63,52,52,52,52,38,38,37,37,32,32,32,32,30,30,27,63,63,59,59,59,59,59,59,59,59,59,59,56,56,56,56,33,63,63,55,55,55,55,55,49,63,63,51,51,51,49,40,40,28,63,63,63,63,18],"gold":45,"neow_bonus":"TWO_FIFTY_GOLD","is_prod":false,"is_daily":false,"chose_seed":false,"campfire_upgraded":8,"win_rate":0,"timestamp":1562155955,"path_taken":["M","?","$","M","M","E","R","E","T","M","M","$","R","M","R","BOSS","M","M","M","?","$","E","R","?","T","R","$","E","?","M","R","BOSS","M","?","$","M","$","R","E","R","T","E","?","M","E","M","R","BOSS","R","$","E","BOSS"],"build_version":"2019-07-01","purchased_purges":1,"victory":true,"max_hp_per_floor":[63,63,63,63,63,63,63,63,63,63,63,63,63,63,63,63,63,63,63,63,63,63,63,63,63,63,63,63,63,63,63,63,63,63,63,63,63,63,63,63,63,63,63,63,63,63,63,63,63,63,63,63,63,63,63],"card_choices":[{"not_picked":["Poisoned Stab","Sucker Punch"],"picked":"PiercingWail","floor":1.0},{"not_picked":["Tactician+1","Quick Slash"],"picked":"Reflex+1","floor":4.0},{"not_picked":["Backstab","Outmaneuver+1"],"picked":"Crippling Poison+1","floor":5.0},{"not_picked":["Predator","Leg Sweep+1"],"picked":"Prepared+1","floor":6.0},{"not_picked":["Reflex+1","Flechettes"],"picked":"Dodge and Roll+1","floor":8.0},{"not_picked":["PiercingWail+1","Flying Knee"],"picked":"Deadly Poison+1","floor":10.0},{"not_picked":["Distraction+1","Cloak And Dagger+1"],"picked":"Concentrate+1","floor":11.0},{"not_picked":["Quick Slash","Deflect+1"],"picked":"Prepared+1","floor":14.0},{"not_picked":["Doppelganger+1","Adrenaline+1"],"picked":"Corpse Explosion+1","floor":16.0},{"not_picked":["Heel Hook","Dagger Spray","Poisoned Stab"],"picked":"SKIP","floor":18.0},{"not_picked":["Distraction+1","Concentrate+1"],"picked":"PiercingWail+1","floor":19.0},{"not_picked":["Well Laid Plans","Dagger Spray+1","Distraction+1"],"picked":"SKIP","floor":20.0},{"not_picked":["Flechettes+1","Predator","Finisher"],"picked":"SKIP","floor":23.0},{"not_picked":["Backflip+1","Dagger Throw"],"picked":"Calculated Gamble+1","floor":29.0},{"not_picked":["Deadly Poison+1","Slice+1"],"picked":"Accuracy+1","floor":30.0},{"not_picked":["Choke","Masterful Stab","All Out Attack+1"],"picked":"SKIP","floor":31.0},{"not_picked":["Glass Knife","Grand Finale"],"picked":"Night Terror+1","floor":33.0},{"not_picked":["Poisoned Stab","PiercingWail+1"],"picked":"Backflip+1","floor":35.0},{"not_picked":["PiercingWail+1","Endless Agony+1","Underhanded Strike"],"picked":"SKIP","floor":38.0},{"not_picked":["Backstab","Noxious Fumes","Acrobatics+1"],"picked":"SKIP","floor":41.0},{"not_picked":["Deadly Poison+1","Bane"],"picked":"Burst+1","floor":44.0},{"not_picked":["Deflect+1","Eviscerate+1","Quick Slash"],"picked":"SKIP","floor":46.0},{"not_picked":["Dagger Throw","Prepared+1","Storm of Steel+1"],"picked":"SKIP","floor":47.0},{"not_picked":["Outmaneuver+1","Bane","Choke"],"picked":"SKIP","floor":48.0},{"not_picked":["Distraction+1","Storm of Steel+1","Deflect+1"],"picked":"SKIP","floor":54.0}],"player_experience":751958,"relics_obtained":[{"floor":6.0,"key":"Calipers"},{"floor":8.0,"key":"Darkstone Periapt"},{"floor":9.0,"key":"Gremlin Horn"},{"floor":23.0,"key":"Gambling Chip"},{"floor":29.0,"key":"Art of War"},{"floor":43.0,"key":"Bag of Preparation"},{"floor":44.0,"key":"Turnip"},{"floor":45.0,"key":"Incense Burner"},{"floor":47.0,"key":"Bottled Lightning"},{"floor":54.0,"key":"Shuriken"}],"event_choices":[{"damage_healed":0.0,"max_hp_gain":0.0,"max_hp_loss":0.0,"gold_gain":75.0,"event_name":"World of Goop","player_choice":"Gather Gold","floor":2.0,"gold_loss":0.0,"damage_taken":11.0},{"damage_healed":0.0,"max_hp_gain":0.0,"max_hp_loss":0.0,"gold_gain":0.0,"cards_transformed":["Strike_G","Strike_G"],"event_name":"Drug Dealer","player_choice":"Became Test Subject","floor":21.0,"gold_loss":0.0,"damage_taken":0.0,"cards_obtained":["Calculated Gamble","Endless Agony"]},{"damage_healed":0.0,"max_hp_gain":0.0,"max_hp_loss":0.0,"gold_gain":0.0,"event_name":"WeMeetAgain","player_choice":"Gave Potion","floor":25.0,"gold_loss":0.0,"damage_taken":0.0,"relics_obtained":["StoneCalendar"]},{"damage_healed":0.0,"max_hp_gain":0.0,"max_hp_loss":0.0,"gold_gain":0.0,"event_name":"Winding Halls","player_choice":"Embrace Madness","floor":36.0,"gold_loss":0.0,"damage_taken":8.0,"cards_obtained":["Madness","Madness"]},{"damage_healed":0.0,"max_hp_gain":0.0,"max_hp_loss":0.0,"gold_gain":0.0,"event_name":"MindBloom","player_choice":"Fight","floor":45.0,"gold_loss":0.0,"damage_taken":0.0}],"is_beta":false,"boss_relics":[{"not_picked":["Runic Dome","Cursed Key"],"picked":"Runic Pyramid"},{"not_picked":["HoveringKite","Astrolabe"],"picked":"Philosopher\u0027s Stone"}],"items_purged_floors":[3],"is_endless":false,"potions_floor_spawned":[4,5,10,11,19,31,41,44,45,46,47,54],"ascension_level":1}