{"gold_per_floor":[111,127,27,41,41,66,66,81,81,96,113,129,146,174,174,272,272,284,284,264,278,288,288,315,315,315,315,31,31,46,62,62,162,162,176,176,186,33,47,47,0,0,0,0,12,26,26,26,26,26],"floor_reached":51,"playtime":4819,"items_purged":["Strike_R"],"score":757,"play_id":"6f04d574-ab1b-4fc1-8a19-8319e37f65f7","local_time":"20190713005126","is_ascension_mode":true,"campfire_choices":[{"data":"Searing Blow","floor":7,"key":"SMITH"},{"floor":15,"key":"REST"},{"floor":23,"key":"REST"},{"floor":25,"key":"REST"},{"data":"Entrench","floor":32,"key":"SMITH"},{"floor":40,"key":"REST"},{"data":"Body Slam","floor":42,"key":"SMITH"},{"data":"Demon Form","floor":44,"key":"SMITH"},{"floor":47,"key":"REST"},{"data":"Flame Barrier","floor":49,"key":"SMITH"}],"neow_cost":"TEN_PERCENT_HP_LOSS","seed_source_timestamp":7176435470000,"circlet_count":0,"master_deck":["Strike_R","Strike_R","Defend_R","Defend_R","Defend_R","Defend_R","Bash","Inflame+1","Armaments","Heavy Blade","Searing Blow+1","Flame Barrier","Entrench+1","Demon Form","Iron Wave","Disarm","Flame Barrier+1","Body Slam+1","Fire Breathing","Shockwave","Double Tap","Thunderclap","Demon Form+1","Enlightenment","Armaments+1","Shrug It Off"],"relics":["Black Blood","Champion Belt","Pear","Self Forming Clay","Mercury Hourglass","Gambling Chip","Sundial","Bag of Preparation","MealTicket","Juzu Bracelet","Velvet Choker","Regal Pillow","Red Mask","Bottled Tornado"],"potions_floor_usage":[8,13,14,22,24,30,31,33,33,35,46,50],"damage_taken":[{"damage":2,"enemies":"2 Louse","floor":1,"turns":4},{"damage":4,"enemies":"Cultist","floor":2,"turns":3},{"damage":4,"enemies":"Small Slimes","floor":4,"turns":3},{"damage":36,"enemies":"Lagavulin","floor":6,"turns":6},{"damage":25,"enemies":"Gremlin Gang","floor":8,"turns":5},{"damage":6,"enemies":"Blue Slaver","floor":10,"turns":4},{"damage":7,"enemies":"3 Louse","floor":11,"turns":3},{"damage":10,"enemies":"Red Slaver","floor":12,"turns":4},{"damage":7,"enemies":"Exordium Thugs","floor":13,"turns":5},{"damage":24,"enemies":"3 Sentries","floor":14,"turns":11},{"damage":40,"enemies":"The Guardian","floor":16,"turns":16},{"damage":19,"enemies":"Spheric Guardian","floor":18,"turns":4},{"damage":20,"enemies":"2 Thieves","floor":20,"turns":4},{"damage":18,"enemies":"Snake Plant","floor":21,"turns":6},{"damage":37,"enemies":"Shelled Parasite and Fungi","floor":22,"turns":11},{"damage":40,"enemies":"Book of Stabbing","floor":24,"turns":7},{"damage":18,"enemies":"Centurion and Healer","floor":30,"turns":7},{"damage":25,"enemies":"Chosen and Byrds","floor":31,"turns":8},{"damage":42,"enemies":"Automaton","floor":33,"turns":10},{"damage":49,"enemies":"3 Darklings","floor":35,"turns":6},{"damage":33,"enemies":"Orb Walker","floor":37,"turns":6},{"damage":16,"enemies":"3 Darklings","floor":39,"turns":9},{"damage":26,"enemies":"4 Shapes","floor":45,"turns":5},{"damage":29,"enemies":"Transient","floor":46,"turns":5},{"damage":52,"enemies":"Time Eater","floor":50,"turns":7}],"seed_played":"-6189691416154252424","potions_obtained":[{"floor":6,"key":"Fire Potion"},{"floor":8,"key":"Explosive Potion"},{"floor":11,"key":"Explosive Potion"},{"floor":12,"key":"BloodPotion"},{"floor":13,"key":"Dexterity Potion"},{"floor":20,"key":"Block Potion"},{"floor":22,"key":"Regen Potion"},{"floor":30,"key":"Weak Potion"},{"floor":31,"key":"Poison Potion"},{"floor":37,"key":"FearPotion"},{"floor":46,"key":"Regen Potion"}],"is_trial":false,"path_per_floor":["M","M","$","M","?","E","R","M","T","M","M","M","M","E","R","B",null,"M","?","M","M","M","R","E","R","T","?","$","?","M","M","R","B",null,"M","?","M","$","M","R","?","R","T","R","M","M","R","$","R","B",null],"character_chosen":"IRONCLAD","items_purchased":["Armaments","BloodPotion","MealTicket","Regal Pillow"],"campfire_rested":5,"item_purchase_floors":[3,28,28,38],"current_hp_per_floor":[72,72,72,72,72,52,52,33,33,33,32,28,47,29,53,19,82,73,73,63,55,28,52,37,61,61,61,61,61,53,58,58,26,82,43,43,20,35,29,68,68,68,68,68,52,33,72,82,82,50],"gold":26,"neow_bonus":"ONE_RARE_RELIC","is_prod":false,"is_daily":false,"chose_seed":false,"campfire_upgraded":5,"win_rate":0,"timestamp":1563004286,"path_taken":["M","M","$","M","?","E","R","M","T","?","M","M","M","E","R","BOSS","M","?","M","M","M","R","E","R","T","?","$","?","M","M","R","BOSS","M","?","M","$","M","R","?","R","T","R","M","M","R","$","R","BOSS"],"build_version":"2019-07-05","purchased_purges":1,"victory":true,"max_hp_per_floor":[72,72,72,72,72,82,82,82,82,82,82,82,82,82,82,82,82,82,82,82,82,82,82,82,82,82,82,82,82,82,82,82,82,82,82,82,82,82,82,82,82,82,82,82,82,82,82,82,82,82],"card_choices":[{"not_picked":["Pommel Strike","Armaments"],"picked":"Inflame","floor":1},{"not_picked":["Intimidate","Clothesline"],"picked":"Pommel Strike","floor":2},{"not_picked":["Cleave","Armaments"],"picked":"Heavy Blade","floor":4},{"not_picked":["Clothesline","Anger"],"picked":"Searing Blow","floor":6},{"not_picked":["Wild Strike","Thunderclap","Havoc"],"picked":"SKIP","floor":8},{"not_picked":["Carnage","Searing Blow","Burning Pact"],"picked":"SKIP","floor":10},{"not_picked":["Perfected Strike","Reckless Charge","Rupture"],"picked":"SKIP","floor":11},{"not_picked":["Impervious","Intimidate"],"picked":"Flame Barrier","floor":12},{"not_picked":["Heavy Blade","Twin Strike"],"picked":"Entrench","floor":13},{"not_picked":["Havoc","Warcry","Second Wind"],"picked":"SKIP","floor":14},{"not_picked":["Berserk","Fiend Fire"],"picked":"Demon Form","floor":16},{"not_picked":["Perfected Strike","Flex+1"],"picked":"Iron Wave","floor":18},{"not_picked":["Warcry","Demon Form"],"picked":"Disarm","floor":20},{"not_picked":["Wild Strike","Combust+1"],"picked":"Flame Barrier","floor":21},{"not_picked":["Iron Wave","Disarm"],"picked":"Body Slam","floor":22},{"not_picked":["Clash+1","Pommel Strike","Body Slam+1"],"picked":"SKIP","floor":24},{"not_picked":["Pommel Strike","Wild Strike"],"picked":"Double Tap","floor":30},{"not_picked":["Perfected Strike","Pummel"],"picked":"Thunderclap","floor":31},{"not_picked":["Brutality","Berserk"],"picked":"Demon Form","floor":33},{"not_picked":["Bloodletting","Uppercut","Wild Strike+1"],"picked":"SKIP","floor":35},{"not_picked":["Deep Breath","Metamorphosis"],"picked":"Enlightenment","floor":36},{"not_picked":["Twin Strike+1","Headbutt+1"],"picked":"Armaments+1","floor":37},{"not_picked":["Uppercut+1","Thunderclap"],"picked":"Shrug It Off","floor":39},{"not_picked":["Shrug It Off","Wild Strike+1","Havoc+1"],"picked":"SKIP","floor":45},{"not_picked":["Intimidate+1","Shrug It Off","Reckless Charge"],"picked":"SKIP","floor":46}],"player_experience":161814,"relics_obtained":[{"floor":6,"key":"Pear"},{"floor":9,"key":"Self Forming Clay"},{"floor":14,"key":"Mercury Hourglass"},{"floor":24,"key":"Sundial"},{"floor":26,"key":"Bag of Preparation"},{"floor":43,"key":"Bottled Tornado"}],"event_choices":[{"damage_healed":0,"gold_gain":0,"player_choice":"Upgraded","damage_taken":0,"max_hp_gain":0,"max_hp_loss":0,"event_name":"Upgrade Shrine","floor":5,"gold_loss":0,"cards_upgraded":["Inflame"]},{"damage_healed":0,"gold_gain":0,"player_choice":"Opened","damage_taken":0,"relics_obtained":["Gambling Chip"],"max_hp_gain":0,"max_hp_loss":0,"event_name":"The Mausoleum","floor":19,"gold_loss":0},{"damage_healed":0,"gold_gain":0,"cards_transformed":["Strike_R","Strike_R"],"player_choice":"Became Test Subject","damage_taken":0,"max_hp_gain":0,"max_hp_loss":0,"event_name":"Drug Dealer","floor":27,"gold_loss":0,"cards_obtained":["Fire Breathing","Shockwave"]},{"cards_removed":["Pommel Strike"],"damage_healed":0,"gold_gain":0,"player_choice":"Gave Card","damage_taken":0,"relics_obtained":["Juzu Bracelet"],"max_hp_gain":0,"max_hp_loss":0,"event_name":"WeMeetAgain","floor":29,"gold_loss":0},{"damage_healed":0,"gold_gain":0,"player_choice":"Memory 1","damage_taken":0,"max_hp_gain":0,"max_hp_loss":0,"event_name":"SensoryStone","floor":36,"gold_loss":0},{"damage_healed":0,"gold_gain":0,"player_choice":"Paid","damage_taken":0,"relics_obtained":["Red Mask"],"max_hp_gain":0,"max_hp_loss":0,"event_name":"Tomb of Lord Red Mask","floor":41,"gold_loss":47}],"is_beta":false,"boss_relics":[{"not_picked":["Eternal Feather","Tiny House"],"picked":"Black Blood"},{"not_picked":["Philosopher\u0027s Stone","Sozu"],"picked":"Velvet Choker"}],"items_purged_floors":[3],"is_endless":false,"potions_floor_spawned":[6,8,11,12,13,20,22,30,31,37,46],"ascension_level":3}