{"gold_per_floor":[11,25,25,25,43,43,68,68,119,119,146,146,179,179,179,257,257,277,30,30,129,15,15,47,47,47,47,67,67,86,97,97,169,169,187,287,298,317,317,317,331,351,351,363,363,363,363,33,33,33],"floor_reached":51,"playtime":5567,"items_purged":["Strike_R","Strike_R"],"score":1066,"play_id":"6de22bbe-d059-4d10-a1ca-82a030ac3784","local_time":"20190712200926","is_ascension_mode":true,"campfire_choices":[{"data":"Hemokinesis","floor":6.0,"key":"SMITH"},{"data":"True Grit","floor":8.0,"key":"SMITH"},{"data":"Bash","floor":10.0,"key":"SMITH"},{"data":"Shrug It Off","floor":12.0,"key":"SMITH"},{"floor":15.0,"key":"REST"},{"data":"Uppercut","floor":23.0,"key":"SMITH"},{"floor":25.0,"key":"REST"},{"data":"Disarm","floor":27.0,"key":"SMITH"},{"floor":32.0,"key":"REST"},{"data":"Bludgeon","floor":40,"key":"SMITH"},{"data":"True Grit","floor":45,"key":"SMITH"},{"data":"Demon Form","floor":47,"key":"SMITH"},{"data":"Shockwave","floor":49,"key":"SMITH"}],"neow_cost":"NO_GOLD","seed_source_timestamp":221225581706826,"circlet_count":0,"master_deck":["AscendersBane","Defend_R","Defend_R","Defend_R","Defend_R","Bash+1","Hemokinesis+1","Twin Strike+1","Sentinel+1","True Grit+1","Spot Weakness","Shrug It Off+1","Headbutt","Reaper+1","Reckless Charge+1","Disarm+1","Uppercut+1","True Grit+1","Shame","Bludgeon+1","Demon Form+1","Corruption+1","Shockwave+1","Headbutt+1","Disarm+1","Shockwave+1"],"special_seed":0,"relics":["Burning Blood","Boot","Smiling Mask","Sundial","Mercury Hourglass","Mark of Pain","Bronze Scales","Strawberry","Orichalcum","Singing Bowl","Snecko Eye","Dead Branch","Turnip","Red Skull","Whetstone"],"potions_floor_usage":[33,50,50],"damage_taken":[{"damage":11.0,"enemies":"Jaw Worm","floor":1.0,"turns":4.0},{"damage":3.0,"enemies":"Small Slimes","floor":2.0,"turns":3.0},{"damage":0.0,"enemies":"2 Louse","floor":5.0,"turns":3.0},{"damage":4.0,"enemies":"Gremlin Nob","floor":7.0,"turns":3.0},{"damage":36.0,"enemies":"Lagavulin","floor":11.0,"turns":6.0},{"damage":16.0,"enemies":"Gremlin Nob","floor":13.0,"turns":4.0},{"damage":18.0,"enemies":"The Guardian","floor":16.0,"turns":10.0},{"damage":5.0,"enemies":"3 Byrds","floor":18.0,"turns":4.0},{"damage":59.0,"enemies":"Gremlin Leader","floor":24.0,"turns":9.0},{"damage":6.0,"enemies":"Chosen","floor":28.0,"turns":4.0},{"damage":34.0,"enemies":"Snecko","floor":30.0,"turns":6.0},{"damage":17.0,"enemies":"Snake Plant","floor":31.0,"turns":4.0},{"damage":60,"enemies":"Collector","floor":33,"turns":10},{"damage":7,"enemies":"Orb Walker","floor":35,"turns":2},{"damage":9,"enemies":"Mind Bloom Boss Battle","floor":36,"turns":6},{"damage":9,"enemies":"3 Darklings","floor":37,"turns":3},{"damage":38,"enemies":"Jaw Worm Horde","floor":38,"turns":5},{"damage":15,"enemies":"4 Shapes","floor":41,"turns":5},{"damage":2,"enemies":"Maw","floor":42,"turns":5},{"damage":0,"enemies":"Transient","floor":44,"turns":5},{"damage":50,"enemies":"Time Eater","floor":50,"turns":6}],"seed_played":"-5705792536989511550","potions_obtained":[{"floor":2.0,"key":"Strength Potion"},{"floor":5.0,"key":"FearPotion"},{"floor":7.0,"key":"BloodPotion"},{"floor":24.0,"key":"Block Potion"},{"floor":30.0,"key":"Dexterity Potion"},{"floor":36,"key":"EssenceOfSteel"},{"floor":41,"key":"Dexterity Potion"},{"floor":44,"key":"FearPotion"}],"is_trial":false,"path_per_floor":["M","M","?","?","M","R","E","R","T","R","E","R","E","?","R","B",null,"M","$","?","?","$","R","E","R","T","R","M","?","M","M","R","B",null,"M","?","M","M","?","R","M","M","T","M","R","?","R","$","R","B",null],"character_chosen":"IRONCLAD","items_purchased":["Bronze Scales","Strength Potion","Disarm","Uppercut","Dexterity Potion","Whetstone","Shockwave"],"campfire_rested":3,"item_purchase_floors":[19,19,22,22,48,48,48],"current_hp_per_floor":[67,70,70,54,60,60,62,62,62,62,52,52,42,47,72,60,79,85,85,69,69,69,69,44,73,73,73,73,73,51,49,78,24,80,91,94,100,88,88,88,103,105,105,107,107,107,107,107,107,63],"gold":33,"neow_bonus":"REMOVE_TWO","is_prod":false,"is_daily":false,"chose_seed":false,"campfire_upgraded":10,"win_rate":0,"timestamp":1562976566,"path_taken":["M","M","?","?","M","R","E","R","T","R","E","R","E","?","R","BOSS","M","$","?","?","?","R","E","R","T","R","M","?","?","M","R","BOSS","M","?","M","M","?","R","?","M","T","M","R","?","R","$","R","BOSS"],"build_version":"2019-07-05","purchased_purges":2,"victory":true,"max_hp_per_floor":[80,80,80,80,80,80,80,80,80,80,80,80,80,85,85,85,85,85,85,90,90,90,90,97,97,97,97,97,97,97,99,99,99,99,101,101,103,103,103,103,103,105,105,107,107,107,107,107,107,107],"card_choices":[{"not_picked":["Cleave","Clothesline"],"picked":"Hemokinesis","floor":1.0},{"not_picked":["Sword Boomerang","Warcry"],"picked":"Twin Strike","floor":2.0},{"not_picked":["Feel No Pain","Heavy Blade"],"picked":"True Grit","floor":5.0},{"not_picked":["Shockwave","Intimidate"],"picked":"Spot Weakness","floor":7.0},{"not_picked":["Battle Trance","Seeing Red"],"picked":"Shrug It Off","floor":11.0},{"not_picked":["Rage","Warcry"],"picked":"Headbutt","floor":13.0},{"not_picked":["Impervious","Demon Form"],"picked":"Reaper","floor":16.0},{"not_picked":["Second Wind","Armaments+1"],"picked":"Reckless Charge","floor":18.0},{"not_picked":["Perfected Strike","Body Slam","Clash+1"],"picked":"SKIP","floor":24.0},{"not_picked":["Clash","Iron Wave"],"picked":"True Grit","floor":28.0},{"not_picked":["Shrug It Off","Sentinel"],"picked":"Bludgeon","floor":30.0},{"not_picked":["True Grit","Flex","Spot Weakness"],"picked":"Singing Bowl","floor":31.0},{"not_picked":["Offering","Limit Break"],"picked":"Demon Form","floor":33},{"not_picked":["Havoc","Clothesline","Flex"],"picked":"Singing Bowl","floor":35},{"not_picked":["Perfected Strike","Armaments"],"picked":"Corruption+1","floor":36},{"not_picked":["Sword Boomerang","Clash","Twin Strike"],"picked":"Singing Bowl","floor":37},{"not_picked":["Heavy Blade+1","Demon Form"],"picked":"Shockwave+1","floor":38},{"not_picked":["Entrench","Pommel Strike"],"picked":"Headbutt+1","floor":41},{"not_picked":["Wild Strike","True Grit","Clothesline"],"picked":"Singing Bowl","floor":42},{"not_picked":["Corruption","Hemokinesis","Fire Breathing+1"],"picked":"Singing Bowl","floor":44}],"player_experience":497314,"relics_obtained":[{"floor":7.0,"key":"Boot"},{"floor":9.0,"key":"Smiling Mask"},{"floor":11.0,"key":"Sundial"},{"floor":13.0,"key":"Mercury Hourglass"},{"floor":24.0,"key":"Strawberry"},{"floor":26.0,"key":"Orichalcum"},{"floor":36,"key":"Dead Branch"},{"floor":43,"key":"Red Skull"}],"event_choices":[{"damage_healed":0.0,"max_hp_gain":0.0,"max_hp_loss":0.0,"gold_gain":0.0,"cards_transformed":["Strike_R"],"event_name":"Living Wall","player_choice":"Change","floor":3.0,"gold_loss":0.0,"damage_taken":0.0,"cards_obtained":["Sentinel"]},{"damage_healed":0.0,"max_hp_gain":0.0,"max_hp_loss":0.0,"gold_gain":0.0,"event_name":"Shining Light","player_choice":"Entered Light","floor":4.0,"gold_loss":0.0,"damage_taken":16.0,"cards_upgraded":["Twin Strike","Sentinel"]},{"damage_healed":0.0,"max_hp_gain":5.0,"max_hp_loss":0.0,"gold_gain":0.0,"event_name":"Big Fish","player_choice":"Donut","floor":14.0,"gold_loss":0.0,"damage_taken":0.0},{"damage_healed":0.0,"max_hp_gain":5.0,"max_hp_loss":0.0,"gold_gain":0.0,"event_name":"Forgotten Altar","player_choice":"Shed Blood","floor":20.0,"gold_loss":0.0,"damage_taken":21.0},{"damage_healed":0.0,"max_hp_gain":0.0,"max_hp_loss":0.0,"gold_gain":99.0,"event_name":"Nest","player_choice":"Stole From Cult","floor":21.0,"gold_loss":0.0,"damage_taken":0.0},{"damage_healed":0.0,"max_hp_gain":0.0,"max_hp_loss":0.0,"gold_gain":0.0,"event_name":"Addict","player_choice":"Stole Relic","floor":29.0,"gold_loss":0.0,"damage_taken":0.0,"relics_obtained":["Singing Bowl"],"cards_obtained":["Shame"]},{"damage_healed":0,"gold_gain":0,"player_choice":"Fight","damage_taken":0,"max_hp_gain":0,"max_hp_loss":0,"event_name":"MindBloom","floor":36,"gold_loss":0},{"damage_healed":0,"gold_gain":0,"player_choice":"Gave Potion","damage_taken":0,"relics_obtained":["Turnip"],"max_hp_gain":0,"max_hp_loss":0,"event_name":"WeMeetAgain","floor":39,"gold_loss":0},{"damage_healed":0,"gold_gain":0,"player_choice":"Copied","damage_taken":0,"max_hp_gain":0,"max_hp_loss":0,"event_name":"Duplicator","floor":46,"gold_loss":0,"cards_obtained":["Disarm"]}],"is_beta":false,"boss_relics":[{"not_picked":["Coffee Dripper","White Beast Statue"],"picked":"Mark of Pain"},{"not_picked":["Velvet Choker","Runic Pyramid"],"picked":"Snecko Eye"}],"items_purged_floors":[19,48],"is_endless":false,"potions_floor_spawned":[2,5,7,24,30,36,41,44],"ascension_level":13}