{"gold_per_floor":[114,126,126,126,126,126,157,157,184,203,203,217,260,48,48,147,147,170,120,136,136,61,94,44,59,59,98,98,121,121,145,145,145],"floor_reached":33,"playtime":1295,"items_purged":["Strike_G"],"score":636,"play_id":"8d305091-ca2d-4ef5-bdea-c137df44eb3d","local_time":"20190529215636","is_ascension_mode":true,"campfire_choices":[{"data":"Dash","floor":6,"key":"SMITH"},{"data":"Dagger Spray","floor":8,"key":"SMITH"},{"data":"Footwork","floor":11,"key":"SMITH"},{"data":"Caltrops","floor":15,"key":"SMITH"},{"data":"Wraith Form v2","floor":28,"key":"SMITH"},{"floor":30,"key":"REST"},{"data":"Envenom","floor":32,"key":"SMITH"}],"neow_cost":"NONE","seed_source_timestamp":61377305613656,"circlet_count":0,"master_deck":["AscendersBane","Defend_G","Defend_G","Defend_G","Defend_G","Defend_G+1","Strike_G+1","Survivor+1","Neutralize+1","Dash+1","Bouncing Flask+1","Dagger Spray+1","Footwork+1","Dagger Spray","Dodge and Roll","Caltrops+1","Wraith Form v2+1","Bullet Time+1","Backflip+1","Adrenaline+1","Blade Dance+1","Leg Sweep","PiercingWail","Glass Knife","Envenom+1","Flechettes","Dodge and Roll"],"relics":["Ring of the Snake","NeowsBlessing","Golden Idol","PreservedInsect","Orichalcum","Snake Skull","Bag of Marbles","Astrolabe","Paper Crane","Ancient Tea Set","Dream Catcher"],"potions_floor_usage":[13,31],"damage_taken":[{"damage":0,"enemies":"Cultist","floor":1,"turns":1},{"damage":0,"enemies":"Small Slimes","floor":2,"turns":1},{"damage":0,"enemies":"Gremlin Nob","floor":7,"turns":1},{"damage":0,"enemies":"Jaw Worm","floor":10,"turns":2},{"damage":0,"enemies":"Looter","floor":12,"turns":4},{"damage":10,"enemies":"Lagavulin","floor":13,"turns":5},{"damage":4,"enemies":"Hexaghost","floor":16,"turns":8},{"damage":0,"enemies":"2 Thieves","floor":18,"turns":4},{"damage":6,"enemies":"Shell Parasite","floor":20,"turns":6},{"damage":4,"enemies":"Gremlin Leader","floor":23,"turns":6},{"damage":5,"enemies":"3 Cultists","floor":25,"turns":5},{"damage":12,"enemies":"Slavers","floor":27,"turns":4},{"damage":12,"enemies":"Centurion and Healer","floor":29,"turns":10},{"damage":0,"enemies":"Chosen and Byrds","floor":31,"turns":3},{"damage":31,"enemies":"Automaton","floor":33,"turns":4}],"seed_played":"-5940636535139175498","potions_obtained":[{"floor":1,"key":"EssenceOfSteel"},{"floor":2,"key":"Regen Potion"},{"floor":12,"key":"Strength Potion"},{"floor":16,"key":"Ancient Potion"},{"floor":27,"key":"Ancient Potion"},{"floor":29,"key":"Energy Potion"}],"is_trial":false,"path_per_floor":["M","M","?","?","?","R","E","R","T","M","R","M","E","$","R","B",null,"M","?","M","?","$","E","?","M","T","E","R","M","R","M","R","B"],"character_chosen":"THE_SILENT","items_purchased":["Bag of Marbles","Caltrops"],"campfire_rested":1,"item_purchase_floors":[14,14],"current_hp_per_floor":[59,59,39,39,39,39,39,39,39,39,39,39,29,29,29,25,51,51,51,45,45,45,41,41,36,36,24,24,12,30,30,30,0],"gold":145,"neow_bonus":"THREE_ENEMY_KILL","is_prod":false,"is_daily":false,"chose_seed":false,"campfire_upgraded":6,"win_rate":0,"timestamp":1559184996,"path_taken":["M","?","?","?","?","R","E","R","T","?","R","M","E","$","R","BOSS","M","?","?","?","$","E","?","M","T","E","R","?","R","M","R","BOSS"],"build_version":"2019-01-23","purchased_purges":1,"victory":false,"max_hp_per_floor":[66,66,66,60,60,60,60,60,60,60,60,60,60,60,60,60,60,60,60,60,60,60,60,60,60,60,60,60,60,60,60,60,60],"card_choices":[{"not_picked":["Bouncing Flask","Cloak And Dagger"],"picked":"Dash","floor":1},{"not_picked":["Dagger Throw","Dodge and Roll"],"picked":"Bouncing Flask","floor":2},{"not_picked":["Setup","Dodge and Roll"],"picked":"Dagger Spray","floor":7},{"not_picked":["Accuracy","Reflex"],"picked":"Footwork","floor":10},{"not_picked":["Heel Hook","Quick Slash"],"picked":"Dagger Spray","floor":12},{"not_picked":["Underhanded Strike","Setup"],"picked":"Dodge and Roll","floor":13},{"not_picked":["Venomology","Bullet Time"],"picked":"Wraith Form v2","floor":16},{"not_picked":["Acrobatics","Concentrate"],"picked":"Blade Dance+1","floor":18},{"not_picked":["All Out Attack","Outmaneuver"],"picked":"Leg Sweep","floor":20},{"not_picked":["Choke","Blade Dance"],"picked":"PiercingWail","floor":23},{"not_picked":["Slice","Backstab"],"picked":"Glass Knife","floor":25},{"not_picked":["Prepared","Underhanded Strike+1","Sucker Punch"],"picked":"SKIP","floor":27},{"not_picked":["Backflip+1","Heel Hook"],"picked":"Envenom","floor":29},{"not_picked":["Quick Slash","Flying Knee"],"picked":"Flechettes","floor":30},{"not_picked":["Finisher","Eviscerate"],"picked":"Dodge and Roll","floor":31}],"player_experience":1599570,"relics_obtained":[{"floor":7,"key":"PreservedInsect"},{"floor":9,"key":"Orichalcum"},{"floor":13,"key":"Snake Skull"},{"floor":23,"key":"Paper Crane"},{"floor":26,"key":"Ancient Tea Set"},{"floor":27,"key":"Dream Catcher"}],"event_choices":[{"damage_healed":0,"gold_gain":0,"player_choice":"Entered Light","damage_taken":20,"max_hp_gain":0,"max_hp_loss":0,"event_name":"Shining Light","floor":3,"gold_loss":0,"cards_upgraded":["Neutralize","Strike_G"]},{"damage_healed":0,"gold_gain":0,"player_choice":"Lose Max HP","damage_taken":0,"relics_obtained":["Golden Idol"],"max_hp_gain":0,"max_hp_loss":6,"event_name":"Golden Idol","floor":4,"gold_loss":0},{"damage_healed":0,"gold_gain":0,"player_choice":"Grow","damage_taken":0,"max_hp_gain":0,"max_hp_loss":0,"event_name":"Living Wall","floor":5,"gold_loss":0,"cards_upgraded":["Bouncing Flask"]},{"damage_healed":0,"gold_gain":0,"player_choice":"Bet on Murderer","damage_taken":0,"max_hp_gain":0,"max_hp_loss":0,"event_name":"The Joust","floor":19,"gold_loss":50},{"damage_healed":0,"gold_gain":0,"player_choice":"Ignored","damage_taken":0,"max_hp_gain":0,"max_hp_loss":0,"event_name":"The Mausoleum","floor":21,"gold_loss":0},{"damage_healed":0,"gold_gain":0,"player_choice":"Upgraded Two","damage_taken":0,"max_hp_gain":0,"max_hp_loss":0,"event_name":"Designer","floor":24,"gold_loss":50,"cards_upgraded":["Defend_G","Survivor"]}],"is_beta":false,"boss_relics":[{"not_picked":["WristBlade","Busted Crown"],"picked":"Astrolabe"}],"items_purged_floors":[22],"is_endless":false,"potions_floor_spawned":[1,2,12,16,18,27,29],"killed_by":"Automaton","ascension_level":20}