{"gold_per_floor":[109,124,10,26,301,327,344,371,371,371,396,396,471,499,499,570,570,586,60,60,79,92,121,121,149,201,201,42,61,89,121,121,195,195,215,226,65,80,93,93,123,138,138,138,168,194,238,264,276,288,300,312,324,49,49],"floor_reached":55,"playtime":3975,"items_purged":["Strike_R","Regret","Strike_R","Strike_R"],"score":1989,"play_id":"660db39c-a871-44e7-8ec4-4efca394347f","local_time":"20190529232502","is_ascension_mode":true,"campfire_choices":[{"floor":10,"key":"REST"},{"floor":12,"key":"REST"},{"data":"Disarm","floor":15,"key":"SMITH"},{"data":"Anger","floor":24,"key":"SMITH"},{"data":"Immolate","floor":27,"key":"SMITH"},{"data":"Uppercut","floor":32,"key":"SMITH"},{"floor":40,"key":"RECALL"}],"neow_cost":"PERCENT_DAMAGE","seed_source_timestamp":63850043840938,"circlet_count":0,"master_deck":["AscendersBane","Defend_R","Defend_R","Defend_R","Defend_R","Bash","Headbutt","Pommel Strike","Anger+1","Uppercut+1","Spot Weakness","Shrug It Off","Disarm+1","Power Through","Immolate+1","Armaments+1","Reaper","Warcry+1","Corruption+1","True Grit+1","True Grit+1","True Grit+1","Dual Wield+1","Disarm+1","Reaper","True Grit+1","Armaments+1","Shrug It Off+1","Headbutt","Burning Pact+1","Thunderclap","Feel No Pain","Headbutt+1","Power Through+1","Feel No Pain"],"special_seed":0,"relics":["Burning Blood","Bronze Scales","Lantern","Bag of Preparation","Smiling Mask","Toxic Egg 2","Coffee Dripper","Pen Nib","Omamori","Anchor","Centennial Puzzle","Potion Belt","Red Mask","Regal Pillow","Fusion Hammer","Du-Vu Doll","MawBank","Orichalcum","Lee\u0027s Waffle"],"potions_floor_usage":[8,16,23,25,31,33,38,41,50,55],"damage_taken":[{"damage":1.0,"enemies":"Cultist","floor":1.0,"turns":3.0},{"damage":7.0,"enemies":"Jaw Worm","floor":2.0,"turns":2.0},{"damage":0.0,"enemies":"Small Slimes","floor":4.0,"turns":3.0},{"damage":39.0,"enemies":"3 Sentries","floor":6.0,"turns":7.0},{"damage":14.0,"enemies":"Red Slaver","floor":7.0,"turns":6.0},{"damage":29,"enemies":"Gremlin Nob","floor":8,"turns":4},{"damage":12,"enemies":"3 Sentries","floor":14,"turns":4},{"damage":25,"enemies":"Hexaghost","floor":16,"turns":7},{"damage":0,"enemies":"Chosen","floor":18,"turns":4},{"damage":0,"enemies":"3 Byrds","floor":21,"turns":2},{"damage":0,"enemies":"Snake Plant","floor":22,"turns":2},{"damage":24,"enemies":"Gremlin Leader","floor":23,"turns":8},{"damage":4,"enemies":"Book of Stabbing","floor":25,"turns":4},{"damage":16,"enemies":"Sentry and Sphere","floor":29,"turns":5},{"damage":18,"enemies":"Masked Bandits","floor":30,"turns":4},{"damage":15,"enemies":"Gremlin Leader","floor":31,"turns":8},{"damage":83,"enemies":"Collector","floor":33,"turns":9},{"damage":4,"enemies":"Orb Walker","floor":35,"turns":3},{"damage":39,"enemies":"3 Darklings","floor":36,"turns":5},{"damage":61,"enemies":"Spire Growth","floor":38,"turns":7},{"damage":6,"enemies":"Writhing Mass","floor":39,"turns":6},{"damage":2,"enemies":"Reptomancer","floor":41,"turns":5},{"damage":0,"enemies":"4 Shapes","floor":42,"turns":1},{"damage":31,"enemies":"Spire Growth","floor":45,"turns":5},{"damage":13,"enemies":"Writhing Mass","floor":46,"turns":5},{"damage":15,"enemies":"Giant Head","floor":47,"turns":7},{"damage":73,"enemies":"Transient","floor":48,"turns":6},{"damage":28,"enemies":"Awakened One","floor":50,"turns":10},{"damage":54,"enemies":"Time Eater","floor":51,"turns":15},{"damage":100,"enemies":"Shield and Spear","floor":55,"turns":8}],"seed_played":"-2857410268865295891","potions_obtained":[{"floor":4.0,"key":"LiquidBronze"},{"floor":6.0,"key":"Regen Potion"},{"floor":8,"key":"PowerPotion"},{"floor":14,"key":"Explosive Potion"},{"floor":16,"key":"LiquidBronze"},{"floor":18,"key":"AttackPotion"},{"floor":29,"key":"LiquidBronze"},{"floor":30,"key":"SpeedPotion"},{"floor":33,"key":"Dexterity Potion"},{"floor":39,"key":"PowerPotion"},{"floor":41,"key":"Block Potion"},{"floor":46,"key":"PowerPotion"}],"is_trial":false,"path_per_floor":["M","M","$","M","?","E","M","E","T","R","T","R","?","E","R","B",null,"M","$","?","M","M","E","R","E","T","R","$","M","?","E","R","B",null,"M","M","$","M","M","R","E","M","T","?","M","M","E","M","R","B","B",null,"R","$","E"],"character_chosen":"IRONCLAD","items_purchased":["Spot Weakness","Corruption","Pen Nib","Omamori","True Grit+1","Block Potion","Swift Potion","Armaments+1","Swift Potion","Feel No Pain","Lee\u0027s Waffle"],"campfire_rested":2,"item_purchase_floors":[3,19,19,19,19,28,28,37,37,54,54],"current_hp_per_floor":[55,54,54,60,60,27,33,10,10,32,32,54,43,37,37,18,61,73,73,73,75,75,75,75,75,75,75,75,65,65,75,75,8,58,75,73,73,49,75,75,75,75,75,75,75,75,66,17,17,75,40,66,66,82,0],"gold":49,"neow_bonus":"TRANSFORM_TWO_CARDS","is_prod":false,"is_daily":false,"chose_seed":false,"campfire_upgraded":4,"win_rate":0,"timestamp":1559190302,"path_taken":["M","M","?","M","?","E","?","E","T","R","?","R","?","E","R","BOSS","M","$","?","M","?","E","R","E","T","R","?","?","?","E","R","BOSS","M","M","$","M","M","R","E","M","T","?","?","M","E","M","R","BOSS","BOSS","R","$","E"],"build_version":"2019-01-23","purchased_purges":4,"victory":false,"max_hp_per_floor":[75,75,75,75,75,75,75,75,75,75,75,75,75,75,75,75,75,75,75,75,75,75,75,75,75,75,75,75,75,75,75,75,75,75,75,75,75,75,75,75,75,75,75,75,75,75,75,75,75,75,75,75,75,82,82],"card_choices":[{"not_picked":["Pommel Strike","Sever Soul"],"picked":"Anger","floor":1.0},{"not_picked":["True Grit","Clothesline"],"picked":"Uppercut","floor":2.0},{"not_picked":["Blood for Blood","Warcry"],"picked":"Shrug It Off","floor":4.0},{"not_picked":["Flex","Wild Strike"],"picked":"Disarm","floor":6.0},{"not_picked":["Twin Strike","Blood for Blood"],"picked":"Power Through","floor":7.0},{"not_picked":["Flame Barrier","Headbutt"],"picked":"Immolate","floor":8},{"not_picked":["Uppercut","Body Slam"],"picked":"Armaments","floor":14},{"not_picked":["Impervious+1","Berserk"],"picked":"Reaper","floor":16},{"not_picked":["Flex+1","Thunderclap"],"picked":"Warcry+1","floor":18},{"not_picked":["Body Slam","Anger"],"picked":"True Grit+1","floor":21},{"not_picked":["Warcry+1","Sever Soul"],"picked":"True Grit+1","floor":22},{"not_picked":["Bludgeon","Metallicize","Clothesline"],"picked":"SKIP","floor":23},{"not_picked":["Second Wind+1","Pommel Strike"],"picked":"Dual Wield+1","floor":25},{"not_picked":["Metallicize","Cleave"],"picked":"Disarm+1","floor":29},{"not_picked":["Rupture","Twin Strike","Body Slam"],"picked":"SKIP","floor":31},{"not_picked":["Bludgeon","Berserk"],"picked":"Reaper","floor":33},{"not_picked":["Anger+1","Uppercut+1"],"picked":"True Grit+1","floor":35},{"not_picked":["Twin Strike","Uppercut","Flex+1"],"picked":"SKIP","floor":36},{"not_picked":["Pommel Strike+1","Clash+1"],"picked":"Shrug It Off+1","floor":38},{"not_picked":["Fire Breathing","Twin Strike"],"picked":"Headbutt","floor":39},{"not_picked":["Perfected Strike","Corruption"],"picked":"Burning Pact+1","floor":41},{"not_picked":["Second Wind+1","Combust"],"picked":"Thunderclap","floor":42},{"not_picked":["Metallicize","Twin Strike","Thunderclap"],"picked":"SKIP","floor":45},{"not_picked":["True Grit+1","Wild Strike"],"picked":"Feel No Pain","floor":46},{"not_picked":["Rupture","Clash"],"picked":"Headbutt+1","floor":47},{"not_picked":["Cleave","Flex+1"],"picked":"Power Through+1","floor":48}],"player_experience":1602022,"relics_obtained":[{"floor":6.0,"key":"Bronze Scales"},{"floor":8,"key":"Lantern"},{"floor":9,"key":"Bag of Preparation"},{"floor":11,"key":"Smiling Mask"},{"floor":14,"key":"Toxic Egg 2"},{"floor":23,"key":"Anchor"},{"floor":25,"key":"Centennial Puzzle"},{"floor":26,"key":"Potion Belt"},{"floor":30,"key":"Red Mask"},{"floor":31,"key":"Regal Pillow"},{"floor":41,"key":"Du-Vu Doll"},{"floor":44,"key":"MawBank"},{"floor":47,"key":"Orichalcum"}],"event_choices":[{"damage_healed":0.0,"max_hp_gain":0.0,"max_hp_loss":0.0,"gold_gain":275.0,"event_name":"Golden Shrine","player_choice":"Desecrate","floor":5.0,"gold_loss":0.0,"damage_taken":0.0,"cards_obtained":["Regret"]},{"damage_healed":0,"gold_gain":75,"player_choice":"Gather Gold","damage_taken":11,"max_hp_gain":0,"max_hp_loss":0,"event_name":"World of Goop","floor":13,"gold_loss":0},{"damage_healed":0,"gold_gain":0,"player_choice":"Upgraded","damage_taken":0,"max_hp_gain":0,"max_hp_loss":0,"event_name":"Upgrade Shrine","floor":20,"gold_loss":0,"cards_upgraded":["Corruption"]},{"damage_healed":0,"gold_gain":0,"player_choice":"Fought Bandits","damage_taken":0,"max_hp_gain":0,"max_hp_loss":0,"event_name":"Masked Bandits","floor":30,"gold_loss":0},{"damage_healed":0,"gold_gain":0,"player_choice":"Relic","damage_taken":0,"max_hp_gain":0,"max_hp_loss":0,"event_name":"Wheel of Change","floor":44,"gold_loss":0}],"is_beta":false,"boss_relics":[{"not_picked":["Cursed Key","Tiny House"],"picked":"Coffee Dripper"},{"not_picked":["Mark of Pain","Runic Dome"],"picked":"Fusion Hammer"}],"items_purged_floors":[3,19,28,37],"is_endless":false,"potions_floor_spawned":[4,6,8,14,16,18,29,30,33,39,41,46,48],"killed_by":"Shield and Spear","ascension_level":20}