{"gold_per_floor":[18,33,53,64,64,64,96,115,115,115,135,153,171,204,204,281,281,292,292,302,322,81,81,100,100,100,100,111,111,127,46,46,120,120,132,132,150,0,0,0,28,28,28,40,40,40,140,150,150,150,150],"floor_reached":52,"playtime":2209,"items_purged":["Anger"],"score":1867,"play_id":"c7ec569b-f7fe-48c2-b64c-255fdebc2d88","local_time":"20190711223022","is_ascension_mode":true,"campfire_choices":[{"data":"Armaments","floor":6.0,"key":"SMITH"},{"data":"Iron Wave","floor":10.0,"key":"SMITH"},{"data":"Uppercut","floor":15.0,"key":"SMITH"},{"data":"Demon Form","floor":23.0,"key":"SMITH"},{"floor":27.0,"key":"REST"},{"data":"Disarm","floor":29.0,"key":"SMITH"},{"data":"Shockwave","floor":32.0,"key":"SMITH"},{"data":"Barricade","floor":40,"key":"SMITH"},{"data":"Rage","floor":42,"key":"SMITH"},{"floor":46,"key":"REST"},{"data":"Body Slam","floor":49,"key":"SMITH"}],"neow_cost":"NO_GOLD","seed_source_timestamp":0,"circlet_count":0,"master_deck":["AscendersBane","Strike_R+1","Strike_R+1","Strike_R+1","Defend_R+1","Defend_R+1","Defend_R+1","Defend_R+1","Bash","Shockwave+1","Iron Wave+1","Disarm+1","Armaments+1","Clothesline","Uppercut+1","Second Wind","Rage+1","Carnage","Demon Form+1","Pommel Strike","Twin Strike","True Grit+1","Shrug It Off+1","Power Through","Barricade+1","Evolve","Shrug It Off","Disarm","Heavy Blade","Feed","Entrench","Entrench+1","Headbutt+1","Blind","Bandage Up","Body Slam+1"],"special_seed":0,"relics":["Burning Blood","Singing Bowl","Pantograph","Anchor","Velvet Choker","Oddly Smooth Stone","Meat on the Bone","Orrery","Red Mask","Torii","Question Card","Unceasing Top"],"potions_floor_usage":[35,48],"damage_taken":[{"damage":8.0,"enemies":"Small Slimes","floor":1.0,"turns":4.0},{"damage":7.0,"enemies":"Cultist","floor":2.0,"turns":4.0},{"damage":4.0,"enemies":"2 Louse","floor":3.0,"turns":3.0},{"damage":3.0,"enemies":"Exordium Wildlife","floor":4.0,"turns":4.0},{"damage":36.0,"enemies":"Lagavulin","floor":7.0,"turns":9.0},{"damage":9.0,"enemies":"3 Louse","floor":8.0,"turns":4.0},{"damage":1.0,"enemies":"2 Fungi Beasts","floor":11.0,"turns":4.0},{"damage":4.0,"enemies":"Looter","floor":12.0,"turns":3.0},{"damage":5.0,"enemies":"Red Slaver","floor":13.0,"turns":4.0},{"damage":20.0,"enemies":"3 Sentries","floor":14.0,"turns":11.0},{"damage":28.0,"enemies":"The Guardian","floor":16.0,"turns":12.0},{"damage":23.0,"enemies":"2 Thieves","floor":18.0,"turns":4.0},{"damage":10.0,"enemies":"Chosen","floor":20.0,"turns":5.0},{"damage":39.0,"enemies":"3 Cultists","floor":21.0,"turns":6.0},{"damage":39.0,"enemies":"Sentry and Sphere","floor":24.0,"turns":6.0},{"damage":17.0,"enemies":"Shelled Parasite and Fungi","floor":28.0,"turns":6.0},{"damage":25.0,"enemies":"Cultist and Chosen","floor":30.0,"turns":6.0},{"damage":41.0,"enemies":"Champ","floor":33.0,"turns":11.0},{"damage":25,"enemies":"Orb Walker","floor":35,"turns":6},{"damage":27,"enemies":"3 Shapes","floor":37,"turns":8},{"damage":7,"enemies":"Nemesis","floor":41,"turns":9},{"damage":32,"enemies":"Maw","floor":44,"turns":10},{"damage":11,"enemies":"Mind Bloom Boss Battle","floor":47,"turns":7},{"damage":21,"enemies":"3 Darklings","floor":48,"turns":10},{"damage":52,"enemies":"Awakened One","floor":50,"turns":15},{"damage":9,"enemies":"Time Eater","floor":51,"turns":18}],"seed_played":"-3954656695080702185","potions_obtained":[{"floor":1.0,"key":"Block Potion"},{"floor":2.0,"key":"Strength Potion"},{"floor":12.0,"key":"Swift Potion"},{"floor":14.0,"key":"GamblersBrew"},{"floor":18.0,"key":"BloodPotion"},{"floor":33.0,"key":"SteroidPotion"},{"floor":35,"key":"SneckoOil"},{"floor":44,"key":"Swift Potion"}],"is_trial":false,"path_per_floor":["M","M","M","M","?","R","E","M","T","R","M","M","M","E","R","B",null,"M","?","M","M","$","R","M","?","T","R","M","R","M","$","R","B",null,"M","?","M","?","$","R","E","R","T","M","?","R","?","M","R","B","B",null],"character_chosen":"IRONCLAD","items_purchased":["Oddly Smooth Stone","Power Through"],"campfire_rested":2,"item_purchase_floors":[22,31],"current_hp_per_floor":[80,79,81,84,84,84,54,51,51,51,56,58,59,45,45,48,79,62,62,58,47,47,47,14,14,14,40,43,43,38,38,38,40,80,61,61,55,55,55,55,60,60,60,49,41,73,102,91,91,66,92],"gold":150,"neow_bonus":"TWENTY_PERCENT_HP_BONUS","is_prod":false,"is_daily":false,"chose_seed":false,"campfire_upgraded":9,"win_rate":0,"timestamp":1562851822,"path_taken":["M","M","M","M","?","R","E","?","T","R","M","M","M","E","R","BOSS","M","?","M","M","$","R","M","?","T","R","M","R","M","$","R","BOSS","M","?","M","?","?","R","E","R","T","M","?","R","?","?","R","BOSS","BOSS"],"build_version":"2019-07-05","purchased_purges":1,"victory":true,"max_hp_per_floor":[89,89,89,89,89,89,89,89,89,89,89,89,89,89,89,89,89,89,89,89,89,89,89,89,89,89,89,91,91,93,93,93,93,93,93,93,96,96,96,96,102,102,102,105,107,107,112,112,112,112,112],"card_choices":[{"not_picked":["Burning Pact","Armaments"],"picked":"Shockwave","floor":1.0},{"not_picked":["Twin Strike","Rage"],"picked":"Iron Wave","floor":2.0},{"not_picked":["Perfected Strike","Intimidate"],"picked":"Disarm","floor":3.0},{"not_picked":["Disarm","Evolve"],"picked":"Armaments","floor":4.0},{"not_picked":["Heavy Blade","Clash"],"picked":"Anger","floor":7.0},{"not_picked":["Shrug It Off","Wild Strike"],"picked":"Clothesline","floor":8.0},{"not_picked":["Wild Strike","Impervious"],"picked":"Uppercut","floor":11.0},{"not_picked":["Heavy Blade","Whirlwind"],"picked":"Second Wind","floor":12.0},{"not_picked":["Clash","Body Slam"],"picked":"Rage","floor":13.0},{"not_picked":["Perfected Strike","Sentinel"],"picked":"Carnage","floor":14.0},{"not_picked":["Fiend Fire","Dark Embrace"],"picked":"Demon Form","floor":16.0},{"not_picked":["Cleave+1","Rage"],"picked":"Pommel Strike","floor":18.0},{"not_picked":["Carnage","Cleave"],"picked":"Twin Strike","floor":20.0},{"not_picked":["Searing Blow","Feel No Pain"],"picked":"True Grit+1","floor":21.0},{"not_picked":["Wild Strike+1","Flex"],"picked":"Shrug It Off+1","floor":24.0},{"not_picked":["Rampage","Dropkick","Perfected Strike+1"],"picked":"Singing Bowl","floor":28.0},{"not_picked":["Havoc","Rage","Cleave"],"picked":"Singing Bowl","floor":30.0},{"not_picked":["Dark Embrace","Berserk"],"picked":"Barricade","floor":33.0},{"not_picked":["Shrug It Off+1","Perfected Strike"],"picked":"Evolve","floor":34},{"not_picked":["Seeing Red","Flex"],"picked":"Shrug It Off","floor":34},{"not_picked":["Headbutt+1","Combust"],"picked":"Disarm","floor":34},{"not_picked":["Infernal Blade","Armaments"],"picked":"Heavy Blade","floor":34},{"not_picked":["Blood for Blood","Sever Soul"],"picked":"Feed","floor":34},{"not_picked":["Pommel Strike","Whirlwind"],"picked":"Entrench","floor":35},{"not_picked":["Clash+1","Armaments+1"],"picked":"Entrench+1","floor":37},{"not_picked":["Body Slam","Clash","Cleave"],"picked":"Singing Bowl","floor":41},{"not_picked":["Flex","Intimidate","Uppercut"],"picked":"Headbutt+1","floor":44},{"not_picked":["Impatience","Swift Strike","PanicButton"],"picked":"Blind","floor":45},{"not_picked":["Forethought","Mind Blast","HandOfGreed"],"picked":"Bandage Up","floor":45},{"not_picked":["Trip","Mind Blast","PanicButton","Dramatic Entrance"],"picked":"Singing Bowl","floor":45},{"not_picked":["Heavy Blade+1","Disarm","Sword Boomerang","Shockwave"],"picked":"Singing Bowl","floor":47},{"not_picked":["Havoc","Second Wind","Whirlwind"],"picked":"Body Slam","floor":48}],"player_experience":764964,"relics_obtained":[{"floor":7.0,"key":"Singing Bowl"},{"floor":9.0,"key":"Pantograph"},{"floor":14.0,"key":"Anchor"},{"floor":26.0,"key":"Meat on the Bone"},{"floor":41,"key":"Torii"},{"floor":43,"key":"Question Card"},{"floor":47,"key":"Unceasing Top"}],"event_choices":[{"cards_removed":["Strike_R"],"damage_healed":0.0,"max_hp_gain":0.0,"max_hp_loss":0.0,"gold_gain":0.0,"event_name":"Wheel of Change","player_choice":"Card Removal","floor":5.0,"gold_loss":0.0,"damage_taken":0.0},{"damage_healed":0.0,"max_hp_gain":0.0,"max_hp_loss":0.0,"gold_gain":0.0,"event_name":"Back to Basics","player_choice":"Simplicity","floor":19.0,"gold_loss":0.0,"damage_taken":0.0,"cards_upgraded":["Strike_R","Strike_R","Strike_R","Strike_R","Defend_R","Defend_R","Defend_R","Defend_R"]},{"damage_healed":0.0,"max_hp_gain":0.0,"max_hp_loss":0.0,"gold_gain":0.0,"event_name":"The Mausoleum","player_choice":"Ignored","floor":25.0,"gold_loss":0.0,"damage_taken":0.0},{"cards_removed":["Strike_R"],"damage_healed":0,"gold_gain":0,"player_choice":"Removed Attack","damage_taken":0,"max_hp_gain":0,"max_hp_loss":0,"event_name":"Falling","floor":36,"gold_loss":0},{"damage_healed":0,"gold_gain":0,"player_choice":"Paid","damage_taken":0,"relics_obtained":["Red Mask"],"max_hp_gain":0,"max_hp_loss":0,"event_name":"Tomb of Lord Red Mask","floor":38,"gold_loss":150},{"damage_healed":0,"gold_gain":0,"player_choice":"Memory 3","damage_taken":10,"max_hp_gain":0,"max_hp_loss":0,"event_name":"SensoryStone","floor":45,"gold_loss":0},{"damage_healed":0,"gold_gain":0,"player_choice":"Fight","damage_taken":0,"max_hp_gain":0,"max_hp_loss":0,"event_name":"MindBloom","floor":47,"gold_loss":0}],"is_beta":false,"boss_relics":[{"not_picked":["Busted Crown","Lizard Tail"],"picked":"Velvet Choker"},{"not_picked":["Black Star","Pandora\u0027s Box"],"picked":"Orrery"}],"items_purged_floors":[22],"is_endless":false,"potions_floor_spawned":[1,2,11,12,14,18,33,35,44],"ascension_level":20}