{"gold_per_floor":[16,33,48,0,0,0,14,14,14,28,28,56,56,66,66,141,141,160,170,95,95,115,115],"floor_reached":23,"playtime":1051,"items_purged":[],"score":376,"play_id":"32f9a6bd-b902-454b-9273-fd069d26bf18","local_time":"20190713131558","is_ascension_mode":true,"campfire_choices":[{"data":"Neutralize","floor":6.0,"key":"SMITH"},{"data":"Deadly Poison","floor":8.0,"key":"SMITH"},{"floor":13.0,"key":"REST"},{"data":"Bouncing Flask","floor":15.0,"key":"SMITH"}],"neow_cost":"NO_GOLD","seed_source_timestamp":12077856639740,"circlet_count":0,"master_deck":["AscendersBane","Strike_G","Strike_G","Defend_G","Defend_G","Defend_G","Defend_G","Defend_G","Survivor","Neutralize+1","Flying Knee","Bane","Dagger Spray+1","Deadly Poison+1","Bouncing Flask+1","Well Laid Plans","Adrenaline","Cloak And Dagger"],"special_seed":0,"relics":["Ring of the Snake","Bird Faced Urn","Singing Bowl","Sozu","Mummified Hand"],"potions_floor_usage":[23,23],"damage_taken":[{"damage":1.0,"enemies":"2 Louse","floor":1.0,"turns":4.0},{"damage":0.0,"enemies":"Jaw Worm","floor":2.0,"turns":5.0},{"damage":4.0,"enemies":"Small Slimes","floor":3.0,"turns":4.0},{"damage":2.0,"enemies":"Exordium Thugs","floor":7.0,"turns":5.0},{"damage":11.0,"enemies":"Exordium Wildlife","floor":10.0,"turns":5.0},{"damage":32.0,"enemies":"3 Sentries","floor":12.0,"turns":9.0},{"damage":6.0,"enemies":"Large Slime","floor":14.0,"turns":5.0},{"damage":2.0,"enemies":"The Guardian","floor":16.0,"turns":8.0},{"damage":15.0,"enemies":"2 Thieves","floor":18.0,"turns":3.0},{"damage":7.0,"enemies":"3 Byrds","floor":19.0,"turns":5.0},{"damage":3.0,"enemies":"Snake Plant","floor":22.0,"turns":4.0},{"damage":44,"enemies":"Slavers","floor":23,"turns":3}],"seed_played":"-5271843033779920541","potions_obtained":[{"floor":7.0,"key":"Ancient Potion"},{"floor":12.0,"key":"GhostInAJar"},{"floor":14.0,"key":"EssenceOfSteel"}],"is_trial":false,"path_per_floor":["M","M","M","?","?","R","M","R","T","M","?","E","R","M","R","B",null,"M","M","?","T","M","E"],"character_chosen":"THE_SILENT","items_purchased":[],"campfire_rested":1,"item_purchase_floors":[],"current_hp_per_floor":[58,58,54,54,54,54,52,52,52,41,41,9,28,22,22,22,55,42,37,37,37,38,0],"gold":115,"neow_bonus":"REMOVE_TWO","is_prod":false,"is_daily":false,"chose_seed":false,"campfire_upgraded":3,"win_rate":0,"timestamp":1563041758,"path_taken":["M","M","M","?","?","R","M","R","T","M","?","E","R","M","R","BOSS","M","M","?","?","M","E"],"build_version":"2019-07-05","purchased_purges":0,"victory":false,"max_hp_per_floor":[66,66,66,66,66,66,66,66,66,66,66,66,66,66,66,66,66,68,68,68,68,70,70],"card_choices":[{"not_picked":["Backflip","Deflect"],"picked":"Flying Knee","floor":1.0},{"not_picked":["Masterful Stab","Blade Dance"],"picked":"Bane","floor":2.0},{"not_picked":["Terror","Dodge and Roll"],"picked":"Dagger Spray","floor":3.0},{"not_picked":["Blade Dance","Masterful Stab"],"picked":"Deadly Poison","floor":7.0},{"not_picked":["Storm of Steel","Slice","Prepared"],"picked":"SKIP","floor":10.0},{"not_picked":["Slice","Choke"],"picked":"Bouncing Flask","floor":12.0},{"not_picked":["Prepared","Blade Dance"],"picked":"Well Laid Plans","floor":14.0},{"not_picked":["Bullet Time","Venomology"],"picked":"Adrenaline","floor":16.0},{"not_picked":["Sucker Punch","Deadly Poison","Poisoned Stab"],"picked":"Singing Bowl","floor":18.0},{"not_picked":["Finisher+1","Sucker Punch"],"picked":"Cloak And Dagger","floor":19.0},{"not_picked":["Dagger Throw","Outmaneuver","A Thousand Cuts"],"picked":"Singing Bowl","floor":22.0}],"player_experience":194810,"relics_obtained":[{"floor":9.0,"key":"Bird Faced Urn"},{"floor":12.0,"key":"Singing Bowl"},{"floor":21.0,"key":"Mummified Hand"}],"event_choices":[{"damage_healed":0.0,"max_hp_gain":0.0,"max_hp_loss":0.0,"gold_gain":0.0,"event_name":"World of Goop","player_choice":"Left Gold","floor":4.0,"gold_loss":48.0,"damage_taken":0.0},{"damage_healed":0.0,"max_hp_gain":0.0,"max_hp_loss":0.0,"gold_gain":0.0,"event_name":"Liars Game","player_choice":"Ignored","floor":5.0,"gold_loss":0.0,"damage_taken":0.0},{"damage_healed":0.0,"max_hp_gain":0.0,"max_hp_loss":0.0,"gold_gain":0.0,"event_name":"Living Wall","player_choice":"Grow","floor":11.0,"gold_loss":0.0,"damage_taken":0.0,"cards_upgraded":["Dagger Spray"]},{"cards_removed":["Strike_G"],"damage_healed":0.0,"max_hp_gain":0.0,"max_hp_loss":0.0,"gold_gain":0.0,"event_name":"Beggar","player_choice":"Gave Gold","floor":20.0,"gold_loss":75.0,"damage_taken":0.0}],"is_beta":false,"boss_relics":[{"not_picked":["Empty Cage","Ring of the Serpent"],"picked":"Sozu"}],"items_purged_floors":[],"is_endless":false,"potions_floor_spawned":[7,12,14,16,18],"killed_by":"Slavers","ascension_level":19}