{"gold_per_floor":[117,2,2,2,13,42,42,77,77,77,107,107,122,138,138,209,209,222,38,38,51,64,64,90,106,130,130,130,130,55,88,88,88],"floor_reached":33,"playtime":1259,"items_purged":["Strike_R","Strike_R+1"],"score":727,"play_id":"40720ba0-42ed-4b7d-9c0e-c52462e842c6","local_time":"20190702014049","is_ascension_mode":true,"campfire_choices":[{"data":"Bash","floor":7,"key":"SMITH"},{"data":"Combust","floor":10,"key":"SMITH"},{"data":"Body Slam","floor":12,"key":"SMITH"},{"data":"Rampage","floor":15,"key":"SMITH"},{"data":"Disarm","floor":23,"key":"SMITH"},{"floor":27,"key":"REST"},{"floor":29,"key":"REST"},{"floor":32,"key":"REST"}],"neow_cost":"NONE","seed_source_timestamp":657440858864667,"circlet_count":0,"master_deck":["AscendersBane","Defend_R","Defend_R","Defend_R","Bash+1","Combust+1","Shrug It Off","Anger+1","Body Slam+1","Rampage+1","Shrug It Off","Feed","Corruption+1","Ghostly Armor+1","Rage+1","Feel No Pain","Shrug It Off","Disarm+1","Headbutt","Clothesline","Necronomicurse","Thunderclap+1"],"relics":["Burning Blood","NeowsBlessing","Self Forming Clay","Sundial","Pear","Vajra","Whetstone","Shuriken","Astrolabe","Kunai","Oddly Smooth Stone","Necronomicon","Strawberry"],"potions_floor_usage":[11,24,24,25,33],"damage_taken":[{"damage":0,"enemies":"Jaw Worm","floor":1,"turns":1},{"damage":0,"enemies":"Cultist","floor":5,"turns":1},{"damage":0,"enemies":"Lagavulin","floor":6,"turns":1},{"damage":49,"enemies":"Gremlin Nob","floor":8,"turns":5},{"damage":15,"enemies":"Lagavulin","floor":11,"turns":4},{"damage":3,"enemies":"2 Louse","floor":13,"turns":2},{"damage":6,"enemies":"Lots of Slimes","floor":14,"turns":4},{"damage":20,"enemies":"The Guardian","floor":16,"turns":9},{"damage":17,"enemies":"Chosen","floor":18,"turns":5},{"damage":12,"enemies":"Spheric Guardian","floor":21,"turns":6},{"damage":20,"enemies":"Snecko","floor":22,"turns":5},{"damage":39,"enemies":"Slavers","floor":24,"turns":7},{"damage":9,"enemies":"Cultist and Chosen","floor":25,"turns":7},{"damage":2,"enemies":"Gremlin Leader","floor":31,"turns":5},{"damage":100,"enemies":"Collector","floor":33,"turns":8}],"seed_played":"-679882994238107340","potions_obtained":[{"floor":8,"key":"Regen Potion"},{"floor":11,"key":"FearPotion"},{"floor":13,"key":"Swift Potion"},{"floor":16,"key":"EssenceOfSteel"},{"floor":24,"key":"Energy Potion"},{"floor":31,"key":"Poison Potion"}],"is_trial":false,"path_per_floor":["M","$","?","?","M","E","R","E","T","R","E","R","M","M","R","B",null,"M","$","?","M","M","R","E","M","T","R","?","R","?","E","R","B"],"character_chosen":"IRONCLAD","items_purchased":["Carnage","Feel No Pain"],"campfire_rested":3,"item_purchase_floors":[2,19],"current_hp_per_floor":[74,74,63,63,69,85,85,42,42,42,45,45,48,48,48,34,72,64,64,64,58,47,47,14,11,11,38,17,44,44,55,84,0],"gold":88,"neow_bonus":"THREE_ENEMY_KILL","is_prod":false,"is_daily":false,"chose_seed":false,"campfire_upgraded":5,"win_rate":0,"timestamp":1562049649,"path_taken":["M","$","?","?","?","E","R","E","T","R","E","R","M","M","R","BOSS","M","$","?","?","M","R","E","M","T","R","?","R","?","E","R","BOSS"],"build_version":"2019-06-30","purchased_purges":2,"victory":false,"max_hp_per_floor":[75,75,75,75,75,85,85,85,85,85,85,85,85,85,85,85,85,88,88,88,88,91,91,91,91,91,91,91,91,91,98,98,98],"card_choices":[{"not_picked":["Clash","Cleave","Wild Strike"],"picked":"SKIP","floor":1},{"not_picked":["Perfected Strike","Cleave"],"picked":"Combust","floor":5},{"not_picked":["Corruption","Sentinel"],"picked":"Shrug It Off","floor":6},{"not_picked":["Body Slam","Burning Pact"],"picked":"Anger","floor":8},{"not_picked":["Dual Wield","Seeing Red"],"picked":"Body Slam","floor":11},{"not_picked":["Corruption","Armaments"],"picked":"Rampage","floor":13},{"not_picked":["Thunderclap","Clash"],"picked":"Shrug It Off","floor":14},{"not_picked":["Reaper","Bludgeon"],"picked":"Feed","floor":16},{"not_picked":["Intimidate","Corruption","Clash"],"picked":"SKIP","floor":18},{"not_picked":["Cleave+1","Anger"],"picked":"Shrug It Off","floor":21},{"not_picked":["Hemokinesis+1","Body Slam"],"picked":"Disarm","floor":22},{"not_picked":["Pommel Strike","Havoc"],"picked":"Headbutt","floor":24},{"not_picked":["Warcry","Cleave"],"picked":"Clothesline","floor":25},{"not_picked":["Pommel Strike","Metallicize"],"picked":"Thunderclap+1","floor":31}],"player_experience":1645531,"relics_obtained":[{"floor":6,"key":"Pear"},{"floor":8,"key":"Vajra"},{"floor":9,"key":"Whetstone"},{"floor":11,"key":"Shuriken"},{"floor":24,"key":"Kunai"},{"floor":26,"key":"Oddly Smooth Stone"},{"floor":28,"key":"Necronomicon"},{"floor":31,"key":"Strawberry"}],"event_choices":[{"damage_healed":0,"gold_gain":0,"player_choice":"Success","damage_taken":11,"relics_obtained":["Self Forming Clay"],"max_hp_gain":0,"max_hp_loss":0,"event_name":"Scrap Ooze","floor":3,"gold_loss":0},{"cards_removed":["Carnage"],"damage_healed":0,"gold_gain":0,"player_choice":"Gave Card","damage_taken":0,"relics_obtained":["Sundial"],"max_hp_gain":0,"max_hp_loss":0,"event_name":"WeMeetAgain","floor":4,"gold_loss":0},{"damage_healed":0,"gold_gain":0,"cards_transformed":["Defend_R"],"player_choice":"Transformed","damage_taken":0,"max_hp_gain":0,"max_hp_loss":0,"event_name":"Transmorgrifier","floor":20,"gold_loss":0,"cards_obtained":["Blood for Blood"]},{"damage_healed":0,"gold_gain":0,"player_choice":"Obtained Book","damage_taken":21,"max_hp_gain":0,"max_hp_loss":0,"event_name":"Cursed Tome","floor":28,"gold_loss":0},{"cards_removed":["Blood for Blood"],"damage_healed":0,"gold_gain":0,"player_choice":"Gave Gold","damage_taken":0,"max_hp_gain":0,"max_hp_loss":0,"event_name":"Beggar","floor":30,"gold_loss":75}],"is_beta":true,"boss_relics":[{"not_picked":["Empty Cage","Pandora\u0027s Box"],"picked":"Astrolabe"}],"items_purged_floors":[2,19],"is_endless":false,"potions_floor_spawned":[8,11,13,16,21,24,31],"killed_by":"Collector","ascension_level":20}