{"gold_per_floor":[118,118,138,149,159,159,169,197,197,97,97,97,113,144,144,223,223,235,253,253,37,53,53,83,83,113,144,144,144],"floor_reached":29,"playtime":1569,"items_purged":["Strike_G","Strike_G"],"score":621,"play_id":"68962e98-69ee-4d2e-ae0e-1dc997c6e443","local_time":"20190618232903","is_ascension_mode":true,"campfire_choices":[{"data":"Neutralize","floor":6.0,"key":"SMITH"},{"data":"Deadly Poison","floor":12.0,"key":"SMITH"},{"data":"Malaise","floor":15.0,"key":"SMITH"},{"data":"Night Terror","floor":23,"key":"SMITH"},{"data":"Catalyst","floor":25,"key":"SMITH"}],"neow_cost":"PERCENT_DAMAGE","seed_source_timestamp":1794566139771200,"circlet_count":0,"master_deck":["AscendersBane","Defend_G","Defend_G","Defend_G","Defend_G","Defend_G","Strike_G","Strike_G","Survivor","Neutralize+1","Flying Knee","Adrenaline","PiercingWail","Endless Agony","Dagger Spray","Poisoned Stab","Deadly Poison+1","Deflect","Malaise+1","Wraith Form v2+1","Night Terror+1","Infinite Blades+1","Footwork+1","Leg Sweep","All Out Attack","Catalyst+1"],"special_seed":0,"relics":["Ring of the Snake","Matryoshka","Frozen Egg 2","Strawberry","Kunai","Runic Pyramid","Happy Flower","Tiny Chest","The Courier","Shovel","Nilry\u0027s Codex"],"potions_floor_usage":[24,27,29],"damage_taken":[{"damage":0.0,"enemies":"Jaw Worm","floor":1.0,"turns":5.0},{"damage":1.0,"enemies":"Cultist","floor":3.0,"turns":5.0},{"damage":0.0,"enemies":"2 Louse","floor":4.0,"turns":3.0},{"damage":4.0,"enemies":"Blue Slaver","floor":5.0,"turns":6.0},{"damage":0.0,"enemies":"2 Fungi Beasts","floor":7.0,"turns":4.0},{"damage":0.0,"enemies":"Gremlin Nob","floor":8.0,"turns":3.0},{"damage":0.0,"enemies":"Large Slime","floor":13.0,"turns":6.0},{"damage":34.0,"enemies":"3 Sentries","floor":14.0,"turns":9.0},{"damage":2.0,"enemies":"The Guardian","floor":16.0,"turns":11.0},{"damage":5.0,"enemies":"Shell Parasite","floor":18.0,"turns":6.0},{"damage":0.0,"enemies":"Chosen","floor":19.0,"turns":7.0},{"damage":0,"enemies":"Snecko","floor":22,"turns":7},{"damage":4,"enemies":"Gremlin Leader","floor":24,"turns":10},{"damage":51,"enemies":"Slavers","floor":27,"turns":18},{"damage":9,"enemies":"Gremlin Leader","floor":29,"turns":2}],"seed_played":"6180432852378218315","potions_obtained":[{"floor":4.0,"key":"FearPotion"},{"floor":7.0,"key":"Explosive Potion"},{"floor":8.0,"key":"FairyPotion"},{"floor":14.0,"key":"SteroidPotion"},{"floor":16.0,"key":"Regen Potion"},{"floor":19.0,"key":"Energy Potion"},{"floor":24,"key":"Block Potion"}],"is_trial":false,"path_per_floor":["M","?","M","M","M","R","M","E","T","$","?","R","M","E","R","B",null,"M","M","?","$","M","R","E","R","T","E","?","E"],"character_chosen":"THE_SILENT","items_purchased":["Deadly Poison","Footwork+1","Leg Sweep"],"campfire_rested":0,"item_purchase_floors":[10,21,21],"current_hp_per_floor":[56,56,55,55,51,51,51,51,58,58,63,63,63,29,29,27,74,69,69,69,69,69,69,65,65,65,29,8,0],"gold":144,"neow_bonus":"TWENTY_PERCENT_HP_BONUS","is_prod":false,"is_daily":false,"chose_seed":false,"campfire_upgraded":5,"win_rate":0,"timestamp":1560918543,"path_taken":["M","?","M","M","M","R","M","E","T","$","?","R","M","E","R","BOSS","M","M","?","$","M","R","E","R","T","E","?","E"],"build_version":"2019-01-23","purchased_purges":2,"victory":false,"max_hp_per_floor":[78,78,78,78,78,78,78,78,85,85,90,90,90,90,90,90,90,90,90,90,90,90,90,90,90,90,90,90,90],"card_choices":[{"not_picked":["Outmaneuver","Concentrate"],"picked":"Flying Knee","floor":1.0},{"not_picked":["Dodge and Roll","Backflip"],"picked":"Adrenaline","floor":3.0},{"not_picked":["Distraction","Flying Knee"],"picked":"PiercingWail","floor":4.0},{"not_picked":["Dodge and Roll","Deflect"],"picked":"Endless Agony","floor":5.0},{"not_picked":["Cloak And Dagger","Escape Plan"],"picked":"Dagger Spray","floor":7.0},{"not_picked":["Choke","Bane"],"picked":"Poisoned Stab","floor":8.0},{"not_picked":["Dagger Spray","Prepared"],"picked":"Deflect","floor":13.0},{"not_picked":["Deflect","Bouncing Flask"],"picked":"Malaise","floor":14.0},{"not_picked":["Adrenaline","Glass Knife"],"picked":"Wraith Form v2+1","floor":16.0},{"not_picked":["Dagger Spray","Quick Slash","Predator"],"picked":"SKIP","floor":18.0},{"not_picked":["Acrobatics","Quick Slash+1"],"picked":"Night Terror","floor":19.0},{"not_picked":["Underhanded Strike","Backflip"],"picked":"All Out Attack","floor":22},{"not_picked":["Slice","Backflip+1"],"picked":"Catalyst","floor":24},{"not_picked":["Outmaneuver+1","Finisher","Masterful Stab"],"picked":"SKIP","floor":27}],"player_experience":1797034,"relics_obtained":[{"floor":8.0,"key":"Matryoshka"},{"floor":9.0,"key":"Frozen Egg 2"},{"floor":9.0,"key":"Strawberry"},{"floor":14.0,"key":"Kunai"},{"floor":24,"key":"Happy Flower"},{"floor":26,"key":"Tiny Chest"},{"floor":26,"key":"The Courier"},{"floor":27,"key":"Shovel"},{"floor":28,"key":"Nilry\u0027s Codex"}],"event_choices":[{"cards_removed":["Strike_G"],"damage_healed":0.0,"max_hp_gain":0.0,"max_hp_loss":0.0,"gold_gain":0.0,"event_name":"Purifier","player_choice":"Purged","floor":2.0,"gold_loss":0.0,"damage_taken":0.0},{"damage_healed":0.0,"max_hp_gain":5.0,"max_hp_loss":0.0,"gold_gain":0.0,"event_name":"Big Fish","player_choice":"Donut","floor":11.0,"gold_loss":0.0,"damage_taken":0.0},{"damage_healed":0.0,"max_hp_gain":0.0,"max_hp_loss":0.0,"gold_gain":0.0,"event_name":"The Library","player_choice":"Read","floor":20.0,"gold_loss":0.0,"damage_taken":0.0,"cards_obtained":["Infinite Blades"]},{"damage_healed":0,"gold_gain":0,"player_choice":"Obtained Book","damage_taken":21,"max_hp_gain":0,"max_hp_loss":0,"event_name":"Cursed Tome","floor":28,"gold_loss":0}],"is_beta":false,"boss_relics":[{"not_picked":["Coffee Dripper","Calling Bell"],"picked":"Runic Pyramid"}],"items_purged_floors":[10,21],"is_endless":false,"potions_floor_spawned":[4,7,8,14,16,19,22,24],"killed_by":"Gremlin Leader","ascension_level":20}