{"gold_per_floor":[119,139,156,166,185,185,210,229,283,300,300,331,346,359,359,463,463,480,149,169,179,104,136,155,180,206,535,535,195,207,217,217,320,320,335,346,177,177,177,202,152,186,233,233,244,277,295,305,305,305],"floor_reached":51,"playtime":2873,"items_purged":["Defend_R","Infernal Blade+1"],"score":1406,"play_id":"832f0da5-1aeb-44cf-9a62-6b8740afc58e","local_time":"20190703000502","is_ascension_mode":true,"campfire_choices":[{"data":"Fiend Fire","floor":6.0,"key":"SMITH"},{"data":"Body Slam","floor":15.0,"key":"SMITH"},{"data":"Entrench","floor":32.0,"key":"SMITH"},{"data":"Battle Trance","floor":44,"key":"SMITH"},{"data":"Body Slam","floor":49,"key":"SMITH"}],"neow_cost":"","seed_source_timestamp":0,"circlet_count":0,"master_deck":["True Grit+1","Armaments+1","Defend_R+1","Bash","Pommel Strike+1","Wild Strike+1","Body Slam+1","Shockwave","Second Wind","Fiend Fire+1","Ghostly Armor","Feed","Battle Trance","Bludgeon","Corruption+1","Barricade+1","Power Through","Flame Barrier","Entrench+1","Flame Barrier","Feel No Pain","Ghostly","Ghostly","Ghostly","Ghostly+1","Ghostly","Power Through","Battle Trance+1","Shrug It Off+1","Body Slam+1"],"special_seed":0,"relics":["Burning Blood","Membership Card","The Courier","Whetstone","Bag of Marbles","Mummified Hand","Astrolabe","Tiny Chest","WingedGreaves","Calipers","Potion Belt","Blood Vial","Strawberry","Boot","Old Coin","Happy Flower","PreservedInsect","Ginger","Coffee Dripper","Lee\u0027s Waffle","Anchor","Oddly Smooth Stone","Vajra","War Paint","Ornamental Fan"],"potions_floor_usage":[46,50,50,50,50],"damage_taken":[{"damage":0.0,"enemies":"Cultist","floor":1.0,"turns":4.0},{"damage":0.0,"enemies":"Small Slimes","floor":2.0,"turns":3.0},{"damage":4.0,"enemies":"Jaw Worm","floor":3.0,"turns":2.0},{"damage":6.0,"enemies":"Looter","floor":4.0,"turns":4.0},{"damage":1.0,"enemies":"Large Slime","floor":5.0,"turns":5.0},{"damage":7.0,"enemies":"Lagavulin","floor":7.0,"turns":6.0},{"damage":8.0,"enemies":"Blue Slaver","floor":8.0,"turns":3.0},{"damage":1.0,"enemies":"3 Louse","floor":10.0,"turns":3.0},{"damage":7.0,"enemies":"3 Sentries","floor":12.0,"turns":5.0},{"damage":0.0,"enemies":"2 Fungi Beasts","floor":13.0,"turns":2.0},{"damage":1.0,"enemies":"Large Slime","floor":14.0,"turns":7.0},{"damage":23.0,"enemies":"The Guardian","floor":16.0,"turns":9.0},{"damage":13.0,"enemies":"Shell Parasite","floor":18.0,"turns":3.0},{"damage":7.0,"enemies":"Chosen","floor":20.0,"turns":3.0},{"damage":0.0,"enemies":"Snake Plant","floor":21.0,"turns":2.0},{"damage":0.0,"enemies":"Slavers","floor":23.0,"turns":4.0},{"damage":4.0,"enemies":"Centurion and Healer","floor":24.0,"turns":7.0},{"damage":14.0,"enemies":"Book of Stabbing","floor":25.0,"turns":5.0},{"damage":20.0,"enemies":"Slavers","floor":27.0,"turns":5.0},{"damage":0.0,"enemies":"Sentry and Sphere","floor":30.0,"turns":6.0},{"damage":0.0,"enemies":"Shelled Parasite and Fungi","floor":31.0,"turns":7.0},{"damage":4.0,"enemies":"Champ","floor":33.0,"turns":9.0},{"damage":10.0,"enemies":"3 Shapes","floor":35.0,"turns":8.0},{"damage":0.0,"enemies":"3 Darklings","floor":36.0,"turns":7.0},{"damage":0,"enemies":"Nemesis","floor":40,"turns":7},{"damage":0,"enemies":"Reptomancer","floor":42,"turns":5},{"damage":0,"enemies":"Transient","floor":45,"turns":5},{"damage":6,"enemies":"Nemesis","floor":46,"turns":15},{"damage":0,"enemies":"Spire Growth","floor":47,"turns":10},{"damage":0,"enemies":"3 Darklings","floor":48,"turns":6},{"damage":0,"enemies":"Time Eater","floor":50,"turns":9}],"seed_played":"-4877511526018872363","potions_obtained":[{"floor":2.0,"key":"Regen Potion"},{"floor":4.0,"key":"Weak Potion"},{"floor":8.0,"key":"SmokeBomb"},{"floor":12.0,"key":"SkillPotion"},{"floor":20.0,"key":"SneckoOil"},{"floor":23.0,"key":"Ancient Potion"},{"floor":30.0,"key":"Weak Potion"},{"floor":36.0,"key":"SkillPotion"},{"floor":47,"key":"Dexterity Potion"}],"is_trial":true,"path_per_floor":["M","M","M","M","M","R","E","M","T","M","?","E","M","M","R","B",null,"M","$","M","M","?","E","M","E","T","E","?","$","M","M","R","B",null,"M","M","$","?","?","E","$","E","T","R","M","E","M","M","R","B",null],"character_chosen":"IRONCLAD","items_purchased":["Tiny Chest","WingedGreaves","Calipers","Potion Belt","Happy Flower","Power Through","PreservedInsect","Ginger","GamblersBrew","Lee\u0027s Waffle","Anchor","GamblersBrew"],"campfire_rested":0,"item_purchase_floors":[19,19,19,19,29,29,29,29,29,37,37,37],"current_hp_per_floor":[78,80,80,80,80,80,79,77,77,80,73,72,78,83,83,70,83,76,76,75,81,81,87,87,86,86,74,47,47,47,50,50,50,50,49,53,60,50,50,57,57,57,57,57,57,60,64,64,64,64],"gold":305,"neow_bonus":"","is_prod":false,"is_daily":false,"chose_seed":false,"campfire_upgraded":5,"win_rate":0,"timestamp":1562079902,"path_taken":["M","M","M","?","?","R","E","M","T","M","?","E","M","M","R","BOSS","M","$","M","M","?","E","M","E","T","E","?","$","M","M","R","BOSS","M","M","$","?","?","E","$","E","T","R","M","E","M","M","R","BOSS"],"build_version":"2019-07-01","purchased_purges":2,"victory":true,"max_hp_per_floor":[80,80,80,80,80,80,80,80,80,80,80,80,80,83,83,87,87,87,87,87,87,87,87,87,94,94,94,47,47,47,50,50,50,50,53,53,60,60,57,57,57,57,57,57,57,60,64,64,64,64],"card_choices":[{"not_picked":["Pommel Strike","Havoc"],"picked":"Body Slam","floor":1.0},{"not_picked":["Fire Breathing","Anger"],"picked":"Shockwave","floor":2.0},{"not_picked":["Fire Breathing","Spot Weakness"],"picked":"Second Wind","floor":3.0},{"not_picked":["Anger","Blood for Blood"],"picked":"Clash","floor":4.0},{"not_picked":["Bloodletting","Shrug It Off"],"picked":"Fiend Fire","floor":5.0},{"not_picked":["Twin Strike","Warcry","Rampage"],"picked":"SKIP","floor":7.0},{"not_picked":["Twin Strike","Warcry","Rampage"],"picked":"SKIP","floor":7.0},{"not_picked":["Corruption","Cleave","Havoc"],"picked":"SKIP","floor":8.0},{"not_picked":["Entrench","True Grit"],"picked":"Ghostly Armor","floor":10.0},{"not_picked":["Sentinel","Wild Strike","Intimidate"],"picked":"SKIP","floor":12.0},{"not_picked":["Sentinel","Wild Strike","Intimidate"],"picked":"SKIP","floor":12.0},{"not_picked":["Twin Strike","True Grit"],"picked":"Feed","floor":13.0},{"not_picked":["Warcry","Havoc"],"picked":"Battle Trance","floor":14.0},{"not_picked":["Reaper","Double Tap"],"picked":"Bludgeon","floor":16.0},{"not_picked":["Dual Wield","Perfected Strike"],"picked":"Power Through","floor":18.0},{"not_picked":["Pommel Strike","Reckless Charge","Searing Blow"],"picked":"SKIP","floor":20.0},{"not_picked":["Rupture","Sword Boomerang+1"],"picked":"Flame Barrier","floor":21.0},{"not_picked":["Twin Strike","Cleave","Metallicize"],"picked":"SKIP","floor":23.0},{"not_picked":["Sentinel","Wild Strike"],"picked":"Entrench","floor":24.0},{"not_picked":["True Grit","Berserk"],"picked":"Flame Barrier","floor":25.0},{"not_picked":["Armaments+1","Sever Soul"],"picked":"Feel No Pain","floor":27.0},{"not_picked":["Perfected Strike+1","Bloodletting"],"picked":"Battle Trance","floor":30.0},{"not_picked":["Dropkick+1","Sword Boomerang","Flex+1"],"picked":"SKIP","floor":31.0},{"not_picked":["Flex+1","Cleave+1","Inflame+1"],"picked":"SKIP","floor":35.0},{"not_picked":["True Grit","Wild Strike+1","Whirlwind+1"],"picked":"SKIP","floor":36.0},{"not_picked":["Flex+1","Inflame+1"],"picked":"Shrug It Off+1","floor":40},{"not_picked":["Anger+1","Bludgeon","Pommel Strike+1"],"picked":"SKIP","floor":42},{"not_picked":["Sentinel+1","Wild Strike","Shrug It Off"],"picked":"SKIP","floor":45},{"not_picked":["Rampage","Ghostly Armor+1"],"picked":"Body Slam","floor":46},{"not_picked":["Flex+1","Wild Strike","Cleave"],"picked":"SKIP","floor":47},{"not_picked":["Reckless Charge","Spot Weakness","Dropkick+1"],"picked":"SKIP","floor":48}],"player_experience":172300,"relics_obtained":[{"floor":7.0,"key":"The Courier"},{"floor":9.0,"key":"Whetstone"},{"floor":12.0,"key":"Mummified Hand"},{"floor":23.0,"key":"Blood Vial"},{"floor":25.0,"key":"Strawberry"},{"floor":26.0,"key":"Boot"},{"floor":27.0,"key":"Old Coin"},{"floor":40,"key":"Oddly Smooth Stone"},{"floor":42,"key":"Vajra"},{"floor":43,"key":"War Paint"},{"floor":46,"key":"Ornamental Fan"}],"event_choices":[{"damage_healed":0.0,"max_hp_gain":0.0,"max_hp_loss":0.0,"gold_gain":0.0,"event_name":"Scrap Ooze","player_choice":"Success","floor":11.0,"gold_loss":0.0,"damage_taken":7.0,"relics_obtained":["Bag of Marbles"]},{"cards_removed":["Twin Strike"],"damage_healed":0.0,"max_hp_gain":0.0,"max_hp_loss":0.0,"gold_gain":0.0,"event_name":"Beggar","player_choice":"Gave Gold","floor":22.0,"gold_loss":75.0,"damage_taken":0.0},{"damage_healed":0.0,"max_hp_gain":0.0,"max_hp_loss":47.0,"gold_gain":0.0,"event_name":"Ghosts","player_choice":"Became a Ghost","floor":28.0,"gold_loss":0.0,"damage_taken":0.0,"cards_obtained":["Ghostly","Ghostly","Ghostly","Ghostly","Ghostly"]},{"damage_healed":0,"gold_gain":0,"player_choice":"Memory 3","damage_taken":10,"max_hp_gain":0,"max_hp_loss":0,"event_name":"SensoryStone","floor":38,"gold_loss":0},{"damage_healed":0,"gold_gain":0,"player_choice":"Max HP","damage_taken":0,"max_hp_gain":0,"max_hp_loss":3,"event_name":"Winding Halls","floor":39,"gold_loss":0}],"is_beta":false,"boss_relics":[{"not_picked":["Black Star","White Beast Statue"],"picked":"Astrolabe"},{"not_picked":["Tiny House","Mark of Pain"],"picked":"Coffee Dripper"}],"items_purged_floors":[29,41],"is_endless":false,"potions_floor_spawned":[2,4,8,10,12,14,20,23,30,36,47,48],"ascension_level":8}