{"gold_per_floor":[116,26,26,26,42,75,75,113,113,113,146,161,175,190,190,286,286,304,304,318,336,16,47,47,47,47,47,66,102,102,127,127,223,223,238,251,72,72,97,140,140,17,41,41,66,100,100,138,138,138,138,138,138,8,43,43],"floor_reached":56,"playtime":3291,"items_purged":["Strike_R","Strike_R","Parasite"],"score":2136,"play_id":"9e555c4d-c821-42c7-9238-5e8f14470c62","local_time":"20190701213148","is_ascension_mode":true,"campfire_choices":[{"data":"Hemokinesis","floor":7,"key":"SMITH"},{"data":"Inflame","floor":10,"key":"SMITH"},{"data":"Sword Boomerang","floor":15,"key":"SMITH"},{"floor":24,"key":"REST"},{"floor":27,"key":"REST"},{"data":"True Grit","floor":30,"key":"SMITH"},{"data":"Spot Weakness","floor":32,"key":"SMITH"},{"floor":44,"key":"RECALL"},{"data":"Disarm","floor":47,"key":"SMITH"},{"floor":49,"key":"REST"},{"data":"Fiend Fire","floor":53,"key":"SMITH"}],"neow_cost":"NONE","seed_source_timestamp":640465054635179,"circlet_count":0,"master_deck":["AscendersBane","Strike_R","Strike_R","Defend_R","Defend_R","Defend_R","Defend_R","Bash","Shrug It Off","Inflame+1","Spot Weakness+1","Shockwave","True Grit+1","Sword Boomerang+1","Shockwave","Shockwave","Fiend Fire+1","Headbutt","Shrug It Off","Disarm+1","Shrug It Off","Combust","Shrug It Off","Corruption+1","Feed","Shrug It Off","Shrug It Off+1","Heavy Blade+1","Metallicize+1","Reaper","Spot Weakness+1","Feed","Burning Pact","Whirlwind"],"relics":["Burning Blood","NeowsBlessing","Golden Idol","Orichalcum","Ginger","The Courier","Blood Vial","Velvet Choker","Membership Card","Centennial Puzzle","PreservedInsect","Oddly Smooth Stone","Snecko Eye","Mango","Regal Pillow","Red Skull","Omamori","Bag of Preparation","Champion Belt"],"potions_floor_usage":[8,8,16,23,23,31,51,51,56,56],"damage_taken":[{"damage":0,"enemies":"2 Louse","floor":1,"turns":1},{"damage":0,"enemies":"Jaw Worm","floor":5,"turns":1},{"damage":0,"enemies":"3 Sentries","floor":6,"turns":2},{"damage":31,"enemies":"Gremlin Nob","floor":8,"turns":4},{"damage":23,"enemies":"Lagavulin","floor":11,"turns":6},{"damage":0,"enemies":"Cultist","floor":12,"turns":4},{"damage":4,"enemies":"2 Fungi Beasts","floor":13,"turns":4},{"damage":12,"enemies":"Gremlin Gang","floor":14,"turns":5},{"damage":22,"enemies":"Hexaghost","floor":16,"turns":9},{"damage":32,"enemies":"Spheric Guardian","floor":18,"turns":6},{"damage":16,"enemies":"3 Byrds","floor":20,"turns":6},{"damage":21,"enemies":"3 Cultists","floor":21,"turns":5},{"damage":12,"enemies":"Book of Stabbing","floor":23,"turns":5},{"damage":6,"enemies":"Cultist and Chosen","floor":28,"turns":4},{"damage":2,"enemies":"Gremlin Leader","floor":29,"turns":4},{"damage":11,"enemies":"Centurion and Healer","floor":31,"turns":7},{"damage":57,"enemies":"Champ","floor":33,"turns":11},{"damage":14,"enemies":"3 Darklings","floor":35,"turns":5},{"damage":8,"enemies":"Orb Walker","floor":36,"turns":5},{"damage":2,"enemies":"Writhing Mass","floor":39,"turns":6},{"damage":41,"enemies":"Reptomancer","floor":40,"turns":7},{"damage":7,"enemies":"Maw","floor":45,"turns":8},{"damage":23,"enemies":"Giant Head","floor":46,"turns":8},{"damage":3,"enemies":"Reptomancer","floor":48,"turns":2},{"damage":54,"enemies":"Time Eater","floor":50,"turns":11},{"damage":27,"enemies":"Donu and Deca","floor":51,"turns":7},{"damage":48,"enemies":"Shield and Spear","floor":55,"turns":5},{"damage":106,"enemies":"The Heart","floor":56,"turns":8}],"seed_played":"-1999374608975379758","potions_obtained":[{"floor":1,"key":"EntropicBrew"},{"floor":12,"key":"Strength Potion"},{"floor":14,"key":"Swift Potion"},{"floor":16,"key":"GamblersBrew"},{"floor":20,"key":"LiquidBronze"},{"floor":23,"key":"Fire Potion"},{"floor":28,"key":"SteroidPotion"},{"floor":35,"key":"Strength Potion"},{"floor":45,"key":"Ancient Potion"},{"floor":55,"key":"SkillPotion"}],"is_trial":false,"path_per_floor":["M","$","?","?","M","E","R","E","T","R","E","M","M","M","R","B",null,"M","?","M","M","$","E","R","?","T","R","M","E","R","M","R","B",null,"M","M","$","?","M","E","?","$","T","R","M","E","R","E","R","B","B",null,"R","$","E","B"],"character_chosen":"IRONCLAD","items_purchased":["Inflame","Membership Card","PowerPotion","Disarm","Shrug It Off","Combust","Mango","Reaper","Ancient Potion","Bag of Preparation","Whirlwind"],"campfire_rested":3,"item_purchase_floors":[2,22,22,22,22,22,37,42,54,54,54],"current_hp_per_floor":[74,74,68,73,73,73,73,48,48,48,31,39,43,39,39,25,61,37,37,29,16,16,12,33,33,33,54,56,62,62,59,59,10,57,51,54,68,68,77,44,44,44,44,44,64,62,62,67,93,70,88,94,94,94,85,0],"gold":43,"neow_bonus":"THREE_ENEMY_KILL","is_prod":false,"is_daily":false,"chose_seed":false,"campfire_upgraded":7,"win_rate":0,"timestamp":1562034708,"path_taken":["M","$","?","?","M","E","R","E","T","R","E","M","M","M","R","BOSS","M","?","M","?","$","E","R","?","T","R","?","E","R","M","R","BOSS","M","?","$","?","?","E","?","?","T","R","M","E","R","E","R","BOSS","BOSS","R","$","E","BOSS"],"build_version":"2019-06-30","purchased_purges":3,"victory":false,"max_hp_per_floor":[75,75,68,73,73,73,73,73,73,73,73,73,73,73,73,73,73,73,73,73,73,73,73,73,73,73,73,73,73,73,73,73,73,73,73,76,90,90,93,93,93,90,90,90,93,93,93,93,93,96,96,96,96,96,96,96],"card_choices":[{"not_picked":["Power Through","Clash"],"picked":"Shrug It Off","floor":1},{"not_picked":["Armaments","Searing Blow"],"picked":"Hemokinesis","floor":5},{"not_picked":["Havoc","Clothesline"],"picked":"Spot Weakness","floor":6},{"not_picked":["Uppercut","Headbutt"],"picked":"Shockwave","floor":8},{"not_picked":["Cleave","Clothesline"],"picked":"True Grit","floor":11},{"not_picked":["Corruption","Dual Wield"],"picked":"Sword Boomerang","floor":12},{"not_picked":["Pommel Strike","Rupture"],"picked":"Shockwave","floor":13},{"not_picked":["True Grit","Demon Form"],"picked":"Shockwave","floor":14},{"not_picked":["Demon Form","Juggernaut"],"picked":"Fiend Fire","floor":16},{"not_picked":["Spot Weakness","Power Through"],"picked":"Headbutt","floor":18},{"not_picked":["Headbutt","Heavy Blade"],"picked":"Shrug It Off","floor":20},{"not_picked":["Wild Strike","Entrench","Clash"],"picked":"SKIP","floor":21},{"not_picked":["Flex","Searing Blow","Thunderclap"],"picked":"SKIP","floor":23},{"not_picked":["Dropkick","Perfected Strike"],"picked":"Corruption+1","floor":28},{"not_picked":["Seeing Red","Ghostly Armor","Thunderclap"],"picked":"SKIP","floor":29},{"not_picked":["Entrench","Hemokinesis","Cleave"],"picked":"SKIP","floor":31},{"not_picked":["Offering","Exhume"],"picked":"Feed","floor":33},{"not_picked":["Thunderclap","Fire Breathing+1"],"picked":"Shrug It Off","floor":35},{"not_picked":["Armaments","Cleave"],"picked":"Shrug It Off+1","floor":36},{"not_picked":["Iron Wave","Hemokinesis"],"picked":"Heavy Blade+1","floor":39},{"not_picked":["Thunderclap","Havoc"],"picked":"Metallicize+1","floor":40},{"not_picked":["Havoc","Clash"],"picked":"Spot Weakness+1","floor":45},{"not_picked":["Clash+1","Sword Boomerang"],"picked":"Feed","floor":46},{"not_picked":["Combust","Warcry"],"picked":"Burning Pact","floor":48},{"not_picked":["Searing Blow","Reckless Charge","Brutality"],"picked":"SKIP","floor":55}],"player_experience":1636398,"relics_obtained":[{"floor":6,"key":"Orichalcum"},{"floor":8,"key":"Ginger"},{"floor":9,"key":"The Courier"},{"floor":11,"key":"Blood Vial"},{"floor":23,"key":"Centennial Puzzle"},{"floor":26,"key":"PreservedInsect"},{"floor":29,"key":"Oddly Smooth Stone"},{"floor":40,"key":"Regal Pillow"},{"floor":46,"key":"Red Skull"},{"floor":48,"key":"Omamori"},{"floor":55,"key":"Champion Belt"}],"event_choices":[{"damage_healed":0,"gold_gain":0,"player_choice":"Lose Max HP","damage_taken":0,"relics_obtained":["Golden Idol"],"max_hp_gain":0,"max_hp_loss":7,"event_name":"Golden Idol","floor":3,"gold_loss":0},{"damage_healed":0,"gold_gain":0,"player_choice":"Donut","damage_taken":0,"max_hp_gain":5,"max_hp_loss":0,"event_name":"Big Fish","floor":4,"gold_loss":0},{"cards_removed":["Strike_R"],"damage_healed":0,"gold_gain":0,"player_choice":"Purged","damage_taken":0,"max_hp_gain":0,"max_hp_loss":0,"event_name":"Purifier","floor":19,"gold_loss":0},{"damage_healed":0,"gold_gain":0,"player_choice":"1 cards matched","damage_taken":0,"max_hp_gain":0,"max_hp_loss":0,"event_name":"Match and Keep!","floor":25,"gold_loss":0,"cards_obtained":["Shrug It Off"]},{"damage_healed":0,"gold_gain":0,"player_choice":"Ignored","damage_taken":0,"max_hp_gain":0,"max_hp_loss":0,"event_name":"SecretPortal","floor":38,"gold_loss":0},{"cards_removed":["Hemokinesis"],"damage_healed":0,"gold_gain":0,"player_choice":"Removed Attack","damage_taken":0,"max_hp_gain":0,"max_hp_loss":0,"event_name":"Falling","floor":41,"gold_loss":0}],"is_beta":true,"boss_relics":[{"not_picked":["Black Star","Philosopher\u0027s Stone"],"picked":"Velvet Choker"},{"not_picked":["Mark of Pain","Eternal Feather"],"picked":"Snecko Eye"}],"items_purged_floors":[22,37,42],"is_endless":false,"potions_floor_spawned":[1,12,13,14,16,20,21,23,28,35,45,48,55],"killed_by":"The Heart","ascension_level":20}