{"gold_per_floor":[111,128,140,140,159,159,203,203,255,255,280,280,303,338,338,463,463,481,499,499,522,303,303,324,324,348,116,134,134,159,200,200,319,319,340,340,32,48,71,71,91,132,132,132,152,190,190,90,90,90],"floor_reached":51,"playtime":10734,"items_purged":["Reflex"],"score":1056,"play_id":"cd676696-3861-42a3-9543-f6dca945275b","local_time":"20190713221433","is_ascension_mode":true,"campfire_choices":[{"data":"Neutralize","floor":6.0,"key":"SMITH"},{"data":"Quick Slash","floor":10.0,"key":"SMITH"},{"data":"Dagger Spray","floor":12.0,"key":"SMITH"},{"data":"All Out Attack","floor":15.0,"key":"SMITH"},{"data":"Dodge and Roll","floor":23.0,"key":"SMITH"},{"data":"Deflect","floor":25.0,"key":"SMITH"},{"data":"Dash","floor":32.0,"key":"SMITH"},{"data":"Envenom","floor":40.0,"key":"SMITH"},{"data":"1","floor":44.0,"key":"LIFT"},{"data":"After Image","floor":47.0,"key":"SMITH"},{"data":"2","floor":49.0,"key":"LIFT"}],"neow_cost":"NONE","seed_source_timestamp":308260362050807,"circlet_count":0,"master_deck":["Survivor","Neutralize+1","Noxious Fumes+1","Flying Knee","PiercingWail","Backflip","Quick Slash+1","Dagger Spray+1","Cloak And Dagger","All Out Attack+1","Night Terror","Envenom+1","Escape Plan","Dodge and Roll+1","Unload","Die Die Die","Backstab","Terror","Burst","Deflect+1","Noxious Fumes","Slice+1","Well Laid Plans","Discovery","Backflip","Dash+1","Tools of the Trade","Slice+1","Adrenaline","Footwork","Cloak And Dagger","Prepared+1","Backflip+1","After Image+1","Catalyst+1","Sucker Punch+1","PiercingWail"],"special_seed":0,"relics":["Eternal Feather","Golden Idol","Ninja Scroll","Ancient Tea Set","Pen Nib","Pandora\u0027s Box","Blood Vial","Bag of Marbles","Mercury Hourglass","WristBlade","Shuriken","Girya","Mummified Hand","Nunchaku"],"potions_floor_usage":[50,50,50],"damage_taken":[{"damage":1.0,"enemies":"Cultist","floor":1.0,"turns":6.0},{"damage":0.0,"enemies":"2 Louse","floor":2.0,"turns":3.0},{"damage":3.0,"enemies":"Jaw Worm","floor":3.0,"turns":6.0},{"damage":5.0,"enemies":"Exordium Thugs","floor":5.0,"turns":5.0},{"damage":12.0,"enemies":"Lagavulin","floor":7.0,"turns":8.0},{"damage":6.0,"enemies":"2 Fungi Beasts","floor":11.0,"turns":3.0},{"damage":0.0,"enemies":"Lots of Slimes","floor":13.0,"turns":2.0},{"damage":11.0,"enemies":"3 Sentries","floor":14.0,"turns":4.0},{"damage":9.0,"enemies":"Slime Boss","floor":16.0,"turns":7.0},{"damage":4.0,"enemies":"3 Byrds","floor":18.0,"turns":2.0},{"damage":12.0,"enemies":"Chosen","floor":19.0,"turns":3.0},{"damage":8.0,"enemies":"Snake Plant","floor":21.0,"turns":4.0},{"damage":3.0,"enemies":"Snecko","floor":24.0,"turns":4.0},{"damage":6.0,"enemies":"Shelled Parasite and Fungi","floor":28.0,"turns":2.0},{"damage":6.0,"enemies":"Centurion and Healer","floor":30.0,"turns":2.0},{"damage":0.0,"enemies":"Slavers","floor":31.0,"turns":1.0},{"damage":57.0,"enemies":"Collector","floor":33.0,"turns":6.0},{"damage":0.0,"enemies":"3 Shapes","floor":35.0,"turns":3.0},{"damage":0.0,"enemies":"3 Darklings","floor":38.0,"turns":2.0},{"damage":0.0,"enemies":"Transient","floor":39.0,"turns":5.0},{"damage":0.0,"enemies":"Sphere and 2 Shapes","floor":41.0,"turns":2.0},{"damage":0.0,"enemies":"Nemesis","floor":42.0,"turns":3.0},{"damage":27.0,"enemies":"Maw","floor":45.0,"turns":4.0},{"damage":0.0,"enemies":"Reptomancer","floor":46.0,"turns":3.0},{"damage":57,"enemies":"Time Eater","floor":50,"turns":9}],"seed_played":"-2085911417672434225","potions_obtained":[{"floor":1.0,"key":"Poison Potion"},{"floor":3.0,"key":"SteroidPotion"},{"floor":11.0,"key":"Explosive Potion"},{"floor":14.0,"key":"Dexterity Potion"},{"floor":19.0,"key":"Swift Potion"},{"floor":24.0,"key":"Dexterity Potion"},{"floor":33.0,"key":"SkillPotion"},{"floor":35.0,"key":"EssenceOfSteel"},{"floor":41.0,"key":"PowerPotion"}],"is_trial":false,"path_per_floor":["M","M","M","?","M","R","E","?","T","R","M","R","M","E","R","B",null,"M","M","?","M","$","R","M","R","T","$","M","$","M","E","R","B",null,"M","?","$","M","M","R","M","E","T","R","M","E","R","$","R","B",null],"character_chosen":"THE_SILENT","items_purchased":["Well Laid Plans","GhostInAJar","Bag of Marbles","Discovery","Shuriken","Cloak And Dagger","Strength Potion","SteroidPotion"],"campfire_rested":0,"item_purchase_floors":[22,22,27,27,37,37,48,48],"current_hp_per_floor":[62,62,59,42,37,46,34,34,34,43,37,46,46,35,47,38,62,58,46,46,38,38,50,47,59,59,59,55,55,51,53,68,13,56,58,58,58,60,62,70,70,70,70,70,43,45,66,66,70,13],"gold":90,"neow_bonus":"BOSS_RELIC","is_prod":false,"is_daily":false,"chose_seed":false,"campfire_upgraded":9,"win_rate":0,"timestamp":1563070473,"path_taken":["M","M","?","?","M","R","E","?","T","R","M","R","M","E","R","BOSS","M","M","?","M","$","R","M","R","T","?","M","$","M","E","R","BOSS","M","?","$","M","M","R","M","E","T","R","M","E","R","$","R","BOSS"],"build_version":"2019-07-05","purchased_purges":1,"victory":true,"max_hp_per_floor":[70,70,70,70,70,70,70,70,70,70,70,70,70,70,70,70,70,70,70,70,70,70,70,70,70,70,70,70,70,70,70,70,70,70,70,70,70,70,70,70,70,70,70,70,70,70,70,70,70,70],"card_choices":[{"not_picked":["Dagger Spray","Backstab"],"picked":"Noxious Fumes","floor":1.0},{"not_picked":["Quick Slash","Blade Dance"],"picked":"Flying Knee","floor":2.0},{"not_picked":["Blade Dance","Sucker Punch"],"picked":"PiercingWail","floor":3.0},{"not_picked":["Doppelganger","Expertise"],"picked":"Backflip","floor":5.0},{"not_picked":["Terror","Masterful Stab"],"picked":"Quick Slash","floor":7.0},{"not_picked":["Infinite Blades","Escape Plan"],"picked":"Dagger Spray","floor":11.0},{"not_picked":["PiercingWail","Prepared"],"picked":"Cloak And Dagger","floor":13.0},{"not_picked":["Dagger Spray","Acrobatics"],"picked":"All Out Attack","floor":14.0},{"not_picked":["Tools of the Trade","Adrenaline"],"picked":"Night Terror","floor":16.0},{"not_picked":["Bane+1","Backflip"],"picked":"Noxious Fumes","floor":18.0},{"not_picked":["Tactician+1","Finisher"],"picked":"Slice+1","floor":19.0},{"not_picked":["Dagger Throw","Bane","Acrobatics+1"],"picked":"SKIP","floor":21.0},{"not_picked":["Well Laid Plans+1","Sucker Punch","Slice"],"picked":"SKIP","floor":24.0},{"not_picked":["Crippling Poison","Well Laid Plans"],"picked":"Backflip","floor":28.0},{"not_picked":["Sucker Punch","Slice+1","Reflex"],"picked":"SKIP","floor":30.0},{"not_picked":["Calculated Gamble+1","Flying Knee+1"],"picked":"Dash","floor":31.0},{"not_picked":["Grand Finale","Phantasmal Killer"],"picked":"Tools of the Trade","floor":33.0},{"not_picked":["Endless Agony","Deadly Poison"],"picked":"Slice+1","floor":35.0},{"not_picked":["Flying Knee+1","Eviscerate+1"],"picked":"Prepared+1","floor":38.0},{"not_picked":["Footwork","Dagger Throw+1"],"picked":"Backflip+1","floor":39.0},{"not_picked":["Deadly Poison+1","Bane+1"],"picked":"After Image","floor":41.0},{"not_picked":["Dagger Throw","Deadly Poison+1"],"picked":"Catalyst+1","floor":42.0},{"not_picked":["Escape Plan","Dodge and Roll"],"picked":"Sucker Punch+1","floor":45.0},{"not_picked":["Masterful Stab+1","Deflect"],"picked":"PiercingWail","floor":46.0}],"player_experience":544851,"relics_obtained":[{"floor":7.0,"key":"Ninja Scroll"},{"floor":9.0,"key":"Ancient Tea Set"},{"floor":14.0,"key":"Pen Nib"},{"floor":26.0,"key":"Blood Vial"},{"floor":31.0,"key":"Mercury Hourglass"},{"floor":42.0,"key":"Girya"},{"floor":43.0,"key":"Mummified Hand"},{"floor":46.0,"key":"Nunchaku"}],"event_choices":[{"damage_healed":0.0,"max_hp_gain":0.0,"max_hp_loss":0.0,"gold_gain":0.0,"event_name":"Golden Idol","player_choice":"Take Damage","floor":4.0,"gold_loss":0.0,"damage_taken":17.0,"relics_obtained":["Golden Idol"]},{"damage_healed":0.0,"max_hp_gain":0.0,"max_hp_loss":0.0,"gold_gain":0.0,"event_name":"Living Wall","player_choice":"Grow","floor":8.0,"gold_loss":0.0,"damage_taken":0.0,"cards_upgraded":["Noxious Fumes"]},{"damage_healed":0.0,"max_hp_gain":0.0,"max_hp_loss":0.0,"gold_gain":0.0,"event_name":"Vampires","player_choice":"Ignored","floor":20.0,"gold_loss":0.0,"damage_taken":0.0},{"damage_healed":0.0,"max_hp_gain":0.0,"max_hp_loss":0.0,"gold_gain":0.0,"event_name":"Match and Keep!","player_choice":"2 cards matched","floor":36.0,"gold_loss":0.0,"damage_taken":0.0,"cards_obtained":["Adrenaline","Footwork"]}],"is_beta":false,"boss_relics":[{"not_picked":["Fusion Hammer","Runic Pyramid"],"picked":"Pandora\u0027s Box"},{"not_picked":["Black Star","Empty Cage"],"picked":"WristBlade"}],"items_purged_floors":[22],"is_endless":false,"potions_floor_spawned":[1,3,11,14,19,24,28,33,35,41],"ascension_level":7}