{"gold_per_floor":[114,114,114,114,39,39,53,78,78,78,97,122,122,133,133,235,235,245,264,278,34,34,69,86,86,113,133,133,133,151,165,165,165],"floor_reached":33,"playtime":3276,"items_purged":["Defend_R","Defend_R"],"score":425,"play_id":"da4148aa-9f05-42d6-879e-26ac7b2e5d51","local_time":"20190630173246","is_ascension_mode":true,"campfire_choices":[{"data":"Iron Wave","floor":6,"key":"SMITH"},{"data":"1","floor":10,"key":"LIFT"},{"data":"2","floor":13,"key":"LIFT"},{"data":"Armaments","floor":15,"key":"SMITH"},{"floor":25,"key":"REST"},{"floor":29,"key":"REST"},{"floor":32,"key":"REST"}],"neow_cost":"NONE","seed_source_timestamp":1443915482146869,"circlet_count":0,"master_deck":["Strike_R","Strike_R","Strike_R","Strike_R","Defend_R","Bash","Trip","Iron Wave+1","Sentinel","Sever Soul+1","Armaments+1","Dropkick","Cleave+1","Impervious","Iron Wave","Body Slam+1","Thunderclap+1","Flex","Dropkick+1","Headbutt","Evolve","Sword Boomerang","Double Tap","Flame Barrier+1"],"relics":["Burning Blood","Mummified Hand","StoneCalendar","Girya","Dream Catcher","Philosopher\u0027s Stone","Membership Card","Whetstone","PreservedInsect"],"potions_floor_usage":[16,23,27,30,33,33],"damage_taken":[{"damage":2,"enemies":"Jaw Worm","floor":1,"turns":3},{"damage":2,"enemies":"Small Slimes","floor":7,"turns":3},{"damage":39,"enemies":"3 Sentries","floor":8,"turns":14},{"damage":0,"enemies":"2 Louse","floor":11,"turns":1},{"damage":13,"enemies":"Gremlin Nob","floor":12,"turns":4},{"damage":4,"enemies":"Exordium Thugs","floor":14,"turns":3},{"damage":0,"enemies":"Slime Boss","floor":16,"turns":6},{"damage":1,"enemies":"Chosen","floor":18,"turns":4},{"damage":12,"enemies":"2 Thieves","floor":19,"turns":3},{"damage":29,"enemies":"Snake Plant","floor":20,"turns":4},{"damage":25,"enemies":"Slavers","floor":23,"turns":5},{"damage":18,"enemies":"Centurion and Healer","floor":24,"turns":3},{"damage":14,"enemies":"Chosen and Byrds","floor":27,"turns":3},{"damage":16,"enemies":"Shelled Parasite and Fungi","floor":30,"turns":4},{"damage":10,"enemies":"Centurion and Healer","floor":31,"turns":2},{"damage":91,"enemies":"Automaton","floor":33,"turns":6}],"seed_played":"-525469162463555179","potions_obtained":[{"floor":7,"key":"Poison Potion"},{"floor":11,"key":"AttackPotion"},{"floor":18,"key":"Swift Potion"},{"floor":20,"key":"Explosive Potion"},{"floor":24,"key":"LiquidBronze"},{"floor":31,"key":"SteroidPotion"}],"is_trial":false,"path_per_floor":["M","?","?","?","$","R","M","E","T","R","M","E","R","M","R","B",null,"M","M","M","$","?","E","M","R","T","M","?","R","M","M","R","B"],"character_chosen":"IRONCLAD","items_purchased":["Membership Card"],"campfire_rested":3,"item_purchase_floors":[21],"current_hp_per_floor":[76,76,64,69,69,69,73,40,40,40,46,39,39,41,41,47,76,81,75,52,52,52,33,21,46,46,38,38,63,53,49,74,0],"gold":165,"neow_bonus":"RANDOM_COLORLESS","is_prod":false,"is_daily":false,"chose_seed":false,"campfire_upgraded":2,"win_rate":0,"timestamp":1561930366,"path_taken":["M","?","?","?","$","R","M","E","T","R","M","E","R","?","R","BOSS","M","M","M","$","?","E","M","R","T","M","?","R","M","M","R","BOSS"],"build_version":"2019-01-23","purchased_purges":2,"victory":false,"max_hp_per_floor":[80,80,80,85,85,85,85,85,85,85,85,85,85,85,85,85,85,85,85,85,85,85,85,85,85,85,85,85,85,85,85,85,85],"card_choices":[{"not_picked":["Sentinel","Wild Strike"],"picked":"Iron Wave","floor":1},{"not_picked":["Heavy Blade","Shockwave","Entrench"],"picked":"SKIP","floor":7},{"not_picked":["Dual Wield","Juggernaut"],"picked":"Sever Soul","floor":8},{"not_picked":["Sentinel","Heavy Blade"],"picked":"Armaments","floor":11},{"not_picked":["Intimidate","Anger"],"picked":"Dropkick","floor":12},{"not_picked":["Warcry","Twin Strike"],"picked":"Cleave","floor":14},{"not_picked":["Berserk","Barricade"],"picked":"Impervious","floor":16},{"not_picked":["Armaments","Reckless Charge"],"picked":"Iron Wave","floor":18},{"not_picked":["Sword Boomerang","Feel No Pain"],"picked":"Body Slam+1","floor":19},{"not_picked":["Havoc+1","Power Through"],"picked":"Thunderclap+1","floor":20},{"not_picked":["Uppercut","Rupture"],"picked":"Flex","floor":23},{"not_picked":["Carnage","Headbutt"],"picked":"Dropkick+1","floor":24},{"not_picked":["Blood for Blood","Clothesline"],"picked":"Headbutt","floor":27},{"not_picked":["Armaments","Heavy Blade"],"picked":"Sword Boomerang","floor":29},{"not_picked":["Dual Wield","Cleave"],"picked":"Double Tap","floor":30},{"not_picked":["Inflame","Thunderclap"],"picked":"Flame Barrier+1","floor":31}],"player_experience":317689,"relics_obtained":[{"floor":8,"key":"StoneCalendar"},{"floor":9,"key":"Girya"},{"floor":12,"key":"Dream Catcher"},{"floor":23,"key":"Whetstone"},{"floor":26,"key":"PreservedInsect"}],"event_choices":[{"damage_healed":0,"gold_gain":0,"cards_transformed":["Strike_R"],"player_choice":"Change","damage_taken":0,"max_hp_gain":0,"max_hp_loss":0,"event_name":"Living Wall","floor":2,"gold_loss":0,"cards_obtained":["Sentinel"]},{"damage_healed":0,"gold_gain":0,"player_choice":"Success","damage_taken":12,"relics_obtained":["Mummified Hand"],"max_hp_gain":0,"max_hp_loss":0,"event_name":"Scrap Ooze","floor":3,"gold_loss":0},{"damage_healed":0,"gold_gain":0,"player_choice":"Donut","damage_taken":0,"max_hp_gain":5,"max_hp_loss":0,"event_name":"Big Fish","floor":4,"gold_loss":0},{"damage_healed":0,"gold_gain":0,"player_choice":"Ignored","damage_taken":0,"max_hp_gain":0,"max_hp_loss":0,"event_name":"Beggar","floor":22,"gold_loss":0},{"damage_healed":0,"gold_gain":0,"cards_transformed":["Defend_R"],"player_choice":"Transformed","damage_taken":0,"max_hp_gain":0,"max_hp_loss":0,"event_name":"Transmorgrifier","floor":28,"gold_loss":0,"cards_obtained":["Evolve"]}],"is_beta":false,"boss_relics":[{"not_picked":["Snecko Eye","Ectoplasm"],"picked":"Philosopher\u0027s Stone"}],"items_purged_floors":[5,21],"is_endless":false,"potions_floor_spawned":[7,11,18,20,24,31],"killed_by":"Automaton","ascension_level":6}