{"gold_per_floor":[19,19,44,65,86,121,121,121,121,154,154,177,59,77,77,208,208,208,208,208,208,208,208,208,208,208,208,208,208,208,47,47,47,47],"floor_reached":34,"playtime":2009,"items_purged":[],"score":402,"play_id":"c1d69855-1b07-456b-809e-8eb819340732","local_time":"20190706235852","is_ascension_mode":false,"campfire_choices":[{"data":"Havoc","floor":7,"key":"SMITH"},{"data":"1","floor":11,"key":"LIFT"},{"data":"2","floor":15,"key":"LIFT"},{"data":"3","floor":24,"key":"LIFT"},{"floor":30,"key":"REST"},{"data":"Berserk","floor":32,"key":"SMITH"}],"neow_cost":"NO_GOLD","seed_source_timestamp":627176928263517,"circlet_count":0,"master_deck":["Strike_R","Strike_R","Strike_R","Defend_R","Defend_R","Bash","Bludgeon","Pummel","Infernal Blade","Havoc+1","Carnage","Power Through","Shrug It Off+1","Ghostly Armor+1","Havoc+1","Entrench+1","Berserk+1","Twin Strike+1","Shrug It Off+1","Pummel","Dual Wield+1","Sword Boomerang+1","Iron Wave+1","Body Slam","Exhume+1","Feed","Cleave+1","Brutality+1","Brutality+1"],"relics":["Burning Blood","Golden Idol","Boot","Toxic Egg 2","Girya","Ancient Tea Set","Ectoplasm","Dodecahedron","MawBank","Smiling Mask","Omamori","Pantograph","Astrolabe"],"potions_floor_usage":[6,20,23,23],"damage_taken":[{"damage":0,"enemies":"Small Slimes","floor":1,"turns":3},{"damage":0,"enemies":"2 Louse","floor":3,"turns":3},{"damage":3,"enemies":"Jaw Worm","floor":4,"turns":5},{"damage":11,"enemies":"Red Slaver","floor":5,"turns":3},{"damage":24,"enemies":"Gremlin Nob","floor":6,"turns":4},{"damage":11,"enemies":"Lagavulin","floor":10,"turns":4},{"damage":0,"enemies":"Blue Slaver","floor":14,"turns":3},{"damage":25,"enemies":"Slime Boss","floor":16,"turns":12},{"damage":2,"enemies":"Shell Parasite","floor":18,"turns":3},{"damage":0,"enemies":"Spheric Guardian","floor":20,"turns":2},{"damage":26,"enemies":"Centurion and Healer","floor":22,"turns":4},{"damage":35,"enemies":"Gremlin Leader","floor":23,"turns":6},{"damage":17,"enemies":"Slavers","floor":25,"turns":7},{"damage":10,"enemies":"Snecko","floor":27,"turns":4},{"damage":14,"enemies":"Snake Plant","floor":28,"turns":3},{"damage":4,"enemies":"Cultist and Chosen","floor":29,"turns":4},{"damage":46,"enemies":"Champ","floor":33,"turns":9}],"seed_played":"2853972715230823543","potions_obtained":[{"floor":3,"key":"Dexterity Potion"},{"floor":5,"key":"Weak Potion"},{"floor":6,"key":"SpeedPotion"},{"floor":16,"key":"AttackPotion"},{"floor":18,"key":"SteroidPotion"},{"floor":22,"key":"Dexterity Potion"},{"floor":23,"key":"Explosive Potion"},{"floor":28,"key":"EssenceOfSteel"},{"floor":33,"key":"Swift Potion"}],"is_trial":false,"path_per_floor":["M","?","M","M","M","E","R","?","T","E","R","T","$","M","R","B",null,"M","T","M","?","M","E","R","E","T","M","M","M","R","$","R","B",null],"character_chosen":"IRONCLAD","items_purchased":["Ghostly Armor+1","Havoc+1","Exhume+1"],"campfire_rested":1,"item_purchase_floors":[13,13,31],"current_hp_per_floor":[80,60,66,69,64,46,46,46,46,41,41,41,41,47,47,28,80,80,80,80,80,60,31,31,20,20,16,8,10,34,34,34,19,80],"gold":47,"neow_bonus":"TRANSFORM_TWO_CARDS","is_prod":false,"is_daily":false,"chose_seed":false,"campfire_upgraded":2,"win_rate":0,"timestamp":1562425132,"path_taken":["M","?","M","M","M","E","R","?","T","E","R","?","$","M","R","BOSS","M","?","M","?","M","E","R","E","T","M","M","?","R","?","R","BOSS"],"build_version":"2019-07-05","purchased_purges":0,"victory":false,"max_hp_per_floor":[80,80,80,80,80,80,80,80,80,80,80,80,80,80,80,80,80,80,80,80,80,80,80,80,80,80,80,80,80,80,80,80,80,80],"card_choices":[{"not_picked":["Thunderclap","Rage"],"picked":"Pummel","floor":1},{"not_picked":["Disarm","Heavy Blade"],"picked":"Infernal Blade","floor":3},{"not_picked":["Fire Breathing","Clash"],"picked":"Second Wind","floor":4},{"not_picked":["Wild Strike","Flex"],"picked":"Havoc","floor":5},{"not_picked":["Wild Strike","Immolate"],"picked":"Carnage","floor":6},{"not_picked":["Pummel","Power Through+1"],"picked":"Shrug It Off+1","floor":10},{"not_picked":["Twin Strike","Inflame"],"picked":"Entrench+1","floor":14},{"not_picked":["Impervious+1","Bludgeon"],"picked":"Berserk","floor":16},{"not_picked":["Clash","Wild Strike"],"picked":"Twin Strike+1","floor":18},{"not_picked":["Perfected Strike","Headbutt"],"picked":"Shrug It Off+1","floor":20},{"not_picked":["Clothesline","Headbutt"],"picked":"Pummel","floor":22},{"not_picked":["Headbutt","Sever Soul"],"picked":"Dual Wield+1","floor":23},{"not_picked":["Sever Soul+1","Hemokinesis"],"picked":"Sword Boomerang+1","floor":25},{"not_picked":["Immolate","Clothesline"],"picked":"Iron Wave+1","floor":27},{"not_picked":["Hemokinesis","Iron Wave"],"picked":"Body Slam","floor":28},{"not_picked":["Clothesline","Warcry+1","Perfected Strike+1"],"picked":"SKIP","floor":29},{"not_picked":["Dark Embrace","Immolate"],"picked":"Feed","floor":33}],"player_experience":76788,"relics_obtained":[{"floor":6,"key":"Boot"},{"floor":9,"key":"Toxic Egg 2"},{"floor":10,"key":"Girya"},{"floor":12,"key":"Ancient Tea Set"},{"floor":19,"key":"Dodecahedron"},{"floor":23,"key":"Smiling Mask"},{"floor":25,"key":"Omamori"},{"floor":26,"key":"Pantograph"}],"event_choices":[{"damage_healed":0,"gold_gain":0,"player_choice":"Take Damage","damage_taken":20,"relics_obtained":["Golden Idol"],"max_hp_gain":0,"max_hp_loss":0,"event_name":"Golden Idol","floor":2,"gold_loss":0},{"damage_healed":0,"gold_gain":0,"cards_transformed":["Wild Strike"],"player_choice":"Change","damage_taken":0,"max_hp_gain":0,"max_hp_loss":0,"event_name":"Living Wall","floor":8,"gold_loss":0,"cards_obtained":["Power Through"]},{"damage_healed":0,"gold_gain":0,"player_choice":"Gave Potion","damage_taken":0,"relics_obtained":["MawBank"],"max_hp_gain":0,"max_hp_loss":0,"event_name":"WeMeetAgain","floor":21,"gold_loss":0}],"is_beta":false,"boss_relics":[{"not_picked":["Black Blood","Black Star"],"picked":"Ectoplasm"},{"not_picked":["Tiny House","Runic Cube"],"picked":"Astrolabe"}],"items_purged_floors":[],"is_endless":false,"potions_floor_spawned":[3,5,6,16,18,22,23,28,33],"ascension_level":0}