{"gold_per_floor":[113,113,113,36,54,54,54,65,143,143,158,171,183,183,183,183],"floor_reached":16,"playtime":1079,"items_purged":[],"score":92,"play_id":"49d313c6-1ca1-4196-a79e-9f42c7533840","local_time":"20190707110128","is_ascension_mode":false,"campfire_choices":[{"data":"Deadly Poison","floor":7,"key":"SMITH"},{"data":"Catalyst","floor":10,"key":"SMITH"},{"data":"Neutralize","floor":15,"key":"SMITH"}],"neow_cost":"NONE","seed_source_timestamp":1768067889562900,"circlet_count":0,"master_deck":["Strike_G","Strike_G","Strike_G","Strike_G","Defend_G","Defend_G","Defend_G","Defend_G","Defend_G","Survivor","Neutralize+1","Deadly Poison+1","Catalyst+1","Blur","Infinite Blades","Parasite"],"relics":["Ring of the Snake","Paper Crane"],"potions_floor_usage":[],"damage_taken":[{"damage":4,"enemies":"Jaw Worm","floor":1,"turns":5},{"damage":6,"enemies":"2 Louse","floor":5,"turns":2},{"damage":0,"enemies":"Small Slimes","floor":8,"turns":4},{"damage":2,"enemies":"3 Louse","floor":11,"turns":4},{"damage":0,"enemies":"Large Slime","floor":12,"turns":6},{"damage":4,"enemies":"2 Fungi Beasts","floor":13,"turns":4},{"damage":81,"enemies":"Slime Boss","floor":16,"turns":10}],"seed_played":"1792222325977829986","potions_obtained":[{"floor":12,"key":"SteroidPotion"}],"is_trial":false,"path_per_floor":["M","?","?","$","M","$","R","M","T","R","M","M","M","?","R","B"],"character_chosen":"THE_SILENT","items_purchased":["Catalyst"],"campfire_rested":0,"item_purchase_floors":[4],"current_hp_per_floor":[73,73,66,66,60,60,60,60,60,60,58,58,54,73,73,0],"gold":183,"neow_bonus":"TEN_PERCENT_HP_BONUS","is_prod":false,"is_daily":false,"chose_seed":false,"campfire_upgraded":3,"win_rate":0,"timestamp":1562511688,"path_taken":["M","?","?","$","M","?","R","M","T","R","M","M","M","?","R","BOSS"],"build_version":"2019-07-05","purchased_purges":0,"victory":false,"max_hp_per_floor":[77,77,77,77,77,77,77,77,77,77,77,77,77,77,77,77],"card_choices":[{"not_picked":["Dodge and Roll","Reflex"],"picked":"Deadly Poison","floor":1},{"not_picked":["Underhanded Strike","Dodge and Roll"],"picked":"Blur","floor":5},{"not_picked":["Skewer","Outmaneuver","Endless Agony"],"picked":"SKIP","floor":8},{"not_picked":["Heel Hook","Cloak And Dagger"],"picked":"Infinite Blades","floor":11},{"not_picked":["Bane","Masterful Stab","Cloak And Dagger"],"picked":"SKIP","floor":12},{"not_picked":["Dodge and Roll","PiercingWail","Slice"],"picked":"SKIP","floor":13}],"player_experience":100024,"relics_obtained":[{"floor":9,"key":"Paper Crane"}],"event_choices":[{"damage_healed":0,"gold_gain":0,"player_choice":"Ignored","damage_taken":0,"max_hp_gain":0,"max_hp_loss":0,"event_name":"Liars Game","floor":2,"gold_loss":0},{"cards_removed":["Strike_G"],"damage_healed":0,"gold_gain":0,"player_choice":"Card Removal","damage_taken":7,"max_hp_gain":0,"max_hp_loss":0,"event_name":"Golden Wing","floor":3,"gold_loss":0},{"damage_healed":19,"gold_gain":0,"player_choice":"Healed and dodged fight","damage_taken":0,"max_hp_gain":0,"max_hp_loss":0,"event_name":"Mushrooms","floor":14,"gold_loss":0,"cards_obtained":["Parasite"]}],"is_beta":false,"boss_relics":[],"items_purged_floors":[],"is_endless":false,"potions_floor_spawned":[12],"killed_by":"Slime Boss","ascension_level":0}