{"gold_per_floor":[114,132,15,15,15,46,46,21,46,46,64,96,96,115,115,189,189,203,231,241,254,254,254,6,56,56,56,84,94,126,136,136,136],"floor_reached":33,"playtime":1128,"items_purged":["Strike_R"],"score":636,"play_id":"80f04254-26fa-4599-8e3b-92cdcbd6233d","local_time":"20190609173930","is_ascension_mode":true,"campfire_choices":[{"data":"Anger","floor":10,"key":"SMITH"},{"data":"Metallicize","floor":13,"key":"SMITH"},{"data":"Disarm","floor":15,"key":"SMITH"},{"floor":23,"key":"REST"},{"data":"J.A.X.","floor":27,"key":"SMITH"},{"data":"Feel No Pain","floor":32,"key":"SMITH"}],"neow_cost":"NONE","seed_source_timestamp":996518284736048,"circlet_count":0,"master_deck":["AscendersBane","Strike_R","Strike_R","Strike_R","Strike_R","Defend_R","Defend_R","Defend_R","Defend_R","Bash+1","Pommel Strike","Anger+1","Corruption","Metallicize+1","Iron Wave","Evolve","Disarm+1","Exhume","Feel No Pain+1","Whirlwind+1","Thunderclap","Reaper","J.A.X.+1","Disarm","Burning Pact+1","Twin Strike+1"],"relics":["Burning Blood","NeowsBlessing","Bag of Preparation","Red Skull","Ginger","Cursed Key","Red Mask","PreservedInsect","Dodecahedron","Frozen Egg 2"],"potions_floor_usage":[20,30,31],"damage_taken":[{"damage":0,"enemies":"Cultist","floor":1,"turns":1},{"damage":0,"enemies":"Small Slimes","floor":2,"turns":1},{"damage":0,"enemies":"Gremlin Nob","floor":6,"turns":1},{"damage":0,"enemies":"2 Louse","floor":11,"turns":3},{"damage":25,"enemies":"3 Sentries","floor":12,"turns":10},{"damage":0,"enemies":"Blue Slaver","floor":14,"turns":3},{"damage":33,"enemies":"The Guardian","floor":16,"turns":14},{"damage":11,"enemies":"Shell Parasite","floor":18,"turns":5},{"damage":45,"enemies":"Masked Bandits","floor":19,"turns":6},{"damage":0,"enemies":"Chosen","floor":20,"turns":4},{"damage":26,"enemies":"Snake Plant","floor":21,"turns":5},{"damage":15,"enemies":"Gremlin Leader","floor":28,"turns":5},{"damage":18,"enemies":"Shelled Parasite and Fungi","floor":29,"turns":6},{"damage":24,"enemies":"Book of Stabbing","floor":30,"turns":5},{"damage":20,"enemies":"Sentry and Sphere","floor":31,"turns":6},{"damage":55,"enemies":"Collector","floor":33,"turns":5}],"seed_played":"-5044736391483491644","potions_obtained":[{"floor":2,"key":"LiquidBronze"},{"floor":6,"key":"Block Potion"},{"floor":12,"key":"Strength Potion"},{"floor":19,"key":"Explosive Potion"},{"floor":20,"key":"Fruit Juice"},{"floor":28,"key":"Strength Potion"},{"floor":30,"key":"SteroidPotion"}],"is_trial":false,"path_per_floor":["M","M","$","?","$","E","?","$","T","R","M","E","R","M","R","B",null,"M","?","M","M","?","R","$","?","T","R","E","M","E","M","R","B"],"character_chosen":"IRONCLAD","items_purchased":["Corruption","Iron Wave","PreservedInsect","Disarm"],"campfire_rested":1,"item_purchase_floors":[3,8,24,24],"current_hp_per_floor":[74,75,75,80,80,80,80,80,80,80,80,61,61,67,67,40,70,65,26,37,17,17,42,42,42,42,42,48,61,56,51,51,0],"gold":136,"neow_bonus":"THREE_ENEMY_KILL","is_prod":false,"is_daily":false,"chose_seed":false,"campfire_upgraded":5,"win_rate":0,"timestamp":1560119970,"path_taken":["M","?","$","?","$","E","?","$","T","R","M","E","R","M","R","BOSS","M","?","M","M","?","R","$","?","T","R","E","M","E","M","R","BOSS"],"build_version":"2019-01-23","purchased_purges":1,"victory":false,"max_hp_per_floor":[75,75,75,80,80,80,80,80,80,80,80,80,80,80,80,80,80,80,80,85,85,85,85,85,85,85,85,85,85,85,85,85,85],"card_choices":[{"not_picked":["Flex","Blood for Blood"],"picked":"Pommel Strike","floor":1},{"not_picked":["Perfected Strike","Corruption"],"picked":"Anger","floor":2},{"not_picked":["Iron Wave","Dual Wield"],"picked":"Metallicize","floor":6},{"not_picked":["Clash","Havoc","Body Slam"],"picked":"SKIP","floor":11},{"not_picked":["Entrench","Rampage"],"picked":"Evolve","floor":12},{"not_picked":["Hemokinesis","Corruption"],"picked":"Disarm","floor":14},{"not_picked":["Reaper","Bludgeon"],"picked":"Exhume","floor":16},{"not_picked":["Pommel Strike","Metallicize"],"picked":"Feel No Pain","floor":18},{"not_picked":["Heavy Blade","Entrench"],"picked":"Whirlwind+1","floor":19},{"not_picked":["Wild Strike","Anger"],"picked":"Thunderclap","floor":20},{"not_picked":["Flex","Heavy Blade"],"picked":"Reaper","floor":21},{"not_picked":["Uppercut","Fire Breathing"],"picked":"Burning Pact+1","floor":28},{"not_picked":["Body Slam","Perfected Strike","Pommel Strike"],"picked":"SKIP","floor":29},{"not_picked":["Ghostly Armor","Body Slam","Anger"],"picked":"SKIP","floor":30},{"not_picked":["Spot Weakness+1","Evolve+1"],"picked":"Twin Strike+1","floor":31}],"player_experience":1730767,"relics_obtained":[{"floor":6,"key":"Bag of Preparation"},{"floor":9,"key":"Red Skull"},{"floor":12,"key":"Ginger"},{"floor":19,"key":"Red Mask"},{"floor":28,"key":"Dodecahedron"},{"floor":30,"key":"Frozen Egg 2"}],"event_choices":[{"damage_healed":0,"gold_gain":0,"player_choice":"Donut","damage_taken":0,"max_hp_gain":5,"max_hp_loss":0,"event_name":"Big Fish","floor":4,"gold_loss":0},{"damage_healed":0,"gold_gain":0,"player_choice":"Upgraded","damage_taken":0,"max_hp_gain":0,"max_hp_loss":0,"event_name":"Upgrade Shrine","floor":7,"gold_loss":0,"cards_upgraded":["Bash"]},{"damage_healed":0,"gold_gain":0,"player_choice":"Fought Bandits","damage_taken":0,"max_hp_gain":0,"max_hp_loss":0,"event_name":"Masked Bandits","floor":19,"gold_loss":0},{"damage_healed":0,"gold_gain":0,"player_choice":"Obtain J.A.X.","damage_taken":0,"max_hp_gain":0,"max_hp_loss":0,"event_name":"Drug Dealer","floor":22,"gold_loss":0,"cards_obtained":["J.A.X."]},{"damage_healed":0,"gold_gain":50,"player_choice":"Stole From Cult","damage_taken":0,"max_hp_gain":0,"max_hp_loss":0,"event_name":"Nest","floor":25,"gold_loss":0}],"is_beta":false,"boss_relics":[{"not_picked":["Sozu","Fusion Hammer"],"picked":"Cursed Key"}],"items_purged_floors":[3],"is_endless":false,"potions_floor_spawned":[2,6,12,19,20,28,30],"killed_by":"Collector","ascension_level":20}