{"gold_per_floor":[367,251,251,268,288,288,300,333,333,333,333,333,351,4,4,77,77,91,105,205,130,143,175,175,209,278,328,328,14,14,49,49,125,125,140,154,173,188,198,198,198,232,232,243,3,23,23,35,35,35,35,35,35,35,62,62],"floor_reached":56,"playtime":3565,"items_purged":["Parasite","Strike_B"],"score":1949,"play_id":"c3a39c22-897e-49fa-9f8c-21c224be1b3b","local_time":"20190619235941","is_ascension_mode":true,"campfire_choices":[{"data":"Zap","floor":6,"key":"SMITH"},{"floor":10,"key":"REST"},{"floor":12,"key":"REST"},{"data":"Sunder","floor":15,"key":"SMITH"},{"floor":24,"key":"REST"},{"data":"Loop","floor":28,"key":"SMITH"},{"floor":30,"key":"REST"},{"floor":32,"key":"DIG"},{"floor":40,"key":"REST"},{"floor":49,"key":"RECALL"},{"floor":53,"key":"DIG"}],"neow_cost":"CURSE","seed_source_timestamp":1880891110040930,"circlet_count":0,"master_deck":["AscendersBane","Strike_B+1","Defend_B","Defend_B","Defend_B","Defend_B","Zap+1","Dualcast+1","Loop+1","Doom and Gloom","Conserve Battery","Compile Driver","Self Repair","Seek","Consume+1","Sunder+1","Echo Form","Leap","Recycle+1","Glacier","Hologram+1","Hologram","Loop","Rainbow","Core Surge","Compile Driver","Double Energy","Steam Power+1","Injury","Apotheosis","Coolheaded"],"relics":["Cracked Core","Gremlin Horn","Pantograph","Bag of Preparation","Philosopher\u0027s Stone","Shovel","Ornamental Fan","Cables","Pen Nib","Bottled Tornado","Runic Capacitor","Oddly Smooth Stone","Ice Cream","Cursed Key","Bottled Lightning","Vajra"],"potions_floor_usage":[8,20,20,23,25,39,44,56,56],"damage_taken":[{"damage":6,"enemies":"Cultist","floor":1,"turns":4},{"damage":7,"enemies":"Jaw Worm","floor":4,"turns":4},{"damage":4,"enemies":"2 Louse","floor":5,"turns":2},{"damage":1,"enemies":"2 Fungi Beasts","floor":7,"turns":2},{"damage":32,"enemies":"Gremlin Nob","floor":8,"turns":4},{"damage":17,"enemies":"Gremlin Gang","floor":13,"turns":3},{"damage":31,"enemies":"Slime Boss","floor":16,"turns":5},{"damage":0,"enemies":"Chosen","floor":18,"turns":3},{"damage":9,"enemies":"Spheric Guardian","floor":19,"turns":4},{"damage":18,"enemies":"Colosseum Slavers","floor":20,"turns":4},{"damage":56,"enemies":"Colosseum Nobs","floor":20,"turns":5},{"damage":0,"enemies":"Centurion and Healer","floor":22,"turns":6},{"damage":30,"enemies":"Slavers","floor":23,"turns":3},{"damage":13,"enemies":"Gremlin Leader","floor":25,"turns":6},{"damage":15,"enemies":"Book of Stabbing","floor":31,"turns":7},{"damage":9,"enemies":"Champ","floor":33,"turns":11},{"damage":0,"enemies":"Orb Walker","floor":35,"turns":3},{"damage":14,"enemies":"3 Shapes","floor":36,"turns":4},{"damage":16,"enemies":"Spire Growth","floor":37,"turns":6},{"damage":22,"enemies":"3 Darklings","floor":38,"turns":6},{"damage":32,"enemies":"Transient","floor":39,"turns":6},{"damage":0,"enemies":"Nemesis","floor":42,"turns":9},{"damage":48,"enemies":"4 Shapes","floor":44,"turns":4},{"damage":0,"enemies":"Maw","floor":46,"turns":6},{"damage":14,"enemies":"3 Darklings","floor":48,"turns":3},{"damage":11,"enemies":"Donu and Deca","floor":50,"turns":11},{"damage":18,"enemies":"Awakened One","floor":51,"turns":15},{"damage":31,"enemies":"Shield and Spear","floor":55,"turns":8},{"damage":94,"enemies":"The Heart","floor":56,"turns":3}],"seed_played":"-4333924144897324278","potions_obtained":[{"floor":1,"key":"SteroidPotion"},{"floor":8,"key":"GamblersBrew"},{"floor":13,"key":"SteroidPotion"},{"floor":18,"key":"Energy Potion"},{"floor":20,"key":"SkillPotion"},{"floor":22,"key":"PowerPotion"},{"floor":33,"key":"Weak Potion"},{"floor":37,"key":"PowerPotion"},{"floor":38,"key":"Fire Potion"},{"floor":39,"key":"Ancient Potion"},{"floor":44,"key":"AttackPotion"}],"is_trial":false,"path_per_floor":["M","$","?","M","M","R","M","E","T","R","?","R","M","$","R","B",null,"M","M","?","?","M","E","R","E","T","?","R","$","R","E","R","B",null,"M","M","M","M","M","R","?","E","T","M","$","M","$","M","R","B","B",null,"R","$","E","B"],"character_chosen":"DEFECT","items_purchased":["Doom and Gloom","Sunder","Bag of Preparation","Runic Capacitor","Loop","AttackPotion","Apotheosis","PowerPotion"],"campfire_rested":5,"item_purchase_floors":[2,14,14,29,29,29,45,45],"current_hp_per_floor":[58,58,51,44,40,40,39,14,14,34,14,34,17,17,17,18,56,68,68,22,22,36,13,33,34,34,28,28,28,48,47,47,68,68,68,54,52,44,26,46,46,60,60,26,26,46,46,39,39,53,68,68,68,68,47,0],"gold":62,"neow_bonus":"TWO_FIFTY_GOLD","is_prod":false,"is_daily":false,"chose_seed":false,"campfire_upgraded":3,"win_rate":0,"timestamp":1561006781,"path_taken":["M","$","?","M","M","R","M","E","T","R","?","R","M","$","R","BOSS","M","M","?","?","M","E","R","E","T","?","R","$","R","E","R","BOSS","M","?","?","M","M","R","?","E","T","M","$","M","?","M","R","BOSS","BOSS","R","$","E","BOSS"],"build_version":"2019-01-23","purchased_purges":2,"victory":false,"max_hp_per_floor":[71,68,68,68,68,68,68,68,68,68,68,68,68,68,68,68,68,68,68,68,68,68,68,68,68,68,68,68,68,68,68,68,68,68,68,68,68,68,68,68,68,68,68,68,68,68,68,68,68,68,68,68,68,68,68,68],"card_choices":[{"not_picked":["Conserve Battery","Stack"],"picked":"Loop","floor":1},{"not_picked":["Fusion","Rebound"],"picked":"Conserve Battery","floor":4},{"not_picked":["Turbo","Beam Cell"],"picked":"Compile Driver","floor":5},{"not_picked":["Redo","Hello World"],"picked":"Self Repair","floor":7},{"not_picked":["Conserve Battery","Sweeping Beam"],"picked":"Seek","floor":8},{"not_picked":["Steam Power","Lockon"],"picked":"Consume","floor":13},{"not_picked":["Biased Cognition","Fission"],"picked":"Echo Form","floor":16},{"not_picked":["FTL","Turbo"],"picked":"Leap","floor":18},{"not_picked":["BootSequence","Reprogram"],"picked":"Recycle+1","floor":19},{"not_picked":["Ball Lightning","Coolheaded"],"picked":"Glacier","floor":20},{"not_picked":["Static Discharge","Sweeping Beam","Scrape"],"picked":"SKIP","floor":22},{"not_picked":["Gash","Steam"],"picked":"Hologram+1","floor":23},{"not_picked":["Stack+1","Sunder"],"picked":"Hologram","floor":25},{"not_picked":["Reprogram","Rebound"],"picked":"Rainbow","floor":31},{"not_picked":["Creative AI","Multi-Cast"],"picked":"Core Surge","floor":33},{"not_picked":["Streamline","Gash"],"picked":"Compile Driver","floor":35},{"not_picked":["Static Discharge","Turbo"],"picked":"Double Energy","floor":36},{"not_picked":["Beam Cell+1","Consume","Stack+1"],"picked":"SKIP","floor":37},{"not_picked":["Hello World","Rebound+1","Ball Lightning+1"],"picked":"SKIP","floor":38},{"not_picked":["Streamline+1","Go for the Eyes","Leap"],"picked":"SKIP","floor":39},{"not_picked":["Meteor Strike","BootSequence"],"picked":"Steam Power+1","floor":42},{"not_picked":["Fusion","Redo","Hello World"],"picked":"SKIP","floor":44},{"not_picked":["Redo","Sweeping Beam+1","Barrage"],"picked":"SKIP","floor":46},{"not_picked":["Turbo","Loop","Storm"],"picked":"SKIP","floor":48},{"not_picked":["Melter","Turbo"],"picked":"Coolheaded","floor":55}],"player_experience":1811236,"relics_obtained":[{"floor":8,"key":"Gremlin Horn"},{"floor":9,"key":"Pantograph"},{"floor":20,"key":"Shovel"},{"floor":20,"key":"Ornamental Fan"},{"floor":23,"key":"Cables"},{"floor":25,"key":"Pen Nib"},{"floor":26,"key":"Bottled Tornado"},{"floor":31,"key":"Oddly Smooth Stone"},{"floor":32,"key":"Ice Cream"},{"floor":42,"key":"Bottled Lightning"},{"floor":55,"key":"Vajra"}],"event_choices":[{"cards_removed":["Strike_B"],"damage_healed":0,"gold_gain":0,"player_choice":"Card Removal","damage_taken":7,"max_hp_gain":0,"max_hp_loss":0,"event_name":"Golden Wing","floor":3,"gold_loss":0},{"damage_healed":0,"gold_gain":0,"player_choice":"Entered Light","damage_taken":20,"max_hp_gain":0,"max_hp_loss":0,"event_name":"Shining Light","floor":11,"gold_loss":0,"cards_upgraded":["Dualcast","Strike_B"]},{"damage_healed":0,"gold_gain":0,"player_choice":"Fight","damage_taken":0,"max_hp_gain":0,"max_hp_loss":0,"event_name":"Colosseum","floor":20,"gold_loss":0},{"damage_healed":0,"gold_gain":0,"player_choice":"Fought Nobs","damage_taken":0,"max_hp_gain":0,"max_hp_loss":0,"event_name":"Colosseum","floor":20,"gold_loss":0},{"cards_removed":["Strike_B"],"damage_healed":0,"gold_gain":0,"player_choice":"Gave Gold","damage_taken":0,"max_hp_gain":0,"max_hp_loss":0,"event_name":"Beggar","floor":21,"gold_loss":75},{"damage_healed":0,"gold_gain":50,"player_choice":"Touch","damage_taken":6,"max_hp_gain":0,"max_hp_loss":0,"event_name":"FaceTrader","floor":27,"gold_loss":0},{"damage_healed":0,"gold_gain":0,"player_choice":"Upgraded","damage_taken":0,"max_hp_gain":0,"max_hp_loss":0,"event_name":"Upgrade Shrine","floor":41,"gold_loss":0,"cards_upgraded":["Consume"]}],"is_beta":false,"boss_relics":[{"not_picked":["Empty Cage","Coffee Dripper"],"picked":"Philosopher\u0027s Stone"},{"not_picked":["Runic Dome","Velvet Choker"],"picked":"Cursed Key"}],"items_purged_floors":[2,14],"is_endless":false,"potions_floor_spawned":[1,8,13,18,20,22,33,37,38,39,44,46,48,55],"killed_by":"The Heart","ascension_level":20}