{"gold_per_floor":[111,111,122,122,134,134,159,159,159,188,188,188,198,35,35,133,133,149,169,184,202,219,219,219,251,251,270,270,305,305,23,23,119,119,137,137,63,77,87,87,116,48,48,48,66,166,186,408,408,408],"floor_reached":51,"playtime":2205,"items_purged":["Strike_R"],"score":886,"play_id":"21cdec59-00ec-4c46-bcb4-1103efb2566e","local_time":"20190630164840","is_ascension_mode":true,"campfire_choices":[{"data":"Rampage","floor":6.0,"key":"SMITH"},{"data":"True Grit","floor":8.0,"key":"SMITH"},{"data":"Whirlwind","floor":11.0,"key":"SMITH"},{"data":"Bash","floor":15.0,"key":"SMITH"},{"data":"Offering","floor":23.0,"key":"SMITH"},{"data":"Fiend Fire","floor":28.0,"key":"SMITH"},{"data":"True Grit","floor":30.0,"key":"SMITH"},{"floor":32.0,"key":"REST"},{"data":"Burning Pact","floor":40.0,"key":"SMITH"},{"data":"Offering","floor":44.0,"key":"SMITH"},{"data":"Madness","floor":49,"key":"SMITH"}],"neow_cost":"","seed_source_timestamp":0,"circlet_count":0,"master_deck":["Bash+1","True Grit+1","Defend_R","Defend_R","Defend_R","Rampage+1","Strike_R","Strike_R","Strike_R","True Grit+1","Feel No Pain+1","Shrug It Off","Ghostly Armor","Whirlwind+1","Disarm","Offering+1","Fiend Fire+1","Wild Strike","Headbutt+1","Decay","Shrug It Off+1","Offering+1","Burning Pact+1","Madness+1","Madness","Battle Trance","Havoc+1","Barricade+1","Second Wind","Feel No Pain+1"],"special_seed":0,"relics":["Burning Blood","Sundial","Magic Flower","Art of War","Frozen Egg 2","Oddly Smooth Stone","Cursed Key","Singing Bowl","Red Mask","TheAbacus","Runic Pyramid","Bottled Flame","Shovel"],"potions_floor_usage":[],"damage_taken":[{"damage":9.0,"enemies":"Jaw Worm","floor":1.0,"turns":4.0},{"damage":7.0,"enemies":"Small Slimes","floor":3.0,"turns":4.0},{"damage":0.0,"enemies":"Cultist","floor":5.0,"turns":3.0},{"damage":20.0,"enemies":"Lagavulin","floor":7.0,"turns":8.0},{"damage":36.0,"enemies":"Gremlin Nob","floor":10.0,"turns":6.0},{"damage":13.0,"enemies":"Gremlin Gang","floor":13.0,"turns":4.0},{"damage":29.0,"enemies":"Slime Boss","floor":16.0,"turns":9.0},{"damage":14.0,"enemies":"Spheric Guardian","floor":18.0,"turns":5.0},{"damage":6.0,"enemies":"Chosen","floor":19.0,"turns":3.0},{"damage":10.0,"enemies":"Snake Plant","floor":20.0,"turns":5.0},{"damage":32.0,"enemies":"Snecko","floor":21.0,"turns":6.0},{"damage":28.0,"enemies":"Cultist and Chosen","floor":22.0,"turns":5.0},{"damage":19.0,"enemies":"Gremlin Leader","floor":25.0,"turns":5.0},{"damage":6.0,"enemies":"Snake Plant","floor":27.0,"turns":4.0},{"damage":8.0,"enemies":"Masked Bandits","floor":29.0,"turns":3.0},{"damage":41.0,"enemies":"Collector","floor":33.0,"turns":8.0},{"damage":0.0,"enemies":"3 Shapes","floor":35.0,"turns":10.0},{"damage":4.0,"enemies":"Orb Walker","floor":38.0,"turns":4.0},{"damage":25.0,"enemies":"Transient","floor":39.0,"turns":5.0},{"damage":12.0,"enemies":"Reptomancer","floor":41.0,"turns":5.0},{"damage":6.0,"enemies":"Maw","floor":45.0,"turns":8.0},{"damage":12.0,"enemies":"Mind Bloom Boss Battle","floor":46.0,"turns":8.0},{"damage":12.0,"enemies":"Sphere and 2 Shapes","floor":47.0,"turns":8.0},{"damage":15,"enemies":"Time Eater","floor":50,"turns":8}],"seed_played":"-2158102469413179784","potions_obtained":[{"floor":7.0,"key":"Energy Potion"},{"floor":10.0,"key":"Swift Potion"},{"floor":20.0,"key":"AttackPotion"},{"floor":22.0,"key":"FearPotion"},{"floor":27.0,"key":"Weak Potion"},{"floor":29.0,"key":"PowerPotion"},{"floor":33.0,"key":"Regen Potion"},{"floor":35.0,"key":"SkillPotion"},{"floor":38.0,"key":"Regen Potion"}],"is_trial":true,"path_per_floor":["M","?","M","?","M","R","E","R","T","E","R","?","M","$","R","B",null,"M","M","M","M","M","R","?","E","T","M","R","?","R","$","R","B",null,"M","?","$","M","M","R","E","$","T","R","M","?","M","?","R","B",null],"character_chosen":"IRONCLAD","items_purchased":["Offering","TheAbacus","Battle Trance","Second Wind"],"campfire_rested":1,"item_purchase_floors":[14,31,37,42],"current_hp_per_floor":[77,82,81,74,83,83,72,72,72,45,45,45,41,41,41,21,85,80,83,82,59,40,40,40,30,30,35,35,38,38,38,64,32,89,89,78,78,85,69,69,66,66,66,66,71,93,92,92,92,86],"gold":408,"neow_bonus":"","is_prod":false,"is_daily":false,"chose_seed":false,"campfire_upgraded":10,"win_rate":0,"timestamp":1561880920,"path_taken":["M","?","M","?","M","R","E","R","T","E","R","?","M","$","R","BOSS","M","?","?","M","M","R","?","E","T","M","R","?","R","$","R","BOSS","M","?","$","M","M","R","E","$","T","R","M","?","M","?","R","BOSS"],"build_version":"2019-01-23","purchased_purges":1,"victory":true,"max_hp_per_floor":[80,85,85,85,85,85,85,85,85,85,85,85,85,85,85,85,85,85,85,85,85,85,85,85,85,85,87,87,89,89,89,89,89,89,89,89,89,91,91,91,91,91,91,91,93,93,95,95,95,95],"card_choices":[{"not_picked":["Clothesline","Sword Boomerang"],"picked":"True Grit","floor":1.0},{"not_picked":["Cleave","Flex"],"picked":"Feel No Pain","floor":3.0},{"not_picked":["Iron Wave","Clash"],"picked":"Shrug It Off","floor":5.0},{"not_picked":["Fire Breathing","Bloodletting"],"picked":"Ghostly Armor","floor":7.0},{"not_picked":["Fire Breathing+1","Shrug It Off"],"picked":"Whirlwind","floor":10.0},{"not_picked":["Searing Blow","Clash"],"picked":"Disarm","floor":13.0},{"not_picked":["Feed","Juggernaut+1"],"picked":"Fiend Fire","floor":16.0},{"not_picked":["Sword Boomerang","Twin Strike","Flex"],"picked":"SKIP","floor":18.0},{"not_picked":["Dual Wield","Cleave","Wild Strike+1"],"picked":"SKIP","floor":19.0},{"not_picked":["Flex","Searing Blow"],"picked":"Wild Strike","floor":20.0},{"not_picked":["Wild Strike","Anger","Twin Strike+1"],"picked":"SKIP","floor":21.0},{"not_picked":["Pommel Strike+1","Demon Form+1"],"picked":"Headbutt+1","floor":22.0},{"not_picked":["Armaments","Double Tap"],"picked":"Shrug It Off+1","floor":25.0},{"not_picked":["Perfected Strike","Inflame+1","Infernal Blade"],"picked":"Singing Bowl","floor":27.0},{"not_picked":["Reckless Charge","Clothesline","Combust+1"],"picked":"Singing Bowl","floor":29.0},{"not_picked":["Brutality+1","Reaper"],"picked":"Offering","floor":33.0},{"not_picked":["Havoc","Clothesline"],"picked":"Burning Pact","floor":35.0},{"not_picked":["Flex","Headbutt+1","Shockwave"],"picked":"Singing Bowl","floor":38.0},{"not_picked":["Whirlwind","Anger"],"picked":"Havoc+1","floor":39.0},{"not_picked":["Wild Strike","Inflame+1"],"picked":"Barricade+1","floor":41.0},{"not_picked":["Cleave","Havoc+1","Combust+1"],"picked":"Singing Bowl","floor":45.0},{"not_picked":["Whirlwind+1","Iron Wave"],"picked":"Feel No Pain+1","floor":46.0},{"not_picked":["Hemokinesis","Twin Strike+1","Fire Breathing+1"],"picked":"Singing Bowl","floor":47}],"player_experience":161373,"relics_obtained":[{"floor":7.0,"key":"Art of War"},{"floor":9.0,"key":"Frozen Egg 2"},{"floor":10.0,"key":"Oddly Smooth Stone"},{"floor":25.0,"key":"Singing Bowl"},{"floor":29.0,"key":"Red Mask"},{"floor":41.0,"key":"Bottled Flame"},{"floor":46.0,"key":"Shovel"}],"event_choices":[{"damage_healed":0.0,"max_hp_gain":5.0,"max_hp_loss":0.0,"gold_gain":0.0,"event_name":"Big Fish","player_choice":"Donut","floor":2.0,"gold_loss":0.0,"damage_taken":0.0},{"damage_healed":0.0,"max_hp_gain":0.0,"max_hp_loss":0.0,"gold_gain":0.0,"event_name":"Scrap Ooze","player_choice":"Success","floor":4.0,"gold_loss":0.0,"damage_taken":7.0,"relics_obtained":["Magic Flower"]},{"damage_healed":0.0,"max_hp_gain":0.0,"max_hp_loss":0.0,"gold_gain":0.0,"event_name":"Upgrade Shrine","player_choice":"Upgraded","floor":12.0,"gold_loss":0.0,"damage_taken":0.0,"cards_upgraded":["Feel No Pain"]},{"damage_healed":0.0,"max_hp_gain":0.0,"max_hp_loss":0.0,"gold_gain":0.0,"event_name":"Forgotten Altar","player_choice":"Smashed Altar","floor":24.0,"gold_loss":0.0,"damage_taken":0.0,"cards_obtained":["Decay"]},{"damage_healed":0.0,"max_hp_gain":0.0,"max_hp_loss":0.0,"gold_gain":0.0,"event_name":"Masked Bandits","player_choice":"Fought Bandits","floor":29.0,"gold_loss":0.0,"damage_taken":0.0},{"damage_healed":0.0,"max_hp_gain":0.0,"max_hp_loss":0.0,"gold_gain":0.0,"event_name":"Winding Halls","player_choice":"Embrace Madness","floor":36.0,"gold_loss":0.0,"damage_taken":11.0,"cards_obtained":["Madness","Madness"]},{"damage_healed":0.0,"max_hp_gain":0.0,"max_hp_loss":0.0,"gold_gain":0.0,"event_name":"MindBloom","player_choice":"Fight","floor":46.0,"gold_loss":0.0,"damage_taken":0.0},{"damage_healed":0,"gold_gain":222,"player_choice":"Wore Mask","damage_taken":0,"max_hp_gain":0,"max_hp_loss":0,"event_name":"Tomb of Lord Red Mask","floor":48,"gold_loss":0}],"is_beta":false,"boss_relics":[{"not_picked":["Calling Bell","Runic Dome"],"picked":"Cursed Key"},{"not_picked":["Coffee Dripper","Velvet Choker"],"picked":"Runic Pyramid"}],"items_purged_floors":[31],"is_endless":false,"potions_floor_spawned":[7,10,20,22,27,29,33,35,38],"ascension_level":3}