{"gold_per_floor":[18,18,38,51,69,69,103,103,151,151,164,196,196,27,27,105,105,118,133,133],"floor_reached":20,"playtime":780,"items_purged":[],"score":368,"play_id":"7c8557cd-5ca0-4777-beed-81f3e85121a5","local_time":"20190614010202","is_ascension_mode":true,"campfire_choices":[{"data":"Chill","floor":6,"key":"SMITH"},{"data":"Zap","floor":8,"key":"SMITH"},{"floor":10,"key":"REST"},{"data":"Biased Cognition","floor":13,"key":"SMITH"},{"data":"Hologram","floor":15,"key":"SMITH"}],"neow_cost":"NO_GOLD","seed_source_timestamp":1369017295808931,"circlet_count":0,"master_deck":["AscendersBane","Strike_B","Strike_B","Strike_B","Strike_B","Defend_B+1","Defend_B+1","Defend_B","Defend_B","Zap+1","Dualcast","Biased Cognition+1","Chill+1","Loop","Capacitor","Buffer","Hologram+1","Gash","Core Surge","Storm"],"relics":["Cracked Core","Omamori","War Paint","Boot","PreservedInsect","Busted Crown"],"potions_floor_usage":[12,16,20],"damage_taken":[{"damage":0,"enemies":"Cultist","floor":1,"turns":3},{"damage":0,"enemies":"2 Louse","floor":3,"turns":2},{"damage":2,"enemies":"Jaw Worm","floor":4,"turns":4},{"damage":25,"enemies":"Lots of Slimes","floor":5,"turns":4},{"damage":14,"enemies":"Lagavulin","floor":7,"turns":7},{"damage":3,"enemies":"Exordium Wildlife","floor":11,"turns":5},{"damage":3,"enemies":"Gremlin Nob","floor":12,"turns":4},{"damage":28,"enemies":"Hexaghost","floor":16,"turns":11},{"damage":15,"enemies":"Spheric Guardian","floor":18,"turns":5},{"damage":16,"enemies":"Shell Parasite","floor":19,"turns":5},{"damage":27,"enemies":"Sentry and Sphere","floor":20,"turns":5}],"seed_played":"393038441350962133","potions_obtained":[{"floor":1,"key":"SkillPotion"},{"floor":5,"key":"Swift Potion"},{"floor":11,"key":"Fire Potion"},{"floor":16,"key":"Swift Potion"}],"is_trial":false,"path_per_floor":["M","T","M","M","M","R","E","R","T","R","M","E","R","$","R","B",null,"M","M","M"],"character_chosen":"DEFECT","items_purchased":["PreservedInsect"],"campfire_rested":1,"item_purchase_floors":[14],"current_hp_per_floor":[64,64,64,62,37,37,23,23,23,44,41,38,38,38,38,10,56,41,25,0],"gold":133,"neow_bonus":"THREE_RARE_CARDS","is_prod":false,"is_daily":false,"chose_seed":false,"campfire_upgraded":4,"win_rate":0,"timestamp":1560492122,"path_taken":["M","?","M","M","M","R","E","R","T","R","?","E","R","$","R","BOSS","M","M","M"],"build_version":"2019-01-23","purchased_purges":0,"victory":false,"max_hp_per_floor":[71,71,71,71,71,71,71,71,71,71,71,71,71,71,71,71,71,71,71,71],"card_choices":[{"not_picked":["Reboot","Hyperbeam"],"picked":"Biased Cognition","floor":0},{"not_picked":["Double Energy","Streamline","Stack"],"picked":"SKIP","floor":1},{"not_picked":["Turbo","Undo"],"picked":"Chill","floor":3},{"not_picked":["Leap","Undo"],"picked":"Loop","floor":4},{"not_picked":["Buffer","Tempest"],"picked":"Capacitor","floor":5},{"not_picked":["Rebound","Compile Driver"],"picked":"Buffer","floor":7},{"not_picked":["White Noise","Lockon"],"picked":"Hologram","floor":11},{"not_picked":["Steam","Turbo"],"picked":"Gash","floor":12},{"not_picked":["Creative AI","Fission"],"picked":"Core Surge","floor":16},{"not_picked":[],"picked":"Storm","floor":18},{"not_picked":["Rebound"],"picked":"SKIP","floor":19}],"player_experience":1776115,"relics_obtained":[{"floor":7,"key":"Omamori"},{"floor":9,"key":"War Paint"},{"floor":12,"key":"Boot"}],"event_choices":[],"is_beta":false,"boss_relics":[{"not_picked":["Runic Dome","Ectoplasm"],"picked":"Busted Crown"}],"items_purged_floors":[],"is_endless":false,"potions_floor_spawned":[1,5,7,11,16],"killed_by":"Sentry and Sphere","ascension_level":20}