{"gold_per_floor":[114,133,133,150,165,190,190,265,318,351,351,526,5,16,16,16],"floor_reached":16,"playtime":502,"items_purged":[],"score":212,"play_id":"0e26ecfc-28c9-4e40-a67d-4052a4bf1edf","local_time":"20190713124634","is_ascension_mode":true,"campfire_choices":[{"floor":7,"key":"REST"},{"floor":11,"key":"REST"},{"floor":15,"key":"DIG"}],"neow_cost":"NONE","seed_source_timestamp":134924418742259,"circlet_count":0,"master_deck":["AscendersBane","Strike_B","Strike_B","Strike_B","Strike_B","Defend_B","Defend_B","Defend_B","Defend_B","Zap+1","Dualcast","Defragment","Self Repair","Leap","Ball Lightning","Conserve Battery+1","Static Discharge","Glacier"],"special_seed":0,"relics":["Cracked Core","Shuriken","Omamori","Juzu Bracelet","Shovel","Strawberry","War Paint"],"potions_floor_usage":[10],"damage_taken":[{"damage":4.0,"enemies":"2 Louse","floor":1.0,"turns":3.0},{"damage":0.0,"enemies":"Small Slimes","floor":2.0,"turns":3.0},{"damage":3.0,"enemies":"Jaw Worm","floor":4.0,"turns":4.0},{"damage":30.0,"enemies":"Large Slime","floor":5.0,"turns":7.0},{"damage":32,"enemies":"Gremlin Nob","floor":6,"turns":4},{"damage":38,"enemies":"Lagavulin","floor":10,"turns":9},{"damage":0,"enemies":"Blue Slaver","floor":14,"turns":4},{"damage":55,"enemies":"Slime Boss","floor":16,"turns":8}],"seed_played":"5531647612465880698","potions_obtained":[{"floor":4.0,"key":"Swift Potion"},{"floor":6,"key":"FearPotion"},{"floor":10,"key":"SteroidPotion"}],"is_trial":false,"path_per_floor":["M","M","?","M","M","E","R","?","T","E","R","?","$","M","R","B"],"character_chosen":"DEFECT","items_purchased":["Glacier","Shovel","Strawberry"],"campfire_rested":2,"item_purchase_floors":[13,13,13],"current_hp_per_floor":[67,67,72,76,53,28,52,41,41,10,34,34,41,48,48,0],"gold":16,"neow_bonus":"TEN_PERCENT_HP_BONUS","is_prod":false,"is_daily":false,"chose_seed":false,"campfire_upgraded":0,"win_rate":0,"timestamp":1562993194,"path_taken":["M","M","?","M","M","E","R","?","T","E","R","?","?","M","R","BOSS"],"build_version":"2019-07-05","purchased_purges":0,"victory":false,"max_hp_per_floor":[78,78,83,83,83,83,83,83,83,83,83,83,90,90,90,90],"card_choices":[{"not_picked":["Coolheaded","Chill"],"picked":"Defragment","floor":1.0},{"not_picked":["Stack","Coolheaded"],"picked":"Self Repair","floor":2.0},{"not_picked":["Chill","Storm"],"picked":"Leap","floor":4.0},{"not_picked":["Hologram","Redo"],"picked":"Ball Lightning","floor":5.0},{"not_picked":["Recycle","Consume"],"picked":"Conserve Battery","floor":6},{"not_picked":["Thunder Strike","Gash"],"picked":"Static Discharge","floor":10},{"not_picked":["Hologram","Rebound","Conserve Battery"],"picked":"SKIP","floor":14}],"player_experience":847252,"relics_obtained":[{"floor":6,"key":"Shuriken"},{"floor":9,"key":"Omamori"},{"floor":10,"key":"Juzu Bracelet"},{"floor":15,"key":"War Paint"}],"event_choices":[{"damage_healed":0.0,"max_hp_gain":5.0,"max_hp_loss":0.0,"gold_gain":0.0,"event_name":"Big Fish","player_choice":"Donut","floor":3.0,"gold_loss":0.0,"damage_taken":0.0},{"damage_healed":0,"gold_gain":75,"player_choice":"Gather Gold","damage_taken":11,"max_hp_gain":0,"max_hp_loss":0,"event_name":"World of Goop","floor":8,"gold_loss":0},{"damage_healed":0,"gold_gain":175,"player_choice":"AGREE","damage_taken":0,"max_hp_gain":0,"max_hp_loss":0,"event_name":"Liars Game","floor":12,"gold_loss":0,"cards_obtained":["Doubt"]}],"is_beta":false,"boss_relics":[],"items_purged_floors":[],"is_endless":false,"potions_floor_spawned":[4,6,10],"killed_by":"Slime Boss","ascension_level":14}