{"gold_per_floor":[111,111,122,122,122,149,163,163,163,194,207,207,222,248,248,323,323,337,387,19,36,36,70,17,49,49,49,49,69,100,100,100,100],"floor_reached":33,"playtime":1216,"items_purged":[],"score":692,"play_id":"c03ad38d-1406-45a0-8e80-c7568a3e87db","local_time":"20190601000241","is_ascension_mode":true,"campfire_choices":[{"data":"Hemokinesis","floor":8,"key":"SMITH"},{"floor":12,"key":"REST"},{"data":"True Grit","floor":15,"key":"SMITH"},{"floor":28,"key":"REST"},{"data":"Apotheosis","floor":32,"key":"SMITH"}],"neow_cost":"CURSE","seed_source_timestamp":241821679774852,"circlet_count":0,"master_deck":["AscendersBane","Strike_R","Strike_R","Strike_R","Strike_R","Strike_R","Defend_R","Defend_R","Defend_R+1","Defend_R","Bash","Hemokinesis+1","Flame Barrier+1","Rampage","Spot Weakness","Whirlwind","Fiend Fire","Corruption+1","True Grit+1","Offering","Clumsy","Writhe","Clumsy","Headbutt","Apotheosis+1","Anger+1","Rupture+1","Pummel","Reckless Charge+1","Inflame+1"],"relics":["Burning Blood","Torii","Charon\u0027s Ashes","Frozen Egg 2","Letter Opener","Meat on the Bone","Calling Bell","Dream Catcher","Mercury Hourglass","Girya","Bag of Marbles","Centennial Puzzle","Bag of Preparation","Thread and Needle","MutagenicStrength","Blue Candle","Shovel"],"potions_floor_usage":[10,14,23,25,33,33],"damage_taken":[{"damage":1,"enemies":"2 Louse","floor":1,"turns":3},{"damage":5,"enemies":"Small Slimes","floor":3,"turns":3},{"damage":22,"enemies":"3 Sentries","floor":6,"turns":13},{"damage":13,"enemies":"Jaw Worm","floor":7,"turns":4},{"damage":25,"enemies":"Lagavulin","floor":10,"turns":6},{"damage":1,"enemies":"Exordium Wildlife","floor":11,"turns":3},{"damage":6,"enemies":"3 Louse","floor":13,"turns":2},{"damage":4,"enemies":"3 Sentries","floor":14,"turns":5},{"damage":15,"enemies":"Hexaghost","floor":16,"turns":8},{"damage":9,"enemies":"Chosen","floor":18,"turns":5},{"damage":6,"enemies":"Spheric Guardian","floor":21,"turns":1},{"damage":42,"enemies":"Slavers","floor":23,"turns":5},{"damage":7,"enemies":"Gremlin Leader","floor":25,"turns":3},{"damage":15,"enemies":"Snake Plant","floor":29,"turns":2},{"damage":6,"enemies":"Slavers","floor":30,"turns":1},{"damage":60,"enemies":"Automaton","floor":33,"turns":6}],"seed_played":"-7825788111013330315","potions_obtained":[{"floor":1,"key":"FearPotion"},{"floor":13,"key":"Explosive Potion"},{"floor":14,"key":"SteroidPotion"},{"floor":25,"key":"GamblersBrew"},{"floor":29,"key":"GamblersBrew"},{"floor":30,"key":"AttackPotion"}],"is_trial":false,"path_per_floor":["M","?","M","?","?","E","M","R","T","E","M","R","M","E","R","B",null,"M","?","$","M","?","E","$","E","T","?","R","M","E","T","R","B"],"character_chosen":"IRONCLAD","items_purchased":["Apotheosis","Bag of Marbles","PowerPotion"],"campfire_rested":2,"item_purchase_floors":[20,20,24],"current_hp_per_floor":[73,73,74,79,55,39,32,32,32,13,18,42,42,44,44,47,72,69,69,69,69,46,22,22,33,33,33,58,49,49,49,49,0],"gold":100,"neow_bonus":"ONE_RARE_RELIC","is_prod":false,"is_daily":false,"chose_seed":false,"campfire_upgraded":3,"win_rate":0,"timestamp":1559365361,"path_taken":["M","?","M","?","?","E","M","R","T","E","M","R","M","E","R","BOSS","M","?","$","M","?","E","?","E","T","?","R","?","E","?","R","BOSS"],"build_version":"2019-01-23","purchased_purges":0,"victory":false,"max_hp_per_floor":[75,75,75,80,80,80,80,80,80,80,80,80,80,80,80,80,80,80,80,80,80,85,85,85,85,85,85,85,85,85,85,85,85],"card_choices":[{"not_picked":["Clash","Havoc"],"picked":"Hemokinesis","floor":1},{"not_picked":["Iron Wave","Wild Strike"],"picked":"Flame Barrier","floor":3},{"not_picked":["Flex","Heavy Blade"],"picked":"Rampage","floor":6},{"not_picked":["Hemokinesis","Cleave"],"picked":"Spot Weakness","floor":7},{"not_picked":["True Grit","Armaments"],"picked":"Whirlwind","floor":10},{"not_picked":["Iron Wave","Perfected Strike"],"picked":"Fiend Fire","floor":11},{"not_picked":["Shockwave","Headbutt"],"picked":"Corruption+1","floor":13},{"not_picked":["Reckless Charge","Fiend Fire"],"picked":"True Grit","floor":14},{"not_picked":["Barricade+1","Double Tap"],"picked":"Offering","floor":16},{"not_picked":["Wild Strike+1","True Grit"],"picked":"Headbutt","floor":18},{"not_picked":["Clothesline","Thunderclap","Heavy Blade+1"],"picked":"SKIP","floor":21},{"not_picked":["Twin Strike","Blood for Blood+1"],"picked":"Anger+1","floor":23},{"not_picked":["Flex","Havoc"],"picked":"Rupture+1","floor":25},{"not_picked":["Sword Boomerang","Warcry"],"picked":"Pummel","floor":28},{"not_picked":["Searing Blow","Cleave+1"],"picked":"Reckless Charge+1","floor":29},{"not_picked":["Pommel Strike","Double Tap"],"picked":"Inflame+1","floor":30}],"player_experience":1633519,"relics_obtained":[{"floor":6,"key":"Charon\u0027s Ashes"},{"floor":9,"key":"Frozen Egg 2"},{"floor":10,"key":"Letter Opener"},{"floor":14,"key":"Meat on the Bone"},{"floor":17,"key":"Dream Catcher"},{"floor":17,"key":"Mercury Hourglass"},{"floor":17,"key":"Girya"},{"floor":23,"key":"Centennial Puzzle"},{"floor":25,"key":"Bag of Preparation"},{"floor":26,"key":"Thread and Needle"},{"floor":30,"key":"Blue Candle"},{"floor":31,"key":"Shovel"}],"event_choices":[{"cards_removed":["Clumsy"],"damage_healed":0,"gold_gain":0,"player_choice":"Forget","damage_taken":0,"max_hp_gain":0,"max_hp_loss":0,"event_name":"Living Wall","floor":2,"gold_loss":0},{"damage_healed":0,"gold_gain":0,"player_choice":"Donut","damage_taken":0,"max_hp_gain":5,"max_hp_loss":0,"event_name":"Big Fish","floor":4,"gold_loss":0},{"damage_healed":0,"gold_gain":0,"player_choice":"Entered Light","damage_taken":24,"max_hp_gain":0,"max_hp_loss":0,"event_name":"Shining Light","floor":5,"gold_loss":0,"cards_upgraded":["Defend_R","Flame Barrier"]},{"damage_healed":0,"gold_gain":50,"player_choice":"Stole From Cult","damage_taken":0,"max_hp_gain":0,"max_hp_loss":0,"event_name":"Nest","floor":19,"gold_loss":0},{"damage_healed":0,"gold_gain":0,"player_choice":"Shed Blood","damage_taken":28,"max_hp_gain":5,"max_hp_loss":0,"event_name":"Forgotten Altar","floor":22,"gold_loss":0},{"damage_healed":0,"gold_gain":0,"player_choice":"Inject Mutagens","damage_taken":0,"relics_obtained":["MutagenicStrength"],"max_hp_gain":0,"max_hp_loss":0,"event_name":"Drug Dealer","floor":27,"gold_loss":0}],"is_beta":false,"boss_relics":[{"not_picked":["Empty Cage","Black Blood"],"picked":"Calling Bell"}],"items_purged_floors":[],"is_endless":false,"potions_floor_spawned":[1,13,14,25,29,30],"killed_by":"Automaton","ascension_level":20}