{"gold_per_floor":[112,128,128,144,160,160,186,111,164,175,175,208,208,239,239,316,316,330,350,7,21,71,271,306,319,319,319,330,330,357,374,374,451,451,464,477,497,597,597,625,645,673,745,763,776,776,776,776,776,776,776],"floor_reached":51,"playtime":2509,"items_purged":[],"score":1613,"play_id":"97028859-a25f-4133-b6a5-887244419da0","local_time":"20190701004327","is_ascension_mode":true,"campfire_choices":[{"data":"Bash","floor":6,"key":"SMITH"},{"floor":11,"key":"REST"},{"data":"Enlightenment","floor":13,"key":"SMITH"},{"floor":15,"key":"REST"},{"data":"Feed","floor":27,"key":"SMITH"},{"data":"True Grit","floor":29,"key":"SMITH"},{"data":"True Grit","floor":32,"key":"SMITH"},{"floor":46,"key":"REST"},{"floor":49,"key":"RECALL"}],"neow_cost":"CURSE","seed_source_timestamp":566348350284123,"circlet_count":0,"master_deck":["AscendersBane","Strike_R","Strike_R","Strike_R","Strike_R","Strike_R","Defend_R","Defend_R","Defend_R","Defend_R","Bash+1","Enlightenment+1","Enlightenment","Whirlwind+1","Combust","Pommel Strike","Twin Strike","Thunderclap","Flame Barrier","Offering","Feed+1","Corruption","Clothesline","Uppercut","True Grit+1","Shockwave","True Grit+1","Demon Form","Inflame+1","Offering","Shrug It Off","True Grit","Feel No Pain","Writhe"],"relics":["Burning Blood","Bottled Flame","Ancient Tea Set","PreservedInsect","Runic Pyramid","Charon\u0027s Ashes","Red Skull","Centennial Puzzle","Strawberry","Fusion Hammer","Ginger","Bird Faced Urn","Art of War"],"potions_floor_usage":[7,14,16,16,18,19,21,23,33,42],"damage_taken":[{"damage":11,"enemies":"Jaw Worm","floor":1,"turns":4},{"damage":7,"enemies":"Cultist","floor":2,"turns":4},{"damage":5,"enemies":"Small Slimes","floor":4,"turns":3},{"damage":11,"enemies":"Looter","floor":5,"turns":4},{"damage":38,"enemies":"Lagavulin","floor":7,"turns":6},{"damage":14,"enemies":"Red Slaver","floor":10,"turns":3},{"damage":9,"enemies":"3 Sentries","floor":12,"turns":4},{"damage":21,"enemies":"Lagavulin","floor":14,"turns":3},{"damage":18,"enemies":"Slime Boss","floor":16,"turns":6},{"damage":23,"enemies":"2 Thieves","floor":18,"turns":5},{"damage":34,"enemies":"Spheric Guardian","floor":19,"turns":6},{"damage":12,"enemies":"Centurion and Healer","floor":21,"turns":6},{"damage":6,"enemies":"Gremlin Leader","floor":24,"turns":4},{"damage":5,"enemies":"Snecko","floor":25,"turns":3},{"damage":6,"enemies":"Chosen and Byrds","floor":28,"turns":3},{"damage":0,"enemies":"Slavers","floor":30,"turns":1},{"damage":6,"enemies":"3 Cultists","floor":31,"turns":1},{"damage":47,"enemies":"Collector","floor":33,"turns":9},{"damage":14,"enemies":"Orb Walker","floor":35,"turns":3},{"damage":14,"enemies":"3 Shapes","floor":36,"turns":7},{"damage":19,"enemies":"3 Darklings","floor":37,"turns":3},{"damage":20,"enemies":"Mind Bloom Boss Battle","floor":38,"turns":5},{"damage":10,"enemies":"Reptomancer","floor":40,"turns":4},{"damage":19,"enemies":"Maw","floor":41,"turns":5},{"damage":51,"enemies":"Nemesis","floor":42,"turns":5},{"damage":9,"enemies":"Jaw Worm Horde","floor":44,"turns":2},{"damage":19,"enemies":"Writhing Mass","floor":45,"turns":4},{"damage":57,"enemies":"Time Eater","floor":50,"turns":7},{"damage":49,"enemies":"Awakened One","floor":51,"turns":4}],"seed_played":"-6986447624931970947","potions_obtained":[{"floor":4,"key":"Poison Potion"},{"floor":7,"key":"Fire Potion"},{"floor":10,"key":"EntropicBrew"},{"floor":14,"key":"PowerPotion"},{"floor":18,"key":"SkillPotion"},{"floor":19,"key":"Fruit Juice"},{"floor":31,"key":"Block Potion"},{"floor":33,"key":"FairyPotion"},{"floor":36,"key":"PowerPotion"},{"floor":38,"key":"Poison Potion"},{"floor":42,"key":"Strength Potion"}],"is_trial":false,"path_per_floor":["M","M","?","M","M","R","E","?","T","M","R","E","R","E","R","B",null,"M","M","$","M","?","?","E","M","T","R","M","R","E","M","R","B",null,"M","M","M","?","?","E","M","E","T","M","M","R","?","?","R","B","B"],"character_chosen":"IRONCLAD","items_purchased":["Charon\u0027s Ashes"],"campfire_rested":3,"item_purchase_floors":[20],"current_hp_per_floor":[63,62,62,63,58,58,26,26,26,18,40,37,37,22,44,32,64,50,25,25,22,22,27,30,34,34,34,38,38,51,51,51,14,86,82,78,69,59,59,55,52,15,15,16,11,52,52,80,80,41,0],"gold":776,"neow_bonus":"RANDOM_COLORLESS_2","is_prod":false,"is_daily":false,"chose_seed":false,"campfire_upgraded":5,"win_rate":0,"timestamp":1561959807,"path_taken":["M","M","?","M","?","R","E","?","T","M","R","E","R","E","R","BOSS","M","M","$","M","?","?","E","M","T","R","M","R","E","?","R","BOSS","M","M","?","?","?","E","M","E","T","M","M","R","?","?","R","BOSS","BOSS"],"build_version":"2019-06-29","purchased_purges":0,"victory":false,"max_hp_per_floor":[75,75,75,75,75,75,75,75,75,75,75,75,75,75,75,75,75,78,81,81,84,84,89,92,95,95,95,99,99,106,106,106,110,110,114,118,122,126,126,126,130,130,130,134,138,138,138,138,138,142,146],"card_choices":[{"not_picked":["Warcry","Flex"],"picked":"Whirlwind","floor":1},{"not_picked":["Havoc","Evolve"],"picked":"Combust","floor":2},{"not_picked":["Seeing Red","Heavy Blade"],"picked":"Pommel Strike","floor":4},{"not_picked":["Infernal Blade","Havoc"],"picked":"Twin Strike","floor":5},{"not_picked":["Rupture","Cleave"],"picked":"Thunderclap","floor":7},{"not_picked":["Thunderclap","Wild Strike"],"picked":"Shrug It Off","floor":10},{"not_picked":["Searing Blow","Ghostly Armor"],"picked":"Flame Barrier","floor":12},{"not_picked":["Barricade","Heavy Blade"],"picked":"Offering","floor":14},{"not_picked":["Immolate","Exhume"],"picked":"Feed","floor":16},{"not_picked":["Clash","Thunderclap","Wild Strike"],"picked":"SKIP","floor":18},{"not_picked":["Dual Wield","Warcry"],"picked":"Corruption","floor":19},{"not_picked":["Clash","Cleave","Warcry"],"picked":"SKIP","floor":21},{"not_picked":["Battle Trance","Brutality"],"picked":"Clothesline","floor":24},{"not_picked":["Pommel Strike","Rage"],"picked":"Uppercut","floor":25},{"not_picked":["Combust+1","Warcry"],"picked":"True Grit","floor":28},{"not_picked":["Heavy Blade+1","Perfected Strike"],"picked":"Shockwave","floor":30},{"not_picked":["Evolve","Fire Breathing"],"picked":"True Grit","floor":31},{"not_picked":["Feed","Dark Embrace"],"picked":"Demon Form","floor":33},{"not_picked":["Rampage","Twin Strike+1","Perfected Strike"],"picked":"SKIP","floor":35},{"not_picked":["Corruption","Thunderclap","Second Wind+1"],"picked":"SKIP","floor":36},{"not_picked":["Thunderclap+1","Clothesline+1","Reckless Charge"],"picked":"SKIP","floor":37},{"not_picked":["Infernal Blade","Combust+1"],"picked":"Inflame+1","floor":40},{"not_picked":["Wild Strike+1","Armaments"],"picked":"Offering","floor":41},{"not_picked":["Bludgeon","Anger"],"picked":"Shrug It Off","floor":42},{"not_picked":["Dropkick","Ghostly Armor"],"picked":"True Grit","floor":44},{"not_picked":["Warcry","Sword Boomerang"],"picked":"Feel No Pain","floor":45}],"player_experience":1622297,"relics_obtained":[{"floor":7,"key":"Bottled Flame"},{"floor":9,"key":"Ancient Tea Set"},{"floor":12,"key":"PreservedInsect"},{"floor":24,"key":"Red Skull"},{"floor":26,"key":"Centennial Puzzle"},{"floor":30,"key":"Strawberry"},{"floor":38,"key":"Ginger"},{"floor":40,"key":"Bird Faced Urn"},{"floor":42,"key":"Art of War"}],"event_choices":[{"damage_healed":0,"gold_gain":0,"player_choice":"Upgraded","damage_taken":0,"max_hp_gain":0,"max_hp_loss":0,"event_name":"Upgrade Shrine","floor":3,"gold_loss":0,"cards_upgraded":["Whirlwind"]},{"cards_removed":["Shame"],"damage_healed":0,"gold_gain":0,"player_choice":"Card Removal","damage_taken":0,"max_hp_gain":0,"max_hp_loss":0,"event_name":"The Cleric","floor":8,"gold_loss":75},{"damage_healed":0,"gold_gain":50,"player_choice":"Stole From Cult","damage_taken":0,"max_hp_gain":0,"max_hp_loss":0,"event_name":"Nest","floor":22,"gold_loss":0},{"damage_healed":0,"gold_gain":250,"player_choice":"Bet on Owner","damage_taken":0,"max_hp_gain":0,"max_hp_loss":0,"event_name":"The Joust","floor":23,"gold_loss":50},{"damage_healed":0,"gold_gain":0,"player_choice":"Fight","damage_taken":0,"max_hp_gain":0,"max_hp_loss":0,"event_name":"MindBloom","floor":38,"gold_loss":0},{"damage_healed":0,"gold_gain":0,"player_choice":"Ignored","damage_taken":0,"max_hp_gain":0,"max_hp_loss":0,"event_name":"Tomb of Lord Red Mask","floor":39,"gold_loss":0},{"cards_removed":["Shrug It Off"],"damage_healed":0,"gold_gain":0,"player_choice":"Removed Skill","damage_taken":0,"max_hp_gain":0,"max_hp_loss":0,"event_name":"Falling","floor":47,"gold_loss":0},{"damage_healed":28,"gold_gain":0,"player_choice":"Writhe","damage_taken":0,"max_hp_gain":0,"max_hp_loss":0,"event_name":"Winding Halls","floor":48,"gold_loss":0,"cards_obtained":["Writhe"]}],"is_beta":true,"boss_relics":[{"not_picked":["Eternal Feather","Snecko Eye"],"picked":"Runic Pyramid"},{"not_picked":["Empty Cage","Velvet Choker"],"picked":"Fusion Hammer"}],"items_purged_floors":[],"is_endless":false,"potions_floor_spawned":[4,7,10,12,14,18,19,31,33,36,38,40,42],"killed_by":"Awakened One","ascension_level":20}