{"gold_per_floor":[112,112,126,141,91,17,29,39,65,78,78,90,105,119,119,223,223,196,52,71,71,71],"floor_reached":22,"playtime":2181,"items_purged":["Strike_B"],"score":182,"play_id":"9a8cf515-ed9e-41d6-8081-4232cf7f9d14","local_time":"20190711040415","is_ascension_mode":false,"campfire_choices":[{"floor":11,"key":"REST"},{"floor":15,"key":"REST"}],"neow_cost":"NONE","seed_source_timestamp":1402451857816300,"circlet_count":0,"master_deck":["Strike_B","Strike_B+1","Defend_B","Defend_B","Defend_B","Defend_B","Zap","Dualcast+1","Biased Cognition","Capacitor","Doom and Gloom","Ball Lightning","Seek","Defragment","Chaos","Genetic Algorithm","Conserve Battery","Rainbow","Reinforced Body","Amplify","Glacier","Buffer","Conserve Battery"],"relics":["Cracked Core","Eternal Feather"],"potions_floor_usage":[16,16,16],"damage_taken":[{"damage":1,"enemies":"2 Louse","floor":1,"turns":2},{"damage":0,"enemies":"Small Slimes","floor":3,"turns":3},{"damage":1,"enemies":"Jaw Worm","floor":4,"turns":3},{"damage":14,"enemies":"3 Louse","floor":7,"turns":2},{"damage":11,"enemies":"Blue Slaver","floor":8,"turns":4},{"damage":9,"enemies":"Large Slime","floor":10,"turns":7},{"damage":6,"enemies":"3 Louse","floor":12,"turns":2},{"damage":9,"enemies":"Exordium Wildlife","floor":13,"turns":3},{"damage":16,"enemies":"Exordium Thugs","floor":14,"turns":5},{"damage":15,"enemies":"The Guardian","floor":16,"turns":11},{"damage":39,"enemies":"2 Thieves","floor":18,"turns":5},{"damage":5,"enemies":"Chosen","floor":20,"turns":7},{"damage":36,"enemies":"3 Cultists","floor":22,"turns":5}],"seed_played":"-8901537537945110653","potions_obtained":[{"floor":4,"key":"PowerPotion"},{"floor":10,"key":"Poison Potion"},{"floor":12,"key":"AttackPotion"},{"floor":14,"key":"LiquidBronze"}],"is_trial":false,"path_per_floor":["M","?","M","M","?","$","M","M","T","M","R","M","M","M","R","B",null,"M","$","M","?","M"],"character_chosen":"DEFECT","items_purchased":["Seek","Buffer"],"campfire_rested":2,"item_purchase_floors":[6,19],"current_hp_per_floor":[74,59,59,58,58,58,44,33,33,24,46,40,31,15,37,22,75,36,36,31,31,0],"gold":71,"neow_bonus":"ONE_RANDOM_RARE_CARD","is_prod":false,"is_daily":false,"chose_seed":false,"campfire_upgraded":0,"win_rate":0,"timestamp":1562832255,"path_taken":["M","?","M","M","?","$","M","M","T","M","R","M","M","M","R","BOSS","M","$","M","?","M"],"build_version":"2019-07-05","purchased_purges":1,"victory":false,"max_hp_per_floor":[75,75,75,75,75,75,75,75,75,75,75,75,75,75,75,75,75,75,75,75,75,75],"card_choices":[{"not_picked":["Redo","Reprogram"],"picked":"Capacitor","floor":1},{"not_picked":["Rip and Tear","Leap"],"picked":"Doom and Gloom","floor":3},{"not_picked":["Skim","Redo"],"picked":"Ball Lightning","floor":4},{"not_picked":["Capacitor","Melter"],"picked":"Defragment","floor":7},{"not_picked":["Compile Driver","Hello World"],"picked":"Chaos","floor":8},{"not_picked":["Doom and Gloom","Sweeping Beam"],"picked":"Genetic Algorithm","floor":10},{"not_picked":["Cold Snap","Ball Lightning"],"picked":"Conserve Battery","floor":12},{"not_picked":["Hologram","Conserve Battery"],"picked":"Rainbow","floor":13},{"not_picked":["Cold Snap","Conserve Battery"],"picked":"Reinforced Body","floor":14},{"not_picked":["Rainbow","Biased Cognition"],"picked":"Amplify","floor":16},{"not_picked":["Leap","Defragment"],"picked":"Glacier","floor":18},{"not_picked":["Heatsinks+1","Leap"],"picked":"Conserve Battery","floor":20}],"player_experience":53043,"relics_obtained":[],"event_choices":[{"damage_healed":0,"gold_gain":0,"player_choice":"Entered Light","damage_taken":15,"max_hp_gain":0,"max_hp_loss":0,"event_name":"Shining Light","floor":2,"gold_loss":0,"cards_upgraded":["Strike_B","Dualcast"]},{"cards_removed":["Strike_B"],"damage_healed":0,"gold_gain":0,"player_choice":"Card Removal","damage_taken":0,"max_hp_gain":0,"max_hp_loss":0,"event_name":"The Cleric","floor":5,"gold_loss":50}],"is_beta":false,"boss_relics":[{"not_picked":["Cursed Key","Busted Crown"],"picked":"Eternal Feather"}],"items_purged_floors":[19],"is_endless":false,"potions_floor_spawned":[4,10,12,14],"killed_by":"3 Cultists","ascension_level":0}