{"gold_per_floor":[119,2,2,16,26,26,59,59,110,124,138,169,169,169,169,169],"floor_reached":16,"playtime":596,"items_purged":["Strike_G"],"score":220,"play_id":"ff2f082e-470a-4631-89af-8d15e46c1beb","local_time":"20190619015527","is_ascension_mode":true,"campfire_choices":[{"data":"Finisher","floor":6,"key":"SMITH"},{"floor":8,"key":"REST"},{"floor":13,"key":"REST"},{"data":"Well Laid Plans","floor":15,"key":"SMITH"}],"neow_cost":"NONE","seed_source_timestamp":1804406914161832,"circlet_count":0,"master_deck":["AscendersBane","Defend_G","Defend_G","Defend_G","Defend_G","Defend_G","Strike_G","Strike_G","Strike_G","Strike_G+1","Survivor","Neutralize+1","Well Laid Plans+1","Footwork","Writhe","Finisher+1","Dagger Spray","PiercingWail","Backflip","Dagger Throw","Terror","Parasite"],"relics":["Ring of the Snake","NeowsBlessing","Bag of Preparation","Whetstone","Happy Flower"],"potions_floor_usage":[12,12],"damage_taken":[{"damage":0,"enemies":"2 Louse","floor":1,"turns":1},{"damage":0,"enemies":"Cultist","floor":4,"turns":1},{"damage":0,"enemies":"Jaw Worm","floor":5,"turns":1},{"damage":46,"enemies":"3 Sentries","floor":7,"turns":11},{"damage":5,"enemies":"2 Fungi Beasts","floor":10,"turns":3},{"damage":11,"enemies":"Large Slime","floor":11,"turns":7},{"damage":9,"enemies":"Gremlin Nob","floor":12,"turns":4},{"damage":48,"enemies":"Slime Boss","floor":16,"turns":10}],"seed_played":"4035907658159783345","potions_obtained":[{"floor":1,"key":"Energy Potion"},{"floor":10,"key":"SteroidPotion"},{"floor":11,"key":"Block Potion"}],"is_trial":false,"path_per_floor":["M","$","?","M","M","R","E","R","T","M","M","E","R","?","R","B"],"character_chosen":"THE_SILENT","items_purchased":["Footwork"],"campfire_rested":2,"item_purchase_floors":[2],"current_hp_per_floor":[59,59,59,59,59,59,13,32,32,27,16,7,26,42,42,0],"gold":169,"neow_bonus":"THREE_ENEMY_KILL","is_prod":false,"is_daily":false,"chose_seed":false,"campfire_upgraded":2,"win_rate":0,"timestamp":1560927327,"path_taken":["M","$","?","?","M","R","E","R","T","M","M","E","R","?","R","BOSS"],"build_version":"2019-01-23","purchased_purges":1,"victory":false,"max_hp_per_floor":[66,66,66,66,66,66,66,66,66,66,66,66,66,66,66,66],"card_choices":[{"not_picked":["Distraction","PiercingWail"],"picked":"Well Laid Plans","floor":1},{"not_picked":["PiercingWail","Deadly Poison"],"picked":"Dagger Spray","floor":4},{"not_picked":["Distraction","Prepared","Well Laid Plans"],"picked":"SKIP","floor":5},{"not_picked":["Blur","Underhanded Strike"],"picked":"PiercingWail","floor":7},{"not_picked":["Slice","Prepared"],"picked":"Backflip","floor":10},{"not_picked":["Caltrops","Riddle With Holes"],"picked":"Dagger Throw","floor":11},{"not_picked":["Distraction","Underhanded Strike"],"picked":"Terror","floor":12}],"player_experience":1805516,"relics_obtained":[{"floor":7,"key":"Bag of Preparation"},{"floor":9,"key":"Whetstone"},{"floor":12,"key":"Happy Flower"}],"event_choices":[{"damage_healed":0,"gold_gain":0,"player_choice":"2 cards matched","damage_taken":0,"max_hp_gain":0,"max_hp_loss":0,"event_name":"Match and Keep!","floor":3,"gold_loss":0,"cards_obtained":["Writhe","Finisher"]},{"damage_healed":16,"gold_gain":0,"player_choice":"Healed and dodged fight","damage_taken":0,"max_hp_gain":0,"max_hp_loss":0,"event_name":"Mushrooms","floor":14,"gold_loss":0,"cards_obtained":["Parasite"]}],"is_beta":false,"boss_relics":[],"items_purged_floors":[2],"is_endless":false,"potions_floor_spawned":[1,10,11],"killed_by":"Slime Boss","ascension_level":20}