{"gold_per_floor":[116,131,91,106,76,110,110,143,143,68,68,81,111,111,111,212,212,230,240,240,132,142,154,182,62,62,62,62,62,12,29,29,128,128,138,157,157,203,216,216,246,246,246,271,302,333,18,35,35,35],"floor_reached":51,"playtime":10866,"items_purged":["Strike_R"],"score":1023,"play_id":"98bf70e1-99c6-408b-8ec8-9c591f6f2947","local_time":"20190701200045","is_ascension_mode":true,"campfire_choices":[{"floor":7.0,"key":"REST"},{"floor":11.0,"key":"REST"},{"data":"Feel No Pain","floor":15.0,"key":"SMITH"},{"floor":27.0,"key":"REST"},{"floor":29.0,"key":"REST"},{"data":"Feel No Pain","floor":32.0,"key":"SMITH"},{"data":"Bludgeon","floor":40.0,"key":"SMITH"},{"data":"Uppercut","floor":49,"key":"SMITH"}],"neow_cost":"NONE","seed_source_timestamp":0,"circlet_count":0,"master_deck":["Strike_R","Strike_R","Strike_R","Strike_R","Defend_R","Defend_R","Defend_R","Defend_R","Bash","True Grit","Feel No Pain+1","Sentinel","Shrug It Off","Pommel Strike","True Grit+1","Reckless Charge","Havoc","Feed","Discovery","Uppercut+1","Bludgeon+1","Warcry+1","Reckless Charge","Evolve+1","Burning Pact+1","Spot Weakness","Feel No Pain+1","Reckless Charge","Necronomicurse","Armaments+1","Reaper","Heavy Blade+1","Sentinel+1","Shrug It Off+1","Pummel+1","Trip+1","Reaper","Headbutt","Reckless Charge","Burning Pact+1","Dual Wield+1"],"special_seed":0,"relics":["Burning Blood","Potion Belt","Bag of Preparation","FossilizedHelix","Singing Bowl","Odd Mushroom","White Beast Statue","Centennial Puzzle","Toxic Egg 2","Necronomicon","Mark of Pain","Gremlin Horn","Du-Vu Doll","War Paint","Pear","MawBank","Bottled Lightning"],"potions_floor_usage":[50,50,50,50,50],"damage_taken":[{"damage":0.0,"enemies":"2 Louse","floor":1.0,"turns":3.0},{"damage":7.0,"enemies":"Cultist","floor":2.0,"turns":5.0},{"damage":11.0,"enemies":"Small Slimes","floor":4.0,"turns":6.0},{"damage":1.0,"enemies":"Looter","floor":5.0,"turns":4.0},{"damage":47.0,"enemies":"Lagavulin","floor":6.0,"turns":12.0},{"damage":51.0,"enemies":"Gremlin Nob","floor":8.0,"turns":5.0},{"damage":3.0,"enemies":"Exordium Thugs","floor":12.0,"turns":5.0},{"damage":1.0,"enemies":"The Mushroom Lair","floor":13.0,"turns":7.0},{"damage":20.0,"enemies":"Hexaghost","floor":16.0,"turns":12.0},{"damage":27.0,"enemies":"Spheric Guardian","floor":18.0,"turns":5.0},{"damage":28.0,"enemies":"3 Byrds","floor":19.0,"turns":9.0},{"damage":12.0,"enemies":"Centurion and Healer","floor":22.0,"turns":9.0},{"damage":3.0,"enemies":"Chosen and Byrds","floor":23.0,"turns":5.0},{"damage":48.0,"enemies":"Book of Stabbing","floor":24.0,"turns":10.0},{"damage":6.0,"enemies":"Shelled Parasite and Fungi","floor":31.0,"turns":4.0},{"damage":3.0,"enemies":"Collector","floor":33.0,"turns":7.0},{"damage":0.0,"enemies":"Orb Walker","floor":35.0,"turns":2.0},{"damage":25.0,"enemies":"3 Darklings","floor":36.0,"turns":6.0},{"damage":51.0,"enemies":"2 Orb Walkers","floor":38.0,"turns":6.0},{"damage":12.0,"enemies":"Jaw Worm Horde","floor":39.0,"turns":3.0},{"damage":0.0,"enemies":"Reptomancer","floor":41.0,"turns":5.0},{"damage":30.0,"enemies":"Giant Head","floor":44.0,"turns":7.0},{"damage":10.0,"enemies":"Sphere and 2 Shapes","floor":45.0,"turns":4.0},{"damage":15.0,"enemies":"4 Shapes","floor":46.0,"turns":5.0},{"damage":17,"enemies":"Writhing Mass","floor":48,"turns":4},{"damage":97,"enemies":"Time Eater","floor":50,"turns":10}],"seed_played":"8885759309205729013","potions_obtained":[{"floor":3.0,"key":"Block Potion"},{"floor":3.0,"key":"FearPotion"},{"floor":3.0,"key":"Fruit Juice"},{"floor":4.0,"key":"LiquidBronze"},{"floor":6.0,"key":"Energy Potion"},{"floor":8.0,"key":"Explosive Potion"},{"floor":12.0,"key":"Fire Potion"},{"floor":13.0,"key":"Dexterity Potion"},{"floor":16.0,"key":"Energy Potion"},{"floor":18.0,"key":"EssenceOfSteel"},{"floor":19.0,"key":"Energy Potion"},{"floor":22.0,"key":"Weak Potion"},{"floor":23.0,"key":"GamblersBrew"},{"floor":24.0,"key":"Energy Potion"},{"floor":31.0,"key":"Block Potion"},{"floor":33.0,"key":"FearPotion"},{"floor":35.0,"key":"AttackPotion"},{"floor":36.0,"key":"Energy Potion"},{"floor":38.0,"key":"Regen Potion"},{"floor":39.0,"key":"Weak Potion"},{"floor":41.0,"key":"Ancient Potion"},{"floor":44.0,"key":"Swift Potion"},{"floor":45.0,"key":"BloodPotion"},{"floor":46.0,"key":"FearPotion"},{"floor":48,"key":"PowerPotion"}],"is_trial":false,"path_per_floor":["M","M","?","M","M","E","R","E","T","$","R","M","?","?","R","B",null,"M","M","?","$","M","M","E","$","T","R","?","R","$","M","R","B",null,"M","M","T","?","M","R","E","?","T","E","M","M","$","M","R","B",null],"character_chosen":"IRONCLAD","items_purchased":["Reckless Charge","Reckless Charge","Feel No Pain","Reckless Charge","PowerPotion","Bottled Lightning","Burning Pact+1"],"campfire_rested":4,"item_purchase_floors":[10,21,25,25,30,47,47],"current_hp_per_floor":[78,77,82,77,82,41,66,21,21,21,46,49,54,54,54,40,74,55,36,66,66,63,69,27,27,27,55,39,67,67,70,70,73,93,99,99,99,74,71,71,103,103,113,89,117,112,112,110,110,74],"gold":35,"neow_bonus":"RANDOM_COMMON_RELIC","is_prod":false,"is_daily":false,"chose_seed":false,"campfire_upgraded":4,"win_rate":0,"timestamp":1562025645,"path_taken":["M","M","?","M","M","E","R","E","T","$","R","?","?","?","R","BOSS","M","M","?","$","M","M","E","$","T","R","?","R","?","M","R","BOSS","M","M","?","?","M","R","E","?","T","E","M","M","$","M","R","BOSS"],"build_version":"2019-07-01","purchased_purges":1,"victory":true,"max_hp_per_floor":[80,80,85,85,85,85,85,85,85,85,85,85,85,85,85,85,85,87,90,90,90,93,96,96,96,96,96,96,96,96,99,99,99,99,99,99,99,99,102,102,104,104,114,114,117,121,121,121,121,121],"card_choices":[{"not_picked":["Twin Strike","Flex"],"picked":"True Grit","floor":1.0},{"not_picked":["Havoc","Cleave"],"picked":"Feel No Pain","floor":2.0},{"not_picked":["Perfected Strike","Heavy Blade"],"picked":"Sentinel","floor":4.0},{"not_picked":["Sentinel","Clash"],"picked":"Shrug It Off","floor":5.0},{"not_picked":["Searing Blow","Double Tap"],"picked":"Pommel Strike","floor":6.0},{"not_picked":["Flex","Twin Strike"],"picked":"True Grit","floor":8.0},{"not_picked":["Cleave","Thunderclap"],"picked":"Havoc","floor":12.0},{"not_picked":["Armaments","Carnage"],"picked":"Feed","floor":13.0},{"not_picked":["Demon Form","Limit Break"],"picked":"Bludgeon","floor":16.0},{"not_picked":["Dropkick","Havoc","Body Slam"],"picked":"Singing Bowl","floor":18.0},{"not_picked":["Metallicize","Wild Strike"],"picked":"Warcry+1","floor":19.0},{"not_picked":["Flex","Perfected Strike"],"picked":"Evolve+1","floor":22.0},{"not_picked":["Rupture+1","Ghostly Armor"],"picked":"Burning Pact","floor":23.0},{"not_picked":["Headbutt","Exhume"],"picked":"Spot Weakness","floor":24.0},{"not_picked":["Searing Blow","Shrug It Off+1"],"picked":"Armaments+1","floor":31.0},{"not_picked":["Berserk","Barricade"],"picked":"Reaper","floor":33.0},{"not_picked":["Thunderclap+1","Anger+1"],"picked":"Heavy Blade+1","floor":35.0},{"not_picked":["Havoc+1","Clothesline"],"picked":"Sentinel+1","floor":36.0},{"not_picked":["Warcry+1","Wild Strike+1"],"picked":"Shrug It Off+1","floor":38.0},{"not_picked":["Hemokinesis+1","Flex+1"],"picked":"Pummel+1","floor":39.0},{"not_picked":["Immolate","Evolve+1","Iron Wave"],"picked":"Singing Bowl","floor":41.0},{"not_picked":["Flash of Steel","Dramatic Entrance"],"picked":"Trip+1","floor":42.0},{"not_picked":["Perfected Strike+1","Evolve+1"],"picked":"Reaper","floor":44.0},{"not_picked":["Armaments+1","Twin Strike+1"],"picked":"Headbutt","floor":45.0},{"not_picked":["Bloodletting+1","Armaments+1"],"picked":"Reckless Charge","floor":46.0},{"not_picked":["Flex+1","Wild Strike"],"picked":"Dual Wield+1","floor":48}],"player_experience":324232,"relics_obtained":[{"floor":6.0,"key":"Bag of Preparation"},{"floor":8.0,"key":"FossilizedHelix"},{"floor":9.0,"key":"Singing Bowl"},{"floor":13.0,"key":"Odd Mushroom"},{"floor":24.0,"key":"Centennial Puzzle"},{"floor":26.0,"key":"Toxic Egg 2"},{"floor":28.0,"key":"Necronomicon"},{"floor":37.0,"key":"Gremlin Horn"},{"floor":38.0,"key":"Du-Vu Doll"},{"floor":41.0,"key":"War Paint"},{"floor":43.0,"key":"Pear"},{"floor":44.0,"key":"MawBank"}],"event_choices":[{"damage_healed":0.0,"max_hp_gain":0.0,"max_hp_loss":0.0,"gold_gain":0.0,"event_name":"The Woman in Blue","player_choice":"Bought 3 Potions","floor":3.0,"gold_loss":0.0,"damage_taken":0.0},{"damage_healed":0.0,"max_hp_gain":0.0,"max_hp_loss":0.0,"gold_gain":0.0,"event_name":"Mushrooms","player_choice":"Fought Mushrooms","floor":13.0,"gold_loss":0.0,"damage_taken":0.0},{"damage_healed":0.0,"max_hp_gain":0.0,"max_hp_loss":0.0,"gold_gain":0.0,"event_name":"Match and Keep!","player_choice":"2 cards matched","floor":14.0,"gold_loss":0.0,"damage_taken":0.0,"cards_obtained":["Discovery","Uppercut"]},{"damage_healed":0.0,"max_hp_gain":0.0,"max_hp_loss":0.0,"gold_gain":0.0,"event_name":"Match and Keep!","player_choice":"2 cards matched","floor":14.0,"gold_loss":0.0,"damage_taken":0.0,"cards_obtained":["Discovery","Uppercut"]},{"damage_healed":30.0,"max_hp_gain":0.0,"max_hp_loss":0.0,"gold_gain":0.0,"event_name":"The Library","player_choice":"Heal","floor":20.0,"gold_loss":0.0,"damage_taken":0.0},{"damage_healed":0.0,"max_hp_gain":0.0,"max_hp_loss":0.0,"gold_gain":0.0,"event_name":"Cursed Tome","player_choice":"Obtained Book","floor":28.0,"gold_loss":0.0,"damage_taken":16.0},{"damage_healed":0.0,"max_hp_gain":0.0,"max_hp_loss":0.0,"gold_gain":0.0,"event_name":"Mysterious Sphere","player_choice":"Fight","floor":38.0,"gold_loss":0.0,"damage_taken":0.0},{"damage_healed":0.0,"max_hp_gain":0.0,"max_hp_loss":0.0,"gold_gain":0.0,"event_name":"SensoryStone","player_choice":"Memory 1","floor":42.0,"gold_loss":0.0,"damage_taken":0.0}],"is_beta":false,"boss_relics":[{"not_picked":["Calling Bell","Empty Cage"],"picked":"White Beast Statue"},{"not_picked":["Lizard Tail","Orrery"],"picked":"Mark of Pain"}],"items_purged_floors":[21],"is_endless":false,"potions_floor_spawned":[4,6,8,12,13,16,18,19,22,23,24,31,33,35,36,38,39,41,44,45,46,48],"ascension_level":6}