{"gold_per_floor":[112,112,124,139,139,171,171,189,189,223,223],"floor_reached":11,"playtime":408,"items_purged":[],"score":166,"play_id":"ecd2aab8-6b17-4e64-8ff5-8e7ca277395d","local_time":"20190614013900","is_ascension_mode":true,"campfire_choices":[{"floor":7,"key":"REST"}],"neow_cost":"NONE","seed_source_timestamp":1371608091330273,"circlet_count":0,"master_deck":["AscendersBane","Defend_G","Defend_G","Defend_G","Defend_G","Defend_G+1","Strike_G","Strike_G","Strike_G","Strike_G","Survivor","Neutralize","All Out Attack","Deadly Poison","Skewer","Concentrate+1","Backflip","Bouncing Flask"],"relics":["Ring of the Snake","Bag of Preparation","War Paint","Frozen Egg 2"],"potions_floor_usage":[6,10,10],"damage_taken":[{"damage":2,"enemies":"2 Louse","floor":1,"turns":4},{"damage":3,"enemies":"Jaw Worm","floor":3,"turns":4},{"damage":8,"enemies":"Cultist","floor":4,"turns":4},{"damage":47,"enemies":"Lagavulin","floor":6,"turns":9},{"damage":4,"enemies":"Red Slaver","floor":8,"turns":4},{"damage":9,"enemies":"3 Sentries","floor":10,"turns":6},{"damage":17,"enemies":"Exordium Thugs","floor":11,"turns":1}],"seed_played":"6231696100407073962","potions_obtained":[{"floor":0,"key":"PowerPotion"},{"floor":0,"key":"GhostInAJar"},{"floor":6,"key":"Weak Potion"},{"floor":8,"key":"PowerPotion"}],"is_trial":false,"path_per_floor":["M","?","M","M","?","E","R","M","T","E","M"],"character_chosen":"THE_SILENT","items_purchased":[],"campfire_rested":1,"item_purchase_floors":[],"current_hp_per_floor":[57,62,59,51,51,4,25,21,21,12,0],"gold":223,"neow_bonus":"THREE_SMALL_POTIONS","is_prod":false,"is_daily":false,"chose_seed":false,"campfire_upgraded":0,"win_rate":0,"timestamp":1560494340,"path_taken":["M","?","M","M","?","E","R","M","T","E","M"],"build_version":"2019-01-23","purchased_purges":0,"victory":false,"max_hp_per_floor":[66,71,71,71,71,71,71,71,71,71,71],"card_choices":[{"not_picked":["Terror","Blade Dance"],"picked":"All Out Attack","floor":1},{"not_picked":["Flying Knee","Bane"],"picked":"Deadly Poison","floor":3},{"not_picked":["Heel Hook","Infinite Blades"],"picked":"Skewer","floor":4},{"not_picked":["Deflect","Bane"],"picked":"Backflip","floor":6},{"not_picked":["Underhanded Strike","Sucker Punch"],"picked":"Bouncing Flask","floor":8},{"not_picked":["Distraction","Phantasmal Killer","Underhanded Strike"],"picked":"SKIP","floor":10}],"player_experience":1778687,"relics_obtained":[{"floor":6,"key":"Bag of Preparation"},{"floor":9,"key":"War Paint"},{"floor":10,"key":"Frozen Egg 2"}],"event_choices":[{"damage_healed":0,"gold_gain":0,"player_choice":"Donut","damage_taken":0,"max_hp_gain":5,"max_hp_loss":0,"event_name":"Big Fish","floor":2,"gold_loss":0},{"damage_healed":0,"gold_gain":0,"cards_transformed":["Strike_G"],"player_choice":"Transformed","damage_taken":0,"max_hp_gain":0,"max_hp_loss":0,"event_name":"Transmorgrifier","floor":5,"gold_loss":0,"cards_obtained":["Concentrate"]}],"is_beta":false,"boss_relics":[],"items_purged_floors":[],"is_endless":false,"potions_floor_spawned":[3,6,8],"killed_by":"Exordium Thugs","ascension_level":20}