{"gold_per_floor":[219,117,132,132,132,132,147,159,183,183,193,211,243,50,50,151,151,162,180,191,106,6,6,21,21,21,35,35,35,55,1,1,105,105,118,0,18,18,63,63,18,37,37,56,76,76,95,95,95,95],"floor_reached":51,"playtime":5287,"items_purged":["Strike_R","Strike_R"],"score":726,"play_id":"716414ce-4c8e-49f9-86f6-e6783a942b83","local_time":"20190706001347","is_ascension_mode":false,"campfire_choices":[{"data":"Body Slam","floor":6.0,"key":"SMITH"},{"data":"Whirlwind","floor":10.0,"key":"SMITH"},{"data":"True Grit","floor":15.0,"key":"SMITH"},{"data":"Juggernaut","floor":23,"key":"SMITH"},{"data":"Shrug It Off","floor":25,"key":"SMITH"},{"data":"Shrug It Off","floor":32,"key":"SMITH"},{"data":"Limit Break","floor":40,"key":"SMITH"},{"data":"Barricade","floor":46,"key":"SMITH"},{"data":"Spot Weakness","floor":49,"key":"SMITH"}],"neow_cost":"NONE","seed_source_timestamp":0,"circlet_count":0,"master_deck":["Strike_R","Strike_R","Defend_R","Defend_R","Defend_R","Bash","Shrug It Off+1","Body Slam+1","Pommel Strike+1","Whirlwind+1","Metallicize","True Grit+1","Juggernaut+1","Double Tap","Ghostly Armor+1","True Grit+1","Ghostly","Ghostly","Ghostly","Ghostly","Ghostly","Shrug It Off+1","Limit Break+1","Spot Weakness+1","Warcry+1","Shrug It Off","Shrug It Off","Barricade+1","Shrug It Off+1"],"special_seed":0,"relics":["Burning Blood","Pen Nib","Red Skull","Chemical X","Cursed Key","Regal Pillow","White Beast Statue","Red Mask","Incense Burner"],"potions_floor_usage":[33,33,39,42,45,50],"damage_taken":[{"damage":0.0,"enemies":"Small Slimes","floor":1.0,"turns":3.0},{"damage":4.0,"enemies":"Cultist","floor":3.0,"turns":4.0},{"damage":0.0,"enemies":"Jaw Worm","floor":7.0,"turns":3.0},{"damage":7.0,"enemies":"Looter","floor":8.0,"turns":3.0},{"damage":8.0,"enemies":"Exordium Thugs","floor":11.0,"turns":3.0},{"damage":3.0,"enemies":"Red Slaver","floor":12.0,"turns":4.0},{"damage":0.0,"enemies":"3 Sentries","floor":13.0,"turns":1.0},{"damage":29.0,"enemies":"The Guardian","floor":16.0,"turns":9.0},{"damage":12.0,"enemies":"Shell Parasite","floor":18.0,"turns":4.0},{"damage":8.0,"enemies":"Chosen","floor":19.0,"turns":5.0},{"damage":6.0,"enemies":"Centurion and Healer","floor":20.0,"turns":4.0},{"damage":2,"enemies":"Snecko","floor":24,"turns":3},{"damage":4,"enemies":"Shelled Parasite and Fungi","floor":27,"turns":3},{"damage":2,"enemies":"Cultist and Chosen","floor":30,"turns":8},{"damage":18,"enemies":"Automaton","floor":33,"turns":8},{"damage":0,"enemies":"3 Shapes","floor":35,"turns":5},{"damage":0,"enemies":"Orb Walker","floor":37,"turns":2},{"damage":0,"enemies":"2 Orb Walkers","floor":39,"turns":6},{"damage":0,"enemies":"Maw","floor":42,"turns":7},{"damage":0,"enemies":"4 Shapes","floor":44,"turns":5},{"damage":2,"enemies":"Transient","floor":45,"turns":5},{"damage":0,"enemies":"Jaw Worm Horde","floor":47,"turns":1},{"damage":0,"enemies":"Time Eater","floor":50,"turns":12}],"seed_played":"4970773240911836914","potions_obtained":[{"floor":1.0,"key":"BloodPotion"},{"floor":13.0,"key":"Fruit Juice"},{"floor":16.0,"key":"Energy Potion"},{"floor":18.0,"key":"Ancient Potion"},{"floor":20.0,"key":"Dexterity Potion"},{"floor":33,"key":"Weak Potion"},{"floor":35,"key":"GamblersBrew"},{"floor":37,"key":"FairyPotion"},{"floor":39,"key":"Strength Potion"},{"floor":42,"key":"Ancient Potion"},{"floor":45,"key":"Fruit Juice"},{"floor":47,"key":"FearPotion"}],"is_trial":false,"path_per_floor":["M","$","M","?","?","R","M","M","T","R","M","M","E","$","R","B",null,"M","M","M","?","$","R","M","R","T","M","?","?","M","$","R","B",null,"M","?","M","?","?","R","$","M","T","M","M","R","M","$","R","B",null],"character_chosen":"IRONCLAD","items_purchased":["Body Slam","Chemical X","Shrug It Off","Shrug It Off"],"campfire_rested":0,"item_purchase_floors":[2,14,31,41],"current_hp_per_floor":[80,80,80,80,80,80,80,79,79,79,77,80,80,80,80,62,85,79,77,77,77,77,77,81,81,81,83,42,42,42,42,42,30,42,42,42,42,42,42,42,42,42,42,42,47,47,47,47,47,47],"gold":95,"neow_bonus":"HUNDRED_GOLD","is_prod":false,"is_daily":false,"chose_seed":false,"campfire_upgraded":9,"win_rate":0.0,"timestamp":1562386427,"path_taken":["M","$","M","?","?","R","M","M","T","R","M","?","E","$","R","BOSS","M","M","M","?","$","R","M","R","T","M","?","?","?","?","R","BOSS","M","?","M","?","?","R","?","M","T","M","M","R","M","$","R","BOSS"],"build_version":"2019-07-05","purchased_purges":2,"victory":true,"max_hp_per_floor":[80,80,80,80,80,80,80,80,80,80,80,80,80,80,80,85,85,85,85,85,85,85,85,85,85,85,85,42,42,42,42,42,42,42,42,42,42,42,42,42,42,42,42,42,47,47,47,47,47,47],"card_choices":[{"not_picked":["Thunderclap","Perfected Strike"],"picked":"Shrug It Off","floor":1.0},{"not_picked":["Perfected Strike","Carnage","Warcry"],"picked":"SKIP","floor":3.0},{"not_picked":["Feel No Pain","Perfected Strike"],"picked":"Pommel Strike","floor":7.0},{"not_picked":["Bludgeon","Thunderclap"],"picked":"Whirlwind","floor":8.0},{"not_picked":["Clash","Dual Wield"],"picked":"Metallicize","floor":11.0},{"not_picked":["Perfected Strike","Armaments"],"picked":"True Grit","floor":12.0},{"not_picked":["Perfected Strike","Heavy Blade"],"picked":"Juggernaut","floor":13.0},{"not_picked":["Limit Break","Brutality"],"picked":"Double Tap","floor":16.0},{"not_picked":["Anger","Twin Strike+1"],"picked":"Ghostly Armor+1","floor":18.0},{"not_picked":["Cleave","Armaments","True Grit"],"picked":"SKIP","floor":19.0},{"not_picked":["Combust","Anger","Burning Pact"],"picked":"SKIP","floor":20.0},{"not_picked":["Flex","Wild Strike"],"picked":"True Grit+1","floor":24},{"not_picked":["Bloodletting+1","Reckless Charge","Blood for Blood+1"],"picked":"SKIP","floor":27},{"not_picked":["Wild Strike","Sword Boomerang+1","Second Wind"],"picked":"SKIP","floor":30},{"not_picked":["Offering","Juggernaut"],"picked":"Limit Break","floor":33},{"not_picked":["Clash+1","Second Wind"],"picked":"Spot Weakness","floor":35},{"not_picked":["Armaments+1","Clash"],"picked":"Warcry+1","floor":37},{"not_picked":["Flex","Twin Strike+1"],"picked":"Shrug It Off","floor":39},{"not_picked":["Clash+1","Infernal Blade","Sword Boomerang+1"],"picked":"SKIP","floor":42},{"not_picked":["Sword Boomerang","Cleave"],"picked":"Barricade","floor":44},{"not_picked":["Pommel Strike+1","Sword Boomerang","Iron Wave+1"],"picked":"SKIP","floor":45},{"not_picked":["Rupture","Headbutt"],"picked":"Shrug It Off+1","floor":47}],"player_experience":61280,"relics_obtained":[{"floor":9.0,"key":"Pen Nib"},{"floor":13.0,"key":"Red Skull"},{"floor":39,"key":"Incense Burner"}],"event_choices":[{"damage_healed":0.0,"max_hp_gain":0.0,"max_hp_loss":0.0,"gold_gain":0.0,"event_name":"Liars Game","player_choice":"Ignored","floor":4.0,"gold_loss":0.0,"damage_taken":0.0},{"cards_removed":["Strike_R"],"damage_healed":0.0,"max_hp_gain":0.0,"max_hp_loss":0.0,"gold_gain":0.0,"event_name":"Bonfire Elementals","player_choice":"Offered Basic","floor":5.0,"gold_loss":0.0,"damage_taken":0.0},{"damage_healed":0,"gold_gain":0,"player_choice":"Obtained Relic","damage_taken":0,"relics_obtained":["Regal Pillow"],"max_hp_gain":0,"max_hp_loss":0,"event_name":"Addict","floor":21,"gold_loss":85},{"damage_healed":0,"gold_gain":0,"player_choice":"Became a Ghost","damage_taken":0,"max_hp_gain":0,"max_hp_loss":43,"event_name":"Ghosts","floor":28,"gold_loss":0,"cards_obtained":["Ghostly","Ghostly","Ghostly","Ghostly","Ghostly"]},{"damage_healed":0,"gold_gain":0,"player_choice":"Forge","damage_taken":0,"max_hp_gain":0,"max_hp_loss":0,"event_name":"Accursed Blacksmith","floor":29,"gold_loss":0,"cards_upgraded":["Pommel Strike"]},{"damage_healed":0,"gold_gain":0,"player_choice":"Paid","damage_taken":0,"relics_obtained":["Red Mask"],"max_hp_gain":0,"max_hp_loss":0,"event_name":"Tomb of Lord Red Mask","floor":36,"gold_loss":118},{"cards_removed":["Defend_R"],"damage_healed":0,"gold_gain":0,"player_choice":"Removed Skill","damage_taken":0,"max_hp_gain":0,"max_hp_loss":0,"event_name":"Falling","floor":38,"gold_loss":0},{"damage_healed":0,"gold_gain":0,"player_choice":"Fight","damage_taken":0,"max_hp_gain":0,"max_hp_loss":0,"event_name":"Mysterious Sphere","floor":39,"gold_loss":0}],"is_beta":false,"boss_relics":[{"not_picked":["Black Star","Lizard Tail"],"picked":"Cursed Key"},{"not_picked":["Fusion Hammer","Snecko Eye"],"picked":"White Beast Statue"}],"items_purged_floors":[2,22],"is_endless":false,"potions_floor_spawned":[1,13,16,18,20,27,33,35,37,39,42,44,45,47],"ascension_level":0}