{"gold_per_floor":[118,137,87,105,37,65,65,82,82,82,82,98,108,121,121,219,219,231,231,247,162,180,180,191,191,191,28,38,57,72,72],"floor_reached":31,"playtime":5100,"items_purged":[],"score":243,"play_id":"352f2bcb-c61b-491f-b662-40cff323090a","local_time":"20190703160550","is_ascension_mode":false,"campfire_choices":[{"floor":11.0,"key":"REST"},{"data":"Clothesline","floor":15.0,"key":"SMITH"},{"data":"Infernal Blade","floor":23.0,"key":"SMITH"},{"floor":25.0,"key":"REST"}],"neow_cost":"","seed_source_timestamp":0,"circlet_count":0,"master_deck":["Strike_R","Strike_R","Defend_R","Defend_R","Defend_R","Bash","Pommel Strike","Clothesline","Clash","Warcry","Clothesline+1","Impervious","Dropkick","Infernal Blade+1","Pummel","Pummel","Barricade","Bloodletting+1","Impervious+1","Battle Trance+1","Cleave+1","Rampage","Twin Strike+1","Iron Wave","Flex","Fiend Fire","Armaments","Whirlwind+1","Flame Barrier"],"special_seed":0,"relics":["Burning Blood","Regal Pillow","GremlinMask","Ancient Tea Set","Sundial","Astrolabe","Kunai","Pear","Mummified Hand"],"potions_floor_usage":[30,30,30,30,30],"damage_taken":[{"damage":10.0,"enemies":"Cultist","floor":1.0,"turns":4.0},{"damage":10.0,"enemies":"Small Slimes","floor":2.0,"turns":3.0},{"damage":11.0,"enemies":"Jaw Worm","floor":4.0,"turns":2.0},{"damage":26.0,"enemies":"Lagavulin","floor":6.0,"turns":5.0},{"damage":27.0,"enemies":"Large Slime","floor":8.0,"turns":7.0},{"damage":5.0,"enemies":"Blue Slaver","floor":12.0,"turns":3.0},{"damage":13.0,"enemies":"Exordium Wildlife","floor":13.0,"turns":3.0},{"damage":6.0,"enemies":"3 Louse","floor":14.0,"turns":4.0},{"damage":46.0,"enemies":"The Guardian","floor":16.0,"turns":12.0},{"damage":38.0,"enemies":"Shell Parasite","floor":18.0,"turns":5.0},{"damage":3.0,"enemies":"3 Byrds","floor":20.0,"turns":7.0},{"damage":13.0,"enemies":"Cultist and Chosen","floor":22.0,"turns":9.0},{"damage":31.0,"enemies":"3 Cultists","floor":24.0,"turns":6.0},{"damage":10.0,"enemies":"Snecko","floor":28.0,"turns":6.0},{"damage":58.0,"enemies":"Centurion and Healer","floor":29.0,"turns":9.0},{"damage":16,"enemies":"Snake Plant","floor":30,"turns":4},{"damage":20,"enemies":"Sentry and Sphere","floor":31,"turns":4}],"seed_played":"-7144727232042898135","potions_obtained":[{"floor":2.0,"key":"Block Potion"},{"floor":6.0,"key":"PowerPotion"},{"floor":12.0,"key":"Regen Potion"},{"floor":13.0,"key":"BloodPotion"},{"floor":16.0,"key":"Dexterity Potion"},{"floor":20.0,"key":"AttackPotion"},{"floor":22.0,"key":"EntropicBrew"},{"floor":24.0,"key":"FairyPotion"},{"floor":29,"key":"SpeedPotion"}],"is_trial":false,"path_per_floor":["M","M","?","M","$","E","?","M","T","?","R","M","M","M","R","B",null,"M","?","M","?","M","R","M","R","T","$","M","M","M","M"],"character_chosen":"IRONCLAD","items_purchased":["Warcry","Clothesline","Flex","Fiend Fire"],"campfire_rested":2,"item_purchase_floors":[5,5,27,27],"current_hp_per_floor":[76,72,72,67,67,47,47,26,26,23,62,63,56,76,76,36,80,48,48,51,61,54,54,29,71,71,71,67,15,15,0],"gold":72,"neow_bonus":"","is_prod":false,"is_daily":false,"chose_seed":false,"campfire_upgraded":2,"win_rate":0.0,"timestamp":1562184350,"path_taken":["M","?","?","M","$","E","?","?","T","?","R","M","M","M","R","BOSS","M","?","M","?","M","R","M","R","T","$","?","M","M","M"],"build_version":"2019-07-01","purchased_purges":0,"victory":false,"max_hp_per_floor":[80,80,80,80,80,80,80,80,80,80,80,80,80,80,80,80,80,80,80,80,90,90,90,90,90,90,90,90,90,90,90],"card_choices":[{"not_picked":["Flex","Twin Strike"],"picked":"Pommel Strike","floor":1.0},{"not_picked":["Dual Wield","Feel No Pain"],"picked":"Clothesline","floor":2.0},{"not_picked":["Burning Pact","Inflame"],"picked":"Clash","floor":4.0},{"not_picked":["Twin Strike","Hemokinesis"],"picked":"Impervious","floor":6.0},{"not_picked":["Intimidate","Clash"],"picked":"Dropkick","floor":8.0},{"not_picked":["Shrug It Off","Sword Boomerang"],"picked":"Infernal Blade","floor":12.0},{"not_picked":["Clothesline","Ghostly Armor"],"picked":"Pummel","floor":13.0},{"not_picked":["Bloodletting","Metallicize"],"picked":"Pummel","floor":14.0},{"not_picked":["Reaper","Offering"],"picked":"Barricade","floor":16.0},{"not_picked":["Perfected Strike","Twin Strike"],"picked":"Cleave+1","floor":18.0},{"not_picked":["Fire Breathing","Twin Strike"],"picked":"Rampage","floor":20.0},{"not_picked":["Whirlwind","Burning Pact"],"picked":"Twin Strike+1","floor":22.0},{"not_picked":["True Grit+1","Ghostly Armor+1"],"picked":"Iron Wave","floor":24.0},{"not_picked":["Clothesline","Brutality"],"picked":"Armaments","floor":28.0},{"not_picked":["Clothesline","Dropkick+1"],"picked":"Whirlwind+1","floor":29},{"not_picked":["Shockwave","Pommel Strike"],"picked":"Flame Barrier","floor":30}],"player_experience":0,"relics_obtained":[{"floor":6.0,"key":"Regal Pillow"},{"floor":9.0,"key":"Ancient Tea Set"},{"floor":26.0,"key":"Mummified Hand"}],"event_choices":[{"cards_removed":["Defend_R"],"damage_healed":0.0,"max_hp_gain":0.0,"max_hp_loss":0.0,"gold_gain":0.0,"event_name":"The Cleric","player_choice":"Card Removal","floor":3.0,"gold_loss":50.0,"damage_taken":0.0},{"damage_healed":0.0,"max_hp_gain":0.0,"max_hp_loss":0.0,"gold_gain":0.0,"event_name":"FaceTrader","player_choice":"Trade","floor":7.0,"gold_loss":0.0,"damage_taken":0.0,"relics_obtained":["GremlinMask"]},{"damage_healed":0.0,"max_hp_gain":0.0,"max_hp_loss":0.0,"gold_gain":0.0,"event_name":"Scrap Ooze","player_choice":"Success","floor":10.0,"gold_loss":0.0,"damage_taken":3.0,"relics_obtained":["Sundial"]},{"damage_healed":0.0,"max_hp_gain":0.0,"max_hp_loss":0.0,"gold_gain":0.0,"event_name":"The Mausoleum","player_choice":"Opened","floor":19.0,"gold_loss":0.0,"damage_taken":0.0,"relics_obtained":["Kunai"]},{"damage_healed":0.0,"max_hp_gain":0.0,"max_hp_loss":0.0,"gold_gain":0.0,"event_name":"Addict","player_choice":"Obtained Relic","floor":21.0,"gold_loss":85.0,"damage_taken":0.0,"relics_obtained":["Pear"]}],"is_beta":false,"boss_relics":[{"not_picked":["Orrery","Sozu"],"picked":"Astrolabe"}],"items_purged_floors":[],"is_endless":false,"potions_floor_spawned":[2,6,12,13,16,20,22,24,29],"killed_by":"Sentry and Sphere","ascension_level":0}