{"gold_per_floor":[111,37,112,128,147,174,174,186,209,209,228,260,278,307,307,402,402,418,418,139,151,163,195,230,230,254,266,292,302,402,436,436,533,533,553,565,8,20,20,46,60,60,111,142,181,208,245,257,269,281],"floor_reached":51,"playtime":1624,"items_purged":["Bash"],"score":1435,"play_id":"50fdec6d-a0f4-4dfd-b737-f9fadc3546b8","local_time":"20190701112856","is_ascension_mode":true,"campfire_choices":[{"data":"Uppercut","floor":7.0,"key":"SMITH"},{"data":"Perfected Strike","floor":10.0,"key":"SMITH"},{"data":"Evolve","floor":15.0,"key":"SMITH"},{"data":"Corruption","floor":25.0,"key":"SMITH"},{"data":"Feel No Pain","floor":32.0,"key":"SMITH"},{"data":"Perfected Strike","floor":42.0,"key":"SMITH"},{"data":"Perfected Strike","floor":49,"key":"SMITH"}],"neow_cost":"","seed_source_timestamp":0,"circlet_count":0,"master_deck":["Defend_R","Defend_R","Defend_R","Defend_R","Perfected Strike+1","Pommel Strike","Twin Strike","Wild Strike","Perfected Strike","Battle Trance","Evolve+1","Wild Strike","Uppercut+1","Perfected Strike","Perfected Strike","Metallicize","Power Through","Perfected Strike+1","Fiend Fire","Second Wind","Battle Trance","Corruption+1","Shrug It Off+1","Intimidate","Feel No Pain+1","Power Through","Second Wind","Shockwave","Immolate","Sentinel+1","Perfected Strike+1","Dark Embrace","Armaments+1","Perfected Strike+1","Enlightenment","Corruption+1","Perfected Strike+1"],"special_seed":0,"relics":["Burning Blood","Snecko Eye","Prayer Wheel","Question Card","PreservedInsect","Smiling Mask","Oddly Smooth Stone","Bag of Preparation","Orrery","Bag of Marbles","Juzu Bracelet","Red Mask","Red Skull","The Courier","Ginger","Meat on the Bone","Boot","Sozu","Membership Card","Happy Flower","Molten Egg 2","Calipers","Omamori","Anchor","Centennial Puzzle","MawBank","Blood Vial","Girya"],"potions_floor_usage":[44],"damage_taken":[{"damage":0.0,"enemies":"Cultist","floor":1.0,"turns":1.0},{"damage":7.0,"enemies":"Jaw Worm","floor":4.0,"turns":3.0},{"damage":2.0,"enemies":"2 Louse","floor":5.0,"turns":2.0},{"damage":0.0,"enemies":"Gremlin Nob","floor":6.0,"turns":2.0},{"damage":0.0,"enemies":"Blue Slaver","floor":8.0,"turns":1.0},{"damage":5.0,"enemies":"Gremlin Gang","floor":11.0,"turns":3.0},{"damage":0.0,"enemies":"Lagavulin","floor":12.0,"turns":2.0},{"damage":0.0,"enemies":"Looter","floor":13.0,"turns":1.0},{"damage":0.0,"enemies":"3 Sentries","floor":14.0,"turns":2.0},{"damage":27.0,"enemies":"Hexaghost","floor":16.0,"turns":5.0},{"damage":0.0,"enemies":"Shell Parasite","floor":18.0,"turns":2.0},{"damage":0.0,"enemies":"2 Thieves","floor":21.0,"turns":2.0},{"damage":0.0,"enemies":"Centurion and Healer","floor":22.0,"turns":5.0},{"damage":25.0,"enemies":"Gremlin Leader","floor":23.0,"turns":5.0},{"damage":0.0,"enemies":"Masked Bandits","floor":24.0,"turns":1.0},{"damage":0.0,"enemies":"Snecko","floor":27.0,"turns":2.0},{"damage":0.0,"enemies":"Book of Stabbing","floor":28.0,"turns":3.0},{"damage":0.0,"enemies":"Cultist and Chosen","floor":29.0,"turns":3.0},{"damage":1.0,"enemies":"Colosseum Slavers","floor":30.0,"turns":4.0},{"damage":0.0,"enemies":"Colosseum Nobs","floor":30.0,"turns":3.0},{"damage":0.0,"enemies":"Slavers","floor":31.0,"turns":1.0},{"damage":6.0,"enemies":"Collector","floor":33.0,"turns":7.0},{"damage":0.0,"enemies":"3 Shapes","floor":35.0,"turns":3.0},{"damage":7.0,"enemies":"3 Darklings","floor":36.0,"turns":4.0},{"damage":0.0,"enemies":"4 Shapes","floor":38.0,"turns":2.0},{"damage":0.0,"enemies":"Nemesis","floor":40.0,"turns":1.0},{"damage":0.0,"enemies":"Spire Growth","floor":41.0,"turns":2.0},{"damage":6,"enemies":"Writhing Mass","floor":44,"turns":4},{"damage":0,"enemies":"Giant Head","floor":45,"turns":5},{"damage":0,"enemies":"Jaw Worm Horde","floor":46,"turns":2},{"damage":0,"enemies":"Nemesis","floor":47,"turns":1},{"damage":12,"enemies":"Awakened One","floor":50,"turns":5}],"seed_played":"-3753465750758679862","potions_obtained":[{"floor":4.0,"key":"Swift Potion"},{"floor":5.0,"key":"SpeedPotion"},{"floor":8.0,"key":"Explosive Potion"},{"floor":30.0,"key":"LiquidBronze"},{"floor":31.0,"key":"Block Potion"},{"floor":33.0,"key":"Poison Potion"}],"is_trial":true,"path_per_floor":["M","$","?","M","M","E","R","M","T","R","M","E","M","E","R","B",null,"M","?","$","M","M","E","?","R","T","M","E","M","?","E","R","B",null,"M","M","$","M","?","E","M","R","T","M","E","M","E","?","R","B",null],"character_chosen":"IRONCLAD","items_purchased":["Evolve","Feel No Pain","Bag of Marbles","Membership Card","Happy Flower","Molten Egg 2","Calipers","Omamori","Anchor"],"campfire_rested":0,"item_purchase_floors":[2,20,20,37,37,37,37,37,37],"current_hp_per_floor":[78,78,67,66,70,76,76,80,80,80,80,80,80,80,80,59,75,80,80,80,80,80,61,67,67,67,73,79,80,80,80,80,80,80,80,79,79,80,80,80,80,80,80,80,80,80,80,80,80,74],"gold":293,"neow_bonus":"","is_prod":false,"is_daily":false,"chose_seed":false,"campfire_upgraded":7,"win_rate":0,"timestamp":1561948136,"path_taken":["M","$","?","M","M","E","R","M","T","R","M","E","M","E","R","BOSS","M","?","$","M","?","E","?","R","T","M","E","M","?","E","R","BOSS","M","M","$","M","?","E","M","R","T","M","E","M","E","?","R","BOSS"],"build_version":"2019-01-23","purchased_purges":1,"victory":true,"max_hp_per_floor":[80,80,80,80,80,80,80,80,80,80,80,80,80,80,80,80,80,80,80,80,80,80,80,80,80,80,80,80,80,80,80,80,80,80,80,80,80,80,80,80,80,80,80,80,80,80,80,80,80,80],"card_choices":[{"not_picked":["Cleave","Infernal Blade","Armaments"],"picked":"Perfected Strike","floor":1.0},{"not_picked":["Reckless Charge","Infernal Blade","Uppercut"],"picked":"Battle Trance","floor":1.0},{"not_picked":["Shrug It Off","Hemokinesis","Infernal Blade"],"picked":"Wild Strike","floor":4.0},{"not_picked":["Fire Breathing","Havoc","Body Slam"],"picked":"Uppercut","floor":4.0},{"not_picked":["Clash","Infernal Blade","Bloodletting","Havoc"],"picked":"SKIP","floor":5.0},{"not_picked":["Evolve","Rupture","Exhume","Shrug It Off"],"picked":"SKIP","floor":5.0},{"not_picked":["Burning Pact","Rampage","Iron Wave","Limit Break"],"picked":"SKIP","floor":6.0},{"not_picked":["Reckless Charge","Headbutt","Sword Boomerang","Havoc"],"picked":"SKIP","floor":8.0},{"not_picked":["Cleave","Anger","Berserk","Iron Wave"],"picked":"SKIP","floor":8.0},{"not_picked":["Heavy Blade","Ghostly Armor","Flex"],"picked":"Perfected Strike","floor":11.0},{"not_picked":["Clash","Heavy Blade","Rage"],"picked":"Perfected Strike","floor":11.0},{"not_picked":["Warcry","Twin Strike","Hemokinesis"],"picked":"Metallicize","floor":12.0},{"not_picked":["Havoc","Metallicize","Headbutt"],"picked":"Power Through","floor":13.0},{"not_picked":["Thunderclap","Pummel","Pommel Strike"],"picked":"Perfected Strike","floor":13.0},{"not_picked":["Twin Strike","Seeing Red","Hemokinesis","Metallicize"],"picked":"SKIP","floor":14.0},{"not_picked":["Dark Embrace","Brutality","Double Tap"],"picked":"Fiend Fire","floor":16.0},{"not_picked":["Evolve","Thunderclap","Clothesline"],"picked":"Second Wind","floor":17.0},{"not_picked":["Sword Boomerang","Thunderclap","Iron Wave"],"picked":"Battle Trance","floor":17.0},{"not_picked":["Flex","Perfected Strike","Shrug It Off"],"picked":"Corruption","floor":17.0},{"not_picked":["Feed","Iron Wave","Thunderclap"],"picked":"Shrug It Off+1","floor":18.0},{"not_picked":["Warcry+1","Intimidate","Pummel+1","Body Slam+1"],"picked":"SKIP","floor":18.0},{"not_picked":["Anger+1","Shrug It Off+1","Headbutt"],"picked":"Power Through","floor":21.0},{"not_picked":["Heavy Blade","Rupture","Cleave","Flex"],"picked":"SKIP","floor":21.0},{"not_picked":["Twin Strike+1","Iron Wave","Pommel Strike"],"picked":"Second Wind","floor":22.0},{"not_picked":["Clothesline","Iron Wave","Wild Strike"],"picked":"Shockwave","floor":22.0},{"not_picked":["Clash+1","Metallicize","Flex"],"picked":"Immolate","floor":23.0},{"not_picked":["Sword Boomerang","Searing Blow","Havoc","Armaments"],"picked":"SKIP","floor":27.0},{"not_picked":["Sever Soul","Sword Boomerang","Blood for Blood+1","Anger"],"picked":"SKIP","floor":27.0},{"not_picked":["Burning Pact","True Grit+1","Clothesline","Thunderclap"],"picked":"SKIP","floor":28.0},{"not_picked":["Clash+1","Burning Pact","Anger","Clothesline"],"picked":"SKIP","floor":29.0},{"not_picked":["Offering","Battle Trance","Shrug It Off","Warcry+1"],"picked":"SKIP","floor":29.0},{"not_picked":["Burning Pact","Pommel Strike+1","Sword Boomerang"],"picked":"Sentinel+1","floor":30.0},{"not_picked":["Immolate","Cleave","Offering"],"picked":"Perfected Strike","floor":31.0},{"not_picked":["Juggernaut","Exhume","Double Tap"],"picked":"Dark Embrace","floor":33.0},{"not_picked":["Warcry+1","Clothesline","Blood for Blood"],"picked":"Armaments+1","floor":35.0},{"not_picked":["Cleave+1","Pommel Strike","Iron Wave","Armaments+1"],"picked":"SKIP","floor":35.0},{"not_picked":["Armaments+1","Cleave+1","Headbutt","Warcry"],"picked":"SKIP","floor":36.0},{"not_picked":["Wild Strike","Exhume","Iron Wave+1","Thunderclap+1"],"picked":"SKIP","floor":36.0},{"not_picked":["Anger+1","Pummel+1","Clash+1"],"picked":"Perfected Strike+1","floor":38.0},{"not_picked":["Pommel Strike+1","Thunderclap+1","Battle Trance+1","Flex"],"picked":"SKIP","floor":38.0},{"not_picked":["PanicButton","Forethought","Discovery"],"picked":"Enlightenment","floor":39.0},{"not_picked":["Battle Trance+1","Sword Boomerang+1","Warcry","Immolate+1"],"picked":"SKIP","floor":40.0},{"not_picked":["Second Wind+1","Corruption","Clash+1","Flex+1"],"picked":"SKIP","floor":41.0},{"not_picked":["Flex+1","Twin Strike+1","Hemokinesis+1","Cleave+1"],"picked":"SKIP","floor":41.0},{"not_picked":["Anger+1","Wild Strike+1","Double Tap","Clash+1"],"picked":"SKIP","floor":44},{"not_picked":["Twin Strike+1","Headbutt+1","Havoc","Dual Wield"],"picked":"SKIP","floor":44},{"not_picked":["Cleave+1","Havoc+1","Twin Strike+1","Limit Break"],"picked":"SKIP","floor":45},{"not_picked":["Twin Strike+1","True Grit+1","Havoc+1"],"picked":"Corruption+1","floor":46},{"not_picked":["Headbutt+1","Reckless Charge+1","Iron Wave+1","Inflame+1"],"picked":"SKIP","floor":46},{"not_picked":["Spot Weakness","Heavy Blade+1","Ghostly Armor","Rampage+1"],"picked":"SKIP","floor":47}],"player_experience":168037,"relics_obtained":[{"floor":6.0,"key":"PreservedInsect"},{"floor":9.0,"key":"Smiling Mask"},{"floor":12.0,"key":"Oddly Smooth Stone"},{"floor":14.0,"key":"Bag of Preparation"},{"floor":23.0,"key":"Juzu Bracelet"},{"floor":24.0,"key":"Red Mask"},{"floor":26.0,"key":"Red Skull"},{"floor":28.0,"key":"The Courier"},{"floor":30.0,"key":"Ginger"},{"floor":30.0,"key":"Meat on the Bone"},{"floor":31.0,"key":"Boot"},{"floor":40.0,"key":"Centennial Puzzle"},{"floor":43.0,"key":"MawBank"},{"floor":45,"key":"Blood Vial"},{"floor":47,"key":"Girya"}],"event_choices":[{"damage_healed":0.0,"max_hp_gain":0.0,"max_hp_loss":0.0,"gold_gain":75.0,"event_name":"World of Goop","player_choice":"Gather Gold","floor":3.0,"gold_loss":0.0,"damage_taken":11.0},{"damage_healed":0.0,"max_hp_gain":0.0,"max_hp_loss":0.0,"gold_gain":0.0,"cards_transformed":["Strike_R"],"event_name":"Transmorgrifier","player_choice":"Transformed","floor":19.0,"gold_loss":0.0,"damage_taken":0.0,"cards_obtained":["Intimidate"]},{"damage_healed":0.0,"max_hp_gain":0.0,"max_hp_loss":0.0,"gold_gain":0.0,"event_name":"Masked Bandits","player_choice":"Fought Bandits","floor":24.0,"gold_loss":0.0,"damage_taken":0.0},{"damage_healed":0.0,"max_hp_gain":0.0,"max_hp_loss":0.0,"gold_gain":0.0,"event_name":"Colosseum","player_choice":"Fight","floor":30.0,"gold_loss":0.0,"damage_taken":0.0},{"damage_healed":0.0,"max_hp_gain":0.0,"max_hp_loss":0.0,"gold_gain":0.0,"event_name":"Colosseum","player_choice":"Fought Nobs","floor":30.0,"gold_loss":0.0,"damage_taken":0.0},{"damage_healed":0.0,"max_hp_gain":0.0,"max_hp_loss":0.0,"gold_gain":0.0,"event_name":"SensoryStone","player_choice":"Memory 1","floor":39.0,"gold_loss":0.0,"damage_taken":0.0},{"damage_healed":0,"gold_gain":0,"player_choice":"Copied","damage_taken":0,"max_hp_gain":0,"max_hp_loss":0,"event_name":"Duplicator","floor":48,"gold_loss":0,"cards_obtained":["Perfected Strike"]}],"is_beta":false,"boss_relics":[{"not_picked":["White Beast Statue","Runic Pyramid"],"picked":"Orrery"},{"not_picked":["Fusion Hammer","Snecko Eye"],"picked":"Sozu"}],"items_purged_floors":[20],"is_endless":false,"potions_floor_spawned":[4,5,8,11,12,21,23,27,30,31,33,35,36,44,45,47],"ascension_level":6}