{"gold_per_floor":[117,117,117,127,52,85,85,119,119,44,72,72,88,119,119,195,195,213,413,14,24,44,44,69,86,110,110,126,306,319,41,41,115,115,132,25,25,42,61,61,90,100,127,176,176,504,604,622,622,622,622,622,622,117,152,152],"floor_reached":57,"playtime":4053,"items_purged":["Strike_R","Strike_R"],"score":3316,"play_id":"0ec6a644-547f-4225-ad72-d07b4eb34ba2","local_time":"20190529210621","is_ascension_mode":true,"campfire_choices":[{"data":"Whirlwind","floor":7,"key":"SMITH"},{"data":"Bash","floor":12,"key":"SMITH"},{"data":"Anger","floor":15,"key":"SMITH"},{"data":"Armaments","floor":23,"key":"SMITH"},{"floor":27,"key":"REST"},{"floor":32,"key":"REST"},{"data":"Burning Pact","floor":40,"key":"SMITH"},{"floor":45,"key":"RECALL"},{"data":"Apotheosis","floor":49,"key":"SMITH"},{"data":"Corruption","floor":53,"key":"SMITH"}],"neow_cost":"NONE","seed_source_timestamp":55580846592271,"circlet_count":0,"master_deck":["AscendersBane","Defend_R","Defend_R","Defend_R","Defend_R","Bash+1","Flame Barrier","Anger+1","Whirlwind+1","Shrug It Off+1","Headbutt","Feed","Burning Pact+1","Limit Break","Armaments+1","Trip+1","Feel No Pain","Shrug It Off","Metallicize+1","Flex","Rage","Shrug It Off","Corruption+1","Feel No Pain","Apotheosis+1","Juggernaut","Impervious","Feel No Pain","True Grit","Feel No Pain","Feel No Pain","Demon Form"],"relics":["Burning Blood","NeowsBlessing","Du-Vu Doll","Self Forming Clay","Gremlin Horn","Ginger","Charon\u0027s Ashes","Gambling Chip","Runic Pyramid","Chemical X","Dead Branch","Dream Catcher","Busted Crown","War Paint","Bird Faced Urn","Old Coin","Champion Belt","Bag of Marbles","Pen Nib","Mummified Hand"],"potions_floor_usage":[56,56],"damage_taken":[{"damage":0,"enemies":"Small Slimes","floor":1,"turns":1},{"damage":0,"enemies":"Jaw Worm","floor":4,"turns":1},{"damage":0,"enemies":"Lagavulin","floor":6,"turns":1},{"damage":29,"enemies":"Gremlin Nob","floor":8,"turns":4},{"damage":15,"enemies":"3 Sentries","floor":11,"turns":5},{"damage":0,"enemies":"Cultist","floor":13,"turns":3},{"damage":13,"enemies":"Lagavulin","floor":14,"turns":7},{"damage":34,"enemies":"The Guardian","floor":16,"turns":15},{"damage":0,"enemies":"Chosen","floor":18,"turns":3},{"damage":9,"enemies":"2 Thieves","floor":21,"turns":3},{"damage":3,"enemies":"Centurion and Healer","floor":22,"turns":4},{"damage":37,"enemies":"Slavers","floor":24,"turns":3},{"damage":23,"enemies":"Snecko","floor":25,"turns":6},{"damage":18,"enemies":"Shelled Parasite and Fungi","floor":28,"turns":5},{"damage":13,"enemies":"Sentry and Sphere","floor":30,"turns":7},{"damage":3,"enemies":"Collector","floor":33,"turns":4},{"damage":0,"enemies":"3 Darklings","floor":35,"turns":2},{"damage":7,"enemies":"3 Shapes","floor":38,"turns":3},{"damage":0,"enemies":"Spire Growth","floor":39,"turns":4},{"damage":0,"enemies":"Giant Head","floor":41,"turns":6},{"damage":12,"enemies":"3 Darklings","floor":42,"turns":4},{"damage":14,"enemies":"2 Orb Walkers","floor":44,"turns":5},{"damage":42,"enemies":"Reptomancer","floor":46,"turns":5},{"damage":0,"enemies":"Mind Bloom Boss Battle","floor":47,"turns":6},{"damage":3,"enemies":"Jaw Worm Horde","floor":48,"turns":5},{"damage":25,"enemies":"Donu and Deca","floor":50,"turns":8},{"damage":3,"enemies":"Time Eater","floor":51,"turns":9},{"damage":0,"enemies":"Shield and Spear","floor":55,"turns":5},{"damage":7,"enemies":"The Heart","floor":56,"turns":7}],"seed_played":"2147566817887333727","potions_obtained":[{"floor":8,"key":"Energy Potion"},{"floor":11,"key":"Energy Potion"},{"floor":16,"key":"AttackPotion"},{"floor":18,"key":"LiquidBronze"},{"floor":30,"key":"Ancient Potion"},{"floor":35,"key":"SpeedPotion"}],"is_trial":false,"path_per_floor":["M","?","T","M","?","E","R","E","T","$","E","R","M","E","R","B",null,"M","?","$","M","M","R","E","M","T","R","M","?","M","$","R","B",null,"M","$","?","M","M","R","E","M","T","?","R","E","?","M","R","B","B",null,"R","$","E","B",null],"character_chosen":"IRONCLAD","items_purchased":["Chemical X","Trip","Feel No Pain","Feel No Pain","Apotheosis","Feel No Pain","True Grit","Bag of Marbles","Pen Nib","Feel No Pain"],"campfire_rested":2,"item_purchase_floors":[20,20,20,31,31,36,36,54,54,54],"current_hp_per_floor":[74,67,67,73,73,75,75,52,52,52,43,43,49,45,45,17,63,72,72,72,72,78,78,47,30,30,56,48,21,18,18,46,49,84,94,94,94,97,107,107,111,109,109,105,105,89,115,131,131,124,131,131,131,131,135,135],"gold":152,"neow_bonus":"THREE_ENEMY_KILL","is_prod":false,"is_daily":false,"chose_seed":false,"campfire_upgraded":7,"win_rate":0,"timestamp":1559181981,"path_taken":["M","?","?","?","?","E","R","E","T","$","E","R","M","E","R","BOSS","M","?","$","M","M","R","E","?","T","R","M","?","M","?","R","BOSS","M","$","?","M","M","R","E","?","T","?","R","E","?","M","R","BOSS","BOSS","R","$","E","BOSS"],"build_version":"2019-01-23","purchased_purges":2,"victory":true,"max_hp_per_floor":[75,75,75,75,75,75,75,75,75,75,75,75,75,78,78,78,78,81,81,81,84,87,87,87,87,87,87,91,91,95,95,95,95,95,99,99,99,103,107,107,111,115,115,119,119,123,127,131,131,131,131,131,131,131,135,135],"card_choices":[{"not_picked":["Perfected Strike","Anger"],"picked":"Flame Barrier","floor":1},{"not_picked":["True Grit","Hemokinesis"],"picked":"Anger","floor":4},{"not_picked":["Bludgeon","Berserk"],"picked":"Whirlwind","floor":6},{"not_picked":["Warcry","Sever Soul"],"picked":"Shrug It Off","floor":8},{"not_picked":["Body Slam","Sword Boomerang"],"picked":"Headbutt","floor":11},{"not_picked":["Flex","Havoc"],"picked":"Feed","floor":13},{"not_picked":["Thunderclap","Iron Wave"],"picked":"Burning Pact","floor":14},{"not_picked":["Brutality","Exhume"],"picked":"Limit Break","floor":16},{"not_picked":["Intimidate","Cleave"],"picked":"Armaments","floor":18},{"not_picked":["Bloodletting","Wild Strike"],"picked":"Shrug It Off","floor":21},{"not_picked":["Clash","Iron Wave"],"picked":"Metallicize+1","floor":22},{"not_picked":["True Grit","Flame Barrier"],"picked":"Flex","floor":24},{"not_picked":["Anger","Havoc"],"picked":"Rage","floor":25},{"not_picked":["Dark Embrace","Bloodletting"],"picked":"Shrug It Off","floor":27},{"not_picked":["Blood for Blood","Pommel Strike","Inflame"],"picked":"SKIP","floor":28},{"not_picked":["Thunderclap","Clash"],"picked":"Corruption","floor":30},{"not_picked":["Flex","Shockwave"],"picked":"Juggernaut","floor":32},{"not_picked":["Brutality","Offering"],"picked":"Impervious","floor":33},{"not_picked":["Evolve"],"picked":"SKIP","floor":35},{"not_picked":["Pommel Strike"],"picked":"SKIP","floor":38},{"not_picked":["Bloodletting"],"picked":"SKIP","floor":39},{"not_picked":[],"picked":"Feel No Pain","floor":41},{"not_picked":["Clash"],"picked":"SKIP","floor":42},{"not_picked":["Fire Breathing"],"picked":"SKIP","floor":46},{"not_picked":["Wild Strike+1"],"picked":"SKIP","floor":48},{"not_picked":[],"picked":"Demon Form","floor":55}],"player_experience":1594132,"relics_obtained":[{"floor":3,"key":"Du-Vu Doll"},{"floor":6,"key":"Self Forming Clay"},{"floor":8,"key":"Gremlin Horn"},{"floor":9,"key":"Ginger"},{"floor":11,"key":"Charon\u0027s Ashes"},{"floor":14,"key":"Gambling Chip"},{"floor":24,"key":"Dead Branch"},{"floor":26,"key":"Dream Catcher"},{"floor":41,"key":"War Paint"},{"floor":44,"key":"Bird Faced Urn"},{"floor":46,"key":"Old Coin"},{"floor":47,"key":"Champion Belt"},{"floor":55,"key":"Mummified Hand"}],"event_choices":[{"cards_removed":["Strike_R"],"damage_healed":0,"gold_gain":0,"player_choice":"Card Removal","damage_taken":7,"max_hp_gain":0,"max_hp_loss":0,"event_name":"Golden Wing","floor":2,"gold_loss":0},{"cards_removed":["Strike_R"],"damage_healed":0,"gold_gain":0,"player_choice":"Card Removal","damage_taken":0,"max_hp_gain":0,"max_hp_loss":0,"event_name":"The Cleric","floor":5,"gold_loss":75},{"damage_healed":0,"gold_gain":200,"player_choice":"Gold","damage_taken":0,"max_hp_gain":0,"max_hp_loss":0,"event_name":"Wheel of Change","floor":19,"gold_loss":0},{"damage_healed":0,"gold_gain":180,"player_choice":"GOLD GOLD ","damage_taken":27,"max_hp_gain":0,"max_hp_loss":0,"event_name":"Knowing Skull","floor":29,"potions_obtained":[],"gold_loss":0,"cards_obtained":[]},{"cards_removed":["Strike_R"],"damage_healed":0,"gold_gain":0,"player_choice":"Purged","damage_taken":0,"max_hp_gain":0,"max_hp_loss":0,"event_name":"Purifier","floor":37,"gold_loss":0},{"damage_healed":0,"gold_gain":0,"player_choice":"Fight","damage_taken":0,"max_hp_gain":0,"max_hp_loss":0,"event_name":"Mysterious Sphere","floor":44,"gold_loss":0},{"damage_healed":0,"gold_gain":0,"player_choice":"Fight","damage_taken":0,"max_hp_gain":0,"max_hp_loss":0,"event_name":"MindBloom","floor":47,"gold_loss":0}],"is_beta":false,"boss_relics":[{"not_picked":["Astrolabe","White Beast Statue"],"picked":"Runic Pyramid"},{"not_picked":["Velvet Choker","Black Star"],"picked":"Busted Crown"}],"items_purged_floors":[10,54],"is_endless":false,"potions_floor_spawned":[8,11,16,18,28,30,35,39,42,47,48,55],"ascension_level":20}