{"gold_per_floor":[109,122,122,122,197,227,237,268,319,319,330,64,80,92,92,92],"floor_reached":16,"playtime":408,"items_purged":["Strike_G"],"score":274,"play_id":"3c82e19a-ce08-4e26-ae78-a09b8f6079d0","local_time":"20190609171347","is_ascension_mode":true,"campfire_choices":[{"floor":10,"key":"REST"},{"data":"Apotheosis","floor":15,"key":"SMITH"}],"neow_cost":"NONE","seed_source_timestamp":995695802152059,"circlet_count":0,"master_deck":["AscendersBane","Defend_G","Defend_G","Defend_G","Defend_G","Defend_G","Strike_G","Strike_G","Strike_G","Survivor","Neutralize","Dagger Throw","Deadly Poison","Dash","Dagger Spray","Deflect","A Thousand Cuts","Terror","Apotheosis+1","Poisoned Stab"],"relics":["Ring of the Snake","NeowsBlessing","Dodecahedron","Dream Catcher","Ancient Tea Set"],"potions_floor_usage":[16,16],"damage_taken":[{"damage":0,"enemies":"Cultist","floor":1,"turns":1},{"damage":0,"enemies":"Small Slimes","floor":2,"turns":1},{"damage":0,"enemies":"Gremlin Nob","floor":6,"turns":1},{"damage":0,"enemies":"Jaw Worm","floor":7,"turns":3},{"damage":27,"enemies":"Lagavulin","floor":8,"turns":8},{"damage":1,"enemies":"Looter","floor":11,"turns":3},{"damage":5,"enemies":"Blue Slaver","floor":13,"turns":5},{"damage":4,"enemies":"Exordium Wildlife","floor":14,"turns":4},{"damage":31,"enemies":"Slime Boss","floor":16,"turns":5}],"seed_played":"2762438822677398628","potions_obtained":[{"floor":7,"key":"Swift Potion"},{"floor":8,"key":"Fire Potion"},{"floor":13,"key":"Block Potion"}],"is_trial":false,"path_per_floor":["M","M","?","?","?","E","M","E","T","R","M","$","M","M","R","B"],"character_chosen":"THE_SILENT","items_purchased":["Apotheosis"],"campfire_rested":1,"item_purchase_floors":[12],"current_hp_per_floor":[59,59,52,52,41,41,41,14,14,33,32,32,27,23,23,0],"gold":92,"neow_bonus":"THREE_ENEMY_KILL","is_prod":false,"is_daily":false,"chose_seed":false,"campfire_upgraded":1,"win_rate":0,"timestamp":1560118427,"path_taken":["M","?","?","?","?","E","M","E","T","R","M","?","?","M","R","BOSS"],"build_version":"2019-01-23","purchased_purges":1,"victory":false,"max_hp_per_floor":[66,66,66,66,66,66,66,66,66,66,66,66,66,66,66,66],"card_choices":[{"not_picked":["Prepared","Sucker Punch"],"picked":"Dagger Throw","floor":1},{"not_picked":["Caltrops","Reflex"],"picked":"Deadly Poison","floor":2},{"not_picked":["Outmaneuver","Backflip"],"picked":"Dash","floor":6},{"not_picked":["Cloak And Dagger","PiercingWail"],"picked":"Dagger Spray","floor":7},{"not_picked":["Heel Hook","Blade Dance"],"picked":"Deflect","floor":8},{"not_picked":["Masterful Stab","Deflect"],"picked":"A Thousand Cuts","floor":10},{"not_picked":["Deadly Poison","Bane"],"picked":"Terror","floor":11},{"not_picked":["Deadly Poison","Dodge and Roll"],"picked":"Poisoned Stab","floor":13},{"not_picked":["Poisoned Stab","Sucker Punch","Outmaneuver"],"picked":"SKIP","floor":14}],"player_experience":1729963,"relics_obtained":[{"floor":6,"key":"Dodecahedron"},{"floor":8,"key":"Dream Catcher"},{"floor":9,"key":"Ancient Tea Set"}],"event_choices":[{"cards_removed":["Strike_G"],"damage_healed":0,"gold_gain":0,"player_choice":"Card Removal","damage_taken":7,"max_hp_gain":0,"max_hp_loss":0,"event_name":"Golden Wing","floor":3,"gold_loss":0},{"damage_healed":0,"gold_gain":0,"player_choice":"Ignored","damage_taken":0,"max_hp_gain":0,"max_hp_loss":0,"event_name":"Liars Game","floor":4,"gold_loss":0},{"damage_healed":0,"gold_gain":75,"player_choice":"Gather Gold","damage_taken":11,"max_hp_gain":0,"max_hp_loss":0,"event_name":"World of Goop","floor":5,"gold_loss":0}],"is_beta":false,"boss_relics":[],"items_purged_floors":[12],"is_endless":false,"potions_floor_spawned":[7,8,13],"killed_by":"Slime Boss","ascension_level":20}