{"gold_per_floor":[114,114,126,141,66,66,95,109,133,146,146,178,178,197,197,294,294,310,327,127,127,143,174,174,209,236,248,248,262,262,262,262,262],"floor_reached":33,"playtime":1564,"items_purged":["Pommel Strike","Pommel Strike"],"score":431,"play_id":"b06f1d20-878a-4a99-b11b-0ee1af772bb8","local_time":"20190705130841","is_ascension_mode":true,"campfire_choices":[{"data":"Rampage","floor":6.0,"key":"SMITH"},{"data":"True Grit","floor":11.0,"key":"SMITH"},{"data":"Flame Barrier","floor":15.0,"key":"SMITH"},{"data":"Dark Embrace","floor":24.0,"key":"SMITH"},{"data":"Bash","floor":28,"key":"SMITH"},{"data":"Seeing Red","floor":32,"key":"SMITH"}],"neow_cost":"","seed_source_timestamp":0,"circlet_count":0,"master_deck":["Shrug It Off","Shrug It Off","Shrug It Off","Bash+1","Pommel Strike","Pommel Strike","Rampage+1","Seeing Red+1","Flame Barrier+1","Headbutt","True Grit+1","Battle Trance","Ghostly Armor","Battle Trance","Dark Embrace+1","Second Wind","Evolve","Rage","Impervious","Rage+1","Disarm","Armaments+1","Shockwave"],"special_seed":0,"relics":["Burning Blood","Membership Card","Smiling Mask","Lantern","Potion Belt","Bronze Scales","Orrery","Oddly Smooth Stone","Darkstone Periapt","Pantograph","Regal Pillow"],"potions_floor_usage":[33,33],"damage_taken":[{"damage":12.0,"enemies":"Jaw Worm","floor":1.0,"turns":2.0},{"damage":0.0,"enemies":"2 Louse","floor":3.0,"turns":2.0},{"damage":0.0,"enemies":"Small Slimes","floor":4.0,"turns":3.0},{"damage":29.0,"enemies":"Gremlin Nob","floor":7.0,"turns":4.0},{"damage":1.0,"enemies":"2 Fungi Beasts","floor":8.0,"turns":3.0},{"damage":0.0,"enemies":"Exordium Thugs","floor":10.0,"turns":4.0},{"damage":15.0,"enemies":"Lagavulin","floor":12.0,"turns":5.0},{"damage":0.0,"enemies":"Blue Slaver","floor":14.0,"turns":3.0},{"damage":20.0,"enemies":"Hexaghost","floor":16.0,"turns":8.0},{"damage":2.0,"enemies":"Shell Parasite","floor":18.0,"turns":7.0},{"damage":1.0,"enemies":"2 Thieves","floor":19.0,"turns":3.0},{"damage":0.0,"enemies":"Centurion and Healer","floor":22.0,"turns":8.0},{"damage":33.0,"enemies":"Gremlin Leader","floor":23.0,"turns":9.0},{"damage":7.0,"enemies":"Book of Stabbing","floor":25.0,"turns":6.0},{"damage":10,"enemies":"Cultist and Chosen","floor":27,"turns":7},{"damage":9,"enemies":"Snake Plant","floor":29,"turns":4},{"damage":56,"enemies":"Collector","floor":33,"turns":12}],"seed_played":"-2612034391369343752","potions_obtained":[{"floor":3.0,"key":"GamblersBrew"},{"floor":4.0,"key":"Strength Potion"},{"floor":8.0,"key":"Dexterity Potion"},{"floor":18.0,"key":"SkillPotion"},{"floor":19.0,"key":"Weak Potion"},{"floor":23.0,"key":"Regen Potion"},{"floor":29,"key":"SteroidPotion"}],"is_trial":true,"path_per_floor":["M","?","M","M","$","R","E","M","T","M","R","E","?","M","R","B",null,"M","M","$","?","M","E","R","E","T","M","R","M","?","?","R","B"],"character_chosen":"IRONCLAD","items_purchased":["True Grit","Oddly Smooth Stone","Impervious"],"campfire_rested":0,"item_purchase_floors":[5,20,20],"current_hp_per_floor":[66,59,65,71,71,71,48,53,53,59,59,50,50,56,56,42,71,75,80,80,80,80,53,53,52,52,48,48,45,30,30,30,14],"gold":262,"neow_bonus":"","is_prod":false,"is_daily":false,"chose_seed":false,"campfire_upgraded":6,"win_rate":0,"timestamp":1562299721,"path_taken":["M","?","M","M","$","R","E","M","T","M","R","E","?","M","R","BOSS","M","M","$","?","M","E","R","E","T","M","R","M","?","?","R","BOSS"],"build_version":"2019-07-01","purchased_purges":2,"victory":false,"max_hp_per_floor":[80,80,80,80,80,80,80,80,80,80,80,80,80,80,80,80,80,80,80,80,80,80,80,80,80,80,80,80,80,85,85,85,85],"card_choices":[{"not_picked":["Havoc","Wild Strike"],"picked":"Seeing Red","floor":1.0},{"not_picked":["Warcry","Cleave"],"picked":"Flame Barrier","floor":3.0},{"not_picked":["Rampage","Wild Strike"],"picked":"Headbutt","floor":4.0},{"not_picked":["Brutality","Dropkick"],"picked":"Battle Trance","floor":7.0},{"not_picked":["Intimidate","Seeing Red","Perfected Strike"],"picked":"SKIP","floor":8.0},{"not_picked":["Infernal Blade","Thunderclap","Anger"],"picked":"SKIP","floor":10.0},{"not_picked":["Clothesline","Metallicize"],"picked":"Ghostly Armor","floor":12.0},{"not_picked":["Whirlwind","Shrug It Off"],"picked":"Battle Trance","floor":14.0},{"not_picked":["Immolate","Impervious"],"picked":"Dark Embrace","floor":16.0},{"not_picked":["Headbutt","Thunderclap"],"picked":"Second Wind","floor":17.0},{"not_picked":["Dual Wield","Heavy Blade"],"picked":"Evolve","floor":17.0},{"not_picked":["Shrug It Off","Whirlwind"],"picked":"Rage","floor":17.0},{"not_picked":["Shrug It Off","Sword Boomerang","Cleave"],"picked":"SKIP","floor":18.0},{"not_picked":["Clash","Carnage","Pummel"],"picked":"SKIP","floor":19.0},{"not_picked":["Fire Breathing","Rampage"],"picked":"Rage+1","floor":22.0},{"not_picked":["Reaper","Havoc"],"picked":"Disarm","floor":23.0},{"not_picked":["Rupture","Rage+1","Sword Boomerang"],"picked":"SKIP","floor":25.0},{"not_picked":["Flex","Hemokinesis","Anger"],"picked":"SKIP","floor":27},{"not_picked":["Iron Wave+1","Metallicize"],"picked":"Armaments+1","floor":29}],"player_experience":175173,"relics_obtained":[{"floor":7.0,"key":"Lantern"},{"floor":9.0,"key":"Potion Belt"},{"floor":12.0,"key":"Bronze Scales"},{"floor":23.0,"key":"Darkstone Periapt"},{"floor":25.0,"key":"Pantograph"},{"floor":26.0,"key":"Regal Pillow"}],"event_choices":[{"cards_removed":["Pommel Strike"],"damage_healed":0.0,"max_hp_gain":0.0,"max_hp_loss":0.0,"gold_gain":0.0,"event_name":"Golden Wing","player_choice":"Card Removal","floor":2.0,"gold_loss":0.0,"damage_taken":7.0},{"cards_removed":["Shrug It Off"],"damage_healed":0.0,"max_hp_gain":0.0,"max_hp_loss":0.0,"gold_gain":0.0,"event_name":"Living Wall","player_choice":"Forget","floor":13.0,"gold_loss":0.0,"damage_taken":0.0},{"damage_healed":0.0,"max_hp_gain":0.0,"max_hp_loss":0.0,"gold_gain":0.0,"event_name":"Vampires","player_choice":"Ignored","floor":21.0,"gold_loss":0.0,"damage_taken":0.0},{"damage_healed":0,"gold_gain":0,"player_choice":"Shed Blood","damage_taken":20,"max_hp_gain":5,"max_hp_loss":0,"event_name":"Forgotten Altar","floor":30,"gold_loss":0},{"damage_healed":0,"gold_gain":0,"player_choice":"Read","damage_taken":0,"max_hp_gain":0,"max_hp_loss":0,"event_name":"The Library","floor":31,"gold_loss":0,"cards_obtained":["Shockwave"]}],"is_beta":false,"boss_relics":[{"not_picked":["Runic Pyramid","Black Star"],"picked":"Orrery"}],"items_purged_floors":[5,20],"is_endless":false,"potions_floor_spawned":[3,4,8,18,19,23,29],"killed_by":"Collector","ascension_level":9}