{"gold_per_floor":[113,123,143,143,160,160,190,190,190,63,82,82,92,122,122,193,193,212,223,1,51,51,51,66,77,77,108,108,108,108,126,126,126],"floor_reached":33,"playtime":1381,"items_purged":["Pain"],"score":554,"play_id":"0bc10beb-9659-4dc2-812a-b88f9227b1b4","local_time":"20190609180240","is_ascension_mode":true,"campfire_choices":[{"data":"Deadly Poison","floor":6,"key":"SMITH"},{"floor":8,"key":"REST"},{"data":"Catalyst","floor":15,"key":"SMITH"},{"data":"Infinite Blades","floor":23,"key":"SMITH"},{"floor":30,"key":"REST"},{"floor":32,"key":"REST"}],"neow_cost":"TEN_PERCENT_HP_LOSS","seed_source_timestamp":997654916910623,"circlet_count":0,"master_deck":["AscendersBane","Defend_G+1","Defend_G+1","Defend_G+1","Defend_G+1","Strike_G+1","Strike_G+1","Strike_G+1","Survivor","Neutralize","Choke","Deadly Poison+1","Backflip","Bullet Time","Catalyst+1","Cloak And Dagger","Setup","Flying Knee","Noxious Fumes","Malaise","Doubt","Injury","Writhe","Infinite Blades+1","Heel Hook","Eviscerate","Envenom+1","Skewer","Dagger Spray","Cloak And Dagger","PiercingWail"],"relics":["Ring of the Snake","WarpedTongs","Anchor","Smiling Mask","Dodecahedron","Calling Bell","Bag of Preparation","Shuriken","FossilizedHelix","Chemical X","Unceasing Top","Art of War"],"potions_floor_usage":[16,16,33,33],"damage_taken":[{"damage":1,"enemies":"Cultist","floor":1,"turns":4},{"damage":0,"enemies":"2 Louse","floor":2,"turns":3},{"damage":4,"enemies":"Small Slimes","floor":3,"turns":4},{"damage":5,"enemies":"Red Slaver","floor":5,"turns":4},{"damage":25,"enemies":"Lagavulin","floor":7,"turns":6},{"damage":1,"enemies":"Large Slime","floor":11,"turns":5},{"damage":0,"enemies":"3 Louse","floor":13,"turns":3},{"damage":23,"enemies":"3 Sentries","floor":14,"turns":9},{"damage":7,"enemies":"Hexaghost","floor":16,"turns":8},{"damage":2,"enemies":"3 Byrds","floor":18,"turns":7},{"damage":6,"enemies":"Spheric Guardian","floor":19,"turns":4},{"damage":0,"enemies":"Snake Plant","floor":24,"turns":4},{"damage":0,"enemies":"Snecko","floor":25,"turns":2},{"damage":23,"enemies":"Slavers","floor":27,"turns":7},{"damage":24,"enemies":"Sentry and Sphere","floor":31,"turns":5},{"damage":35,"enemies":"Collector","floor":33,"turns":6}],"seed_played":"4445543044453832439","potions_obtained":[{"floor":3,"key":"LiquidBronze"},{"floor":5,"key":"Energy Potion"},{"floor":13,"key":"GhostInAJar"},{"floor":16,"key":"SteroidPotion"},{"floor":18,"key":"Energy Potion"},{"floor":24,"key":"GhostInAJar"}],"is_trial":false,"path_per_floor":["M","M","M","?","M","R","E","R","T","$","M","?","M","E","R","B",null,"M","M","$","?","?","R","M","M","T","E","?","?","R","M","R","B"],"character_chosen":"THE_SILENT","items_purchased":["Catalyst","Chemical X"],"campfire_rested":3,"item_purchase_floors":[10,20],"current_hp_per_floor":[58,58,54,54,49,49,24,42,42,42,41,41,41,18,18,11,48,46,40,40,40,40,40,40,40,40,17,17,17,35,11,29,0],"gold":126,"neow_bonus":"REMOVE_TWO","is_prod":false,"is_daily":false,"chose_seed":false,"campfire_upgraded":3,"win_rate":0,"timestamp":1560121360,"path_taken":["M","M","?","?","M","R","E","R","T","?","M","?","?","E","R","BOSS","M","M","$","?","?","R","M","?","T","E","?","?","R","M","R","BOSS"],"build_version":"2019-01-23","purchased_purges":1,"victory":false,"max_hp_per_floor":[60,60,60,60,60,60,60,60,60,60,60,60,60,60,60,60,60,60,60,60,60,60,60,60,60,60,60,60,60,60,60,60,60],"card_choices":[{"not_picked":["Acrobatics","Outmaneuver","Escape Plan"],"picked":"SKIP","floor":1},{"not_picked":["All Out Attack","PiercingWail"],"picked":"Choke","floor":2},{"not_picked":["Backstab","Riddle With Holes"],"picked":"Deadly Poison","floor":3},{"not_picked":["Finisher","Underhanded Strike"],"picked":"Backflip","floor":5},{"not_picked":["Eviscerate","Skewer"],"picked":"Bullet Time","floor":7},{"not_picked":["Deadly Poison","Choke"],"picked":"Cloak And Dagger","floor":11},{"not_picked":["Reflex","Calculated Gamble"],"picked":"Flying Knee","floor":13},{"not_picked":["Quick Slash","Bouncing Flask"],"picked":"Noxious Fumes","floor":14},{"not_picked":["Unload","Burst"],"picked":"Malaise","floor":16},{"not_picked":["Escape Plan","Dagger Throw"],"picked":"Infinite Blades","floor":18},{"not_picked":["Acrobatics","Finisher"],"picked":"Heel Hook","floor":19},{"not_picked":["Deflect","Dagger Throw+1"],"picked":"Skewer","floor":24},{"not_picked":["Masterful Stab","Skewer"],"picked":"Dagger Spray","floor":25},{"not_picked":["Finisher","Calculated Gamble"],"picked":"Cloak And Dagger","floor":27},{"not_picked":["Sucker Punch","Catalyst"],"picked":"PiercingWail","floor":31}],"player_experience":1731895,"relics_obtained":[{"floor":7,"key":"Anchor"},{"floor":9,"key":"Smiling Mask"},{"floor":14,"key":"Dodecahedron"},{"floor":17,"key":"Bag of Preparation"},{"floor":17,"key":"Shuriken"},{"floor":17,"key":"FossilizedHelix"},{"floor":26,"key":"Unceasing Top"},{"floor":27,"key":"Art of War"}],"event_choices":[{"damage_healed":0,"gold_gain":0,"player_choice":"Rummage","damage_taken":0,"relics_obtained":["WarpedTongs"],"max_hp_gain":0,"max_hp_loss":0,"event_name":"Accursed Blacksmith","floor":4,"gold_loss":0,"cards_obtained":["Pain"]},{"damage_healed":0,"gold_gain":0,"cards_transformed":["Strike_G"],"player_choice":"Transformed","damage_taken":0,"max_hp_gain":0,"max_hp_loss":0,"event_name":"Transmorgrifier","floor":12,"gold_loss":0,"cards_obtained":["Setup"]},{"damage_healed":0,"gold_gain":50,"player_choice":"Stole From Cult","damage_taken":0,"max_hp_gain":0,"max_hp_loss":0,"event_name":"Nest","floor":21,"gold_loss":0},{"damage_healed":0,"gold_gain":0,"player_choice":"2 cards matched","damage_taken":0,"max_hp_gain":0,"max_hp_loss":0,"event_name":"Match and Keep!","floor":22,"gold_loss":0,"cards_obtained":["Eviscerate","Envenom"]},{"damage_healed":0,"gold_gain":0,"player_choice":"Simplicity","damage_taken":0,"max_hp_gain":0,"max_hp_loss":0,"event_name":"Back to Basics","floor":28,"gold_loss":0,"cards_upgraded":["Defend_G","Defend_G","Defend_G","Defend_G","Strike_G","Strike_G","Strike_G"]},{"damage_healed":0,"gold_gain":0,"player_choice":"Upgraded","damage_taken":0,"max_hp_gain":0,"max_hp_loss":0,"event_name":"Upgrade Shrine","floor":29,"gold_loss":0,"cards_upgraded":["Envenom"]}],"is_beta":false,"boss_relics":[{"not_picked":["Ectoplasm","Busted Crown"],"picked":"Calling Bell"}],"items_purged_floors":[10],"is_endless":false,"potions_floor_spawned":[3,5,13,16,18,24],"killed_by":"Collector","ascension_level":20}