{"gold_per_floor":[117,117,117,132,27,54,54,88,114,114],"floor_reached":10,"playtime":274,"items_purged":[],"score":148,"play_id":"3bcd7cf6-c66d-46b4-b1df-028bd27843f4","local_time":"20190712134350","is_ascension_mode":true,"campfire_choices":[{"floor":7,"key":"REST"}],"neow_cost":"NONE","seed_source_timestamp":1565807887346763,"circlet_count":0,"master_deck":["AscendersBane","Strike_B+1","Strike_B","Strike_B","Strike_B","Defend_B","Defend_B","Defend_B","Defend_B","Zap+1","Dualcast","All For One","Ball Lightning","Melter","Gash","Coolheaded","Core Surge","Compile Driver","Sweeping Beam"],"relics":["Cracked Core","Dream Catcher","Pen Nib","Bag of Preparation"],"potions_floor_usage":[6],"damage_taken":[{"damage":1,"enemies":"Cultist","floor":1,"turns":3},{"damage":7,"enemies":"Jaw Worm","floor":4,"turns":3},{"damage":23,"enemies":"Lagavulin","floor":6,"turns":4},{"damage":11,"enemies":"3 Sentries","floor":8,"turns":6},{"damage":28,"enemies":"Lagavulin","floor":10,"turns":3}],"seed_played":"9177440747830999170","potions_obtained":[{"floor":1,"key":"Poison Potion"},{"floor":6,"key":"LiquidBronze"}],"is_trial":false,"path_per_floor":["M","?","?","M","$","E","R","E","T","E"],"character_chosen":"DEFECT","items_purchased":["Gash","Coolheaded"],"campfire_rested":1,"item_purchase_floors":[5,5],"current_hp_per_floor":[63,42,47,40,40,17,39,28,28,0],"gold":114,"neow_bonus":"ONE_RANDOM_RARE_CARD","is_prod":false,"is_daily":false,"chose_seed":false,"campfire_upgraded":0,"win_rate":0,"timestamp":1562957030,"path_taken":["M","?","?","M","?","E","R","E","T","E"],"build_version":"2019-07-10","purchased_purges":0,"victory":false,"max_hp_per_floor":[71,71,76,76,76,76,76,76,76,76],"card_choices":[{"not_picked":["Genetic Algorithm","Beam Cell"],"picked":"Ball Lightning","floor":1},{"not_picked":["Conserve Battery","Go for the Eyes"],"picked":"Melter","floor":4},{"not_picked":["Cold Snap","Reprogram"],"picked":"Core Surge","floor":6},{"not_picked":["Lockon","Redo"],"picked":"Compile Driver","floor":7},{"not_picked":["Ball Lightning","Stack"],"picked":"Sweeping Beam","floor":8}],"player_experience":1669607,"relics_obtained":[{"floor":6,"key":"Dream Catcher"},{"floor":8,"key":"Pen Nib"},{"floor":9,"key":"Bag of Preparation"}],"event_choices":[{"damage_healed":0,"gold_gain":0,"player_choice":"Entered Light","damage_taken":21,"max_hp_gain":0,"max_hp_loss":0,"event_name":"Shining Light","floor":2,"gold_loss":0,"cards_upgraded":["Strike_B","Zap"]},{"damage_healed":0,"gold_gain":0,"player_choice":"Donut","damage_taken":0,"max_hp_gain":5,"max_hp_loss":0,"event_name":"Big Fish","floor":3,"gold_loss":0}],"is_beta":true,"boss_relics":[],"items_purged_floors":[],"is_endless":false,"potions_floor_spawned":[1,6],"killed_by":"Lagavulin","ascension_level":20}