{"gold_per_floor":[114,114,124,46,46,46,71,71,95,60,60,79,379,13,13,111,111,124,124,124,14,14,14,30,42,42,55,66,83,101,120,120,219,269,286,286,306,306,306,306,322,322,398,417,75,90,90,15,15,15],"floor_reached":50,"playtime":5018,"items_purged":[],"score":467,"play_id":"3abe9bc2-d554-49ea-93f5-8ec9d74f20e7","local_time":"20190705142159","is_ascension_mode":false,"campfire_choices":[{"data":"Loop","floor":6,"key":"SMITH"},{"floor":8,"key":"REST"},{"data":"Buffer","floor":11,"key":"SMITH"},{"floor":15,"key":"REST"},{"floor":23,"key":"REST"},{"floor":32,"key":"REST"},{"floor":40,"key":"REST"},{"floor":42,"key":"REST"},{"floor":49,"key":"REST"}],"neow_cost":"NONE","seed_source_timestamp":1603360267019800,"circlet_count":0,"master_deck":["Strike_B+1","Strike_B","Strike_B","Strike_B","Defend_B","Defend_B+1","Defend_B","Defend_B","Zap","Dualcast+1","Loop+1","Coolheaded","Tempest+1","Buffer+1","Blizzard","Chaos","Hello World","Lockon","Buffer","Compile Driver+1","Reinforced Body","Hello World","Sunder+1","Tempest+1","Fusion+1","Redo","Turbo+1","Double Energy+1","Darkness","Conserve Battery+1","Ball Lightning","Genetic Algorithm+1","Electrodynamics","Gash","Gash+1","Madness","Madness","Barrage+1","Lockon+1","Turbo+1","Static Discharge+1","Loop","Amplify","FTL+1","Swift Strike+1","FTL+1","Aggregate+1"],"relics":["Cracked Core","Centennial Puzzle","Dream Catcher","Old Coin","Chemical X","Fusion Hammer","Enchiridion","WingedGreaves","Tiny House","Molten Egg 2","Regal Pillow"],"potions_floor_usage":[7,16,16,27,29,31,33,33,41,46,50],"damage_taken":[{"damage":8,"enemies":"Small Slimes","floor":1,"turns":2},{"damage":0,"enemies":"2 Louse","floor":3,"turns":3},{"damage":19,"enemies":"Lagavulin","floor":7,"turns":5},{"damage":9,"enemies":"Jaw Worm","floor":12,"turns":4},{"damage":33,"enemies":"Hexaghost","floor":16,"turns":9},{"damage":8,"enemies":"3 Byrds","floor":18,"turns":3},{"damage":0,"enemies":"2 Thieves","floor":24,"turns":2},{"damage":0,"enemies":"Snecko","floor":25,"turns":3},{"damage":14,"enemies":"Centurion and Healer","floor":27,"turns":3},{"damage":13,"enemies":"Shelled Parasite and Fungi","floor":28,"turns":3},{"damage":0,"enemies":"Sentry and Sphere","floor":29,"turns":4},{"damage":25,"enemies":"Snake Plant","floor":30,"turns":3},{"damage":8,"enemies":"Centurion and Healer","floor":31,"turns":3},{"damage":23,"enemies":"Collector","floor":33,"turns":5},{"damage":15,"enemies":"Orb Walker","floor":35,"turns":2},{"damage":19,"enemies":"3 Shapes","floor":37,"turns":4},{"damage":13,"enemies":"Maw","floor":41,"turns":7},{"damage":18,"enemies":"4 Shapes","floor":44,"turns":6},{"damage":23,"enemies":"3 Darklings","floor":46,"turns":4},{"damage":88,"enemies":"Donu and Deca","floor":50,"turns":7}],"seed_played":"-7067545072482984695","potions_obtained":[{"floor":1,"key":"Poison Potion"},{"floor":3,"key":"Swift Potion"},{"floor":12,"key":"Fire Potion"},{"floor":24,"key":"Energy Potion"},{"floor":25,"key":"Poison Potion"},{"floor":28,"key":"SneckoOil"},{"floor":30,"key":"FearPotion"},{"floor":34,"key":"Weak Potion"},{"floor":37,"key":"Energy Potion"},{"floor":44,"key":"PowerPotion"}],"is_trial":false,"path_per_floor":["M","?","M","$","?","R","E","R","T","?","R","M","?","$","R","B",null,"M","?","?","$","?","R","M","M","T","M","M","M","M","M","R","B",null,"M","?","M","?","?","R","M","R","T","M","$","M","?","$","R","B"],"character_chosen":"DEFECT","items_purchased":["Tempest","Chaos","Chemical X","Hello World","Poison Potion","Hello World","Sunder","Loop","Amplify","Regal Pillow","FTL+1"],"campfire_rested":7,"item_purchase_floors":[4,14,14,14,14,21,21,45,45,45,48],"current_hp_per_floor":[67,72,72,72,56,56,37,61,61,80,80,71,53,53,77,44,80,72,72,56,56,56,80,80,80,80,66,53,53,28,20,44,21,85,70,70,51,51,40,65,52,77,77,59,59,36,36,36,76,0],"gold":15,"neow_bonus":"UPGRADE_CARD","is_prod":false,"is_daily":false,"chose_seed":false,"campfire_upgraded":2,"win_rate":0.0,"timestamp":1562350919,"path_taken":["M","?","M","$","?","R","E","R","T","?","R","M","?","$","R","BOSS","M","?","?","$","?","R","M","M","T","M","?","M","M","M","R","BOSS","M","?","M","?","?","R","M","R","T","M","$","?","?","$","R","BOSS"],"build_version":"2019-07-01","purchased_purges":0,"victory":false,"max_hp_per_floor":[75,80,80,80,80,80,80,80,80,80,80,80,80,80,80,80,80,80,80,80,80,80,80,80,80,80,80,80,80,80,80,80,80,85,85,85,85,85,85,85,85,85,85,85,85,85,85,85,85,85],"card_choices":[{"not_picked":["Force Field","Steam"],"picked":"Loop","floor":1},{"not_picked":["Storm","Turbo"],"picked":"Coolheaded","floor":3},{"not_picked":["Steam","Blizzard"],"picked":"Buffer","floor":7},{"not_picked":["Go for the Eyes","Aggregate"],"picked":"Blizzard","floor":12},{"not_picked":["Chill","Coolheaded"],"picked":"Lockon","floor":15},{"not_picked":["Biased Cognition","Rainbow"],"picked":"Buffer","floor":16},{"not_picked":["Streamline","Stack+1"],"picked":"Compile Driver+1","floor":18},{"not_picked":["Steam+1","Rip and Tear"],"picked":"Tempest+1","floor":23},{"not_picked":["Self Repair","Lockon"],"picked":"Fusion+1","floor":24},{"not_picked":["Beam Cell","Sweeping Beam+1"],"picked":"Redo","floor":25},{"not_picked":["Force Field","Coolheaded"],"picked":"Turbo+1","floor":27},{"not_picked":["Undo","Hologram"],"picked":"Double Energy+1","floor":28},{"not_picked":["Auto Shields","Rebound"],"picked":"Darkness","floor":29},{"not_picked":["Barrage","Redo"],"picked":"Conserve Battery+1","floor":30},{"not_picked":["Leap","Buffer"],"picked":"Ball Lightning","floor":31},{"not_picked":["Compile Driver","Heatsinks"],"picked":"Genetic Algorithm+1","floor":32},{"not_picked":["Rainbow","Meteor Strike"],"picked":"Electrodynamics","floor":33},{"not_picked":["Barrage","Storm"],"picked":"Gash","floor":34},{"not_picked":["Stack","Sweeping Beam"],"picked":"Doom and Gloom","floor":35},{"not_picked":["Barrage+1","Doom and Gloom"],"picked":"Gash+1","floor":37},{"not_picked":["Doom and Gloom","Streamline+1"],"picked":"Barrage+1","floor":40},{"not_picked":["Barrage+1","Seek"],"picked":"Lockon+1","floor":41},{"not_picked":["Coolheaded","Stack+1"],"picked":"Turbo+1","floor":42},{"not_picked":["Compile Driver+1","Conserve Battery+1"],"picked":"Static Discharge+1","floor":44},{"not_picked":["Leap+1","Skim"],"picked":"FTL+1","floor":46},{"not_picked":["PanicButton","Magnetism"],"picked":"Swift Strike+1","floor":47},{"not_picked":["Coolheaded","Redo+1"],"picked":"Aggregate+1","floor":49}],"player_experience":56262,"relics_obtained":[{"floor":7,"key":"Centennial Puzzle"},{"floor":9,"key":"Dream Catcher"},{"floor":20,"key":"Enchiridion"},{"floor":26,"key":"WingedGreaves"},{"floor":43,"key":"Molten Egg 2"}],"event_choices":[{"damage_healed":0,"gold_gain":0,"player_choice":"Donut","damage_taken":0,"max_hp_gain":5,"max_hp_loss":0,"event_name":"Big Fish","floor":2,"gold_loss":0},{"damage_healed":0,"gold_gain":0,"player_choice":"Entered Light","damage_taken":16,"max_hp_gain":0,"max_hp_loss":0,"event_name":"Shining Light","floor":5,"gold_loss":0,"cards_upgraded":["Strike_B","Defend_B"]},{"damage_healed":20,"gold_gain":0,"player_choice":"Healed","damage_taken":0,"max_hp_gain":0,"max_hp_loss":0,"event_name":"The Cleric","floor":10,"gold_loss":35},{"damage_healed":0,"gold_gain":0,"player_choice":"Success","damage_taken":18,"relics_obtained":["Old Coin"],"max_hp_gain":0,"max_hp_loss":0,"event_name":"Scrap Ooze","floor":13,"gold_loss":0},{"damage_healed":0,"gold_gain":0,"player_choice":"Read","damage_taken":0,"max_hp_gain":0,"max_hp_loss":0,"event_name":"The Library","floor":19,"gold_loss":0,"cards_obtained":["Reinforced Body"]},{"damage_healed":0,"gold_gain":0,"player_choice":"Obtained Book","damage_taken":16,"max_hp_gain":0,"max_hp_loss":0,"event_name":"Cursed Tome","floor":20,"gold_loss":0},{"damage_healed":0,"gold_gain":0,"player_choice":"Upgraded","damage_taken":0,"max_hp_gain":0,"max_hp_loss":0,"event_name":"Upgrade Shrine","floor":22,"gold_loss":0,"cards_upgraded":["Tempest"]},{"cards_removed":["Doom and Gloom"],"damage_healed":0,"gold_gain":0,"player_choice":"Removed Attack","damage_taken":0,"max_hp_gain":0,"max_hp_loss":0,"event_name":"Falling","floor":36,"gold_loss":0},{"damage_healed":0,"gold_gain":0,"player_choice":"Ignored","damage_taken":0,"max_hp_gain":0,"max_hp_loss":0,"event_name":"Tomb of Lord Red Mask","floor":38,"gold_loss":0},{"damage_healed":0,"gold_gain":0,"player_choice":"Embrace Madness","damage_taken":11,"max_hp_gain":0,"max_hp_loss":0,"event_name":"Winding Halls","floor":39,"gold_loss":0,"cards_obtained":["Madness","Madness"]},{"damage_healed":0,"gold_gain":0,"player_choice":"Memory 1","damage_taken":0,"max_hp_gain":0,"max_hp_loss":0,"event_name":"SensoryStone","floor":47,"gold_loss":0}],"is_beta":false,"boss_relics":[{"not_picked":["Empty Cage","Busted Crown"],"picked":"Fusion Hammer"},{"not_picked":["Cursed Key","Snecko Eye"],"picked":"Tiny House"}],"items_purged_floors":[],"is_endless":false,"potions_floor_spawned":[1,3,12,24,25,28,30,37,44],"killed_by":"Donu and Deca","ascension_level":0}