{"gold_per_floor":[114,189,200,217,230,258,269,269,316,316,316,44,87,103,103,229,229,245,245,245,261,261,276,35,49,121,135,135,148,166,180,180,277,277,293,306,66,76,76,76,87,87,113,113,132,157,157,36,36,36],"floor_reached":51,"playtime":14247,"items_purged":["Injury","Defend_B"],"score":743,"play_id":"48387d5b-8c17-4497-81ca-92d701c5a3a8","local_time":"20190613185139","is_ascension_mode":false,"campfire_choices":[{"floor":8.0,"key":"REST"},{"data":"Barrage","floor":10.0,"key":"SMITH"},{"data":"Barrage","floor":15.0,"key":"SMITH"},{"data":"Defragment","floor":32.0,"key":"SMITH"},{"data":"Machine Learning","floor":40,"key":"SMITH"},{"data":"Lockon","floor":42,"key":"SMITH"},{"data":"Lockon","floor":44,"key":"SMITH"},{"floor":47,"key":"REST"},{"data":"Machine Learning","floor":49,"key":"SMITH"}],"neow_cost":"NONE","seed_source_timestamp":0,"circlet_count":0,"master_deck":["Defend_B","Defend_B","Defend_B","Zap","Dualcast","Conserve Battery","Coolheaded","Barrage+1","Cold Snap","Capacitor","Barrage+1","Streamline","Rip and Tear","Self Repair","Hologram","Leap","Hologram","Hello World","Machine Learning+1","Ball Lightning+1","Bite","Bite","Bite","Bite","Bite","Barrage","Conserve Battery","Self Repair","Leap","Rip and Tear","Cold Snap+1","Glacier+1","Defragment+1","Conserve Battery+1","Hologram+1","Machine Learning+1","Storm+1","Lockon+1","Lockon+1","Conserve Battery+1","Capacitor","Defragment+1","Hologram+1","Streamline+1","Seek+1","Conserve Battery+1"],"special_seed":0,"relics":["Cracked Core","NeowsBlessing","Gambling Chip","Orichalcum","Bloody Idol","Dodecahedron","Velvet Choker","Gremlin Horn","Toxic Egg 2","Lizard Tail","Omamori","Bag of Marbles"],"potions_floor_usage":[38,46,50,50,50,50,50,50],"damage_taken":[{"damage":0.0,"enemies":"Jaw Worm","floor":1.0,"turns":1.0},{"damage":0.0,"enemies":"Cultist","floor":3.0,"turns":1.0},{"damage":0.0,"enemies":"Small Slimes","floor":4.0,"turns":1.0},{"damage":10.0,"enemies":"Blue Slaver","floor":5.0,"turns":3.0},{"damage":18.0,"enemies":"Gremlin Nob","floor":6.0,"turns":4.0},{"damage":5.0,"enemies":"Large Slime","floor":7.0,"turns":9.0},{"damage":14.0,"enemies":"Lagavulin","floor":13.0,"turns":7.0},{"damage":2.0,"enemies":"Lots of Slimes","floor":14.0,"turns":4.0},{"damage":20.0,"enemies":"The Guardian","floor":16.0,"turns":9.0},{"damage":12.0,"enemies":"Spheric Guardian","floor":18.0,"turns":4.0},{"damage":32.0,"enemies":"2 Thieves","floor":21.0,"turns":4.0},{"damage":35.0,"enemies":"Snake Plant","floor":23.0,"turns":5.0},{"damage":26.0,"enemies":"Sentry and Sphere","floor":25.0,"turns":8.0},{"damage":3.0,"enemies":"Chosen and Byrds","floor":27.0,"turns":6.0},{"damage":19.0,"enemies":"Snake Plant","floor":29.0,"turns":5.0},{"damage":0.0,"enemies":"Snecko","floor":30.0,"turns":4.0},{"damage":1.0,"enemies":"3 Cultists","floor":31.0,"turns":5.0},{"damage":24.0,"enemies":"Collector","floor":33.0,"turns":10.0},{"damage":0,"enemies":"Orb Walker","floor":35,"turns":4},{"damage":23,"enemies":"3 Darklings","floor":36,"turns":4},{"damage":14,"enemies":"Jaw Worm Horde","floor":38,"turns":2},{"damage":0,"enemies":"Transient","floor":41,"turns":5},{"damage":9,"enemies":"Maw","floor":45,"turns":6},{"damage":69,"enemies":"Nemesis","floor":46,"turns":7},{"damage":36,"enemies":"Time Eater","floor":50,"turns":9}],"seed_played":"2606940704803535361","potions_obtained":[{"floor":3.0,"key":"Regen Potion"},{"floor":7.0,"key":"Energy Potion"},{"floor":13.0,"key":"Energy Potion"},{"floor":16.0,"key":"FearPotion"},{"floor":25.0,"key":"PowerPotion"},{"floor":35,"key":"Poison Potion"},{"floor":45,"key":"Dexterity Potion"}],"is_trial":false,"path_per_floor":["M","?","M","M","M","E","M","R","T","R","?","$","E","M","R","B",null,"M","?","?","M","T","M","$","M","T","M","?","M","M","M","R","B",null,"M","M","$","M","?","R","M","R","T","R","M","E","R","$","R","B",null],"character_chosen":"DEFECT","items_purchased":["Streamline","Rip and Tear","Self Repair","Hologram","Leap","Self Repair","Leap","Rip and Tear","Lockon","Conserve Battery+1","PowerPotion","EntropicBrew","Conserve Battery+1"],"campfire_rested":2,"item_purchase_floors":[12,12,12,12,12,24,24,24,37,37,37,48,48],"current_hp_per_floor":[75,68,68,68,58,40,35,57,57,57,57,57,50,55,55,35,75,70,70,52,34,34,31,31,36,41,52,52,52,52,52,52,37,52,52,47,47,47,47,47,52,52,52,52,52,40,52,52,52,44],"gold":36,"neow_bonus":"THREE_ENEMY_KILL","is_prod":false,"is_daily":false,"chose_seed":false,"campfire_upgraded":7,"win_rate":0.0,"timestamp":1560466299,"path_taken":["M","?","?","M","M","E","M","R","T","R","?","$","E","M","R","BOSS","M","?","?","M","?","M","$","?","T","M","?","?","M","M","R","BOSS","M","M","$","M","?","R","M","R","T","R","M","E","R","$","R","BOSS"],"build_version":"2019-01-23","purchased_purges":2,"victory":true,"max_hp_per_floor":[75,75,75,75,75,75,75,75,75,75,75,75,75,75,75,75,75,75,75,52,52,52,52,52,52,52,52,52,52,52,52,52,52,52,52,52,52,52,52,52,52,52,52,52,52,52,52,52,52,52],"card_choices":[{"not_picked":["Leap","Stack"],"picked":"Conserve Battery","floor":1.0},{"not_picked":["Redo","Tempest"],"picked":"Coolheaded","floor":3.0},{"not_picked":["Electrodynamics","Ball Lightning"],"picked":"Barrage","floor":4.0},{"not_picked":["Heatsinks","Hologram"],"picked":"Cold Snap","floor":5.0},{"not_picked":["Storm","Scrape"],"picked":"Capacitor","floor":6.0},{"not_picked":["Hello World","Redo"],"picked":"Barrage","floor":7.0},{"not_picked":["Force Field","Skim"],"picked":"Hologram","floor":13.0},{"not_picked":["Steam","Compile Driver"],"picked":"Hello World","floor":14.0},{"not_picked":["Multi-Cast","Fission"],"picked":"Machine Learning","floor":16.0},{"not_picked":["Hologram","Loop"],"picked":"Ball Lightning+1","floor":18.0},{"not_picked":["Streamline","Leap"],"picked":"Barrage","floor":21.0},{"not_picked":["Double Energy","Beam Cell"],"picked":"Conserve Battery","floor":23.0},{"not_picked":["Electrodynamics","Ball Lightning"],"picked":"Cold Snap+1","floor":25.0},{"not_picked":["Storm","Gash+1"],"picked":"Glacier+1","floor":27.0},{"not_picked":["Skim+1","Coolheaded+1"],"picked":"Defragment","floor":29.0},{"not_picked":["Steam Power+1","Beam Cell"],"picked":"Conserve Battery+1","floor":30.0},{"not_picked":["Beam Cell","Cold Snap"],"picked":"Hologram+1","floor":31.0},{"not_picked":["Buffer","Fission+1"],"picked":"Machine Learning","floor":33.0},{"not_picked":["Coolheaded+1","Redo+1"],"picked":"Storm+1","floor":35},{"not_picked":["Compile Driver","Coolheaded+1"],"picked":"Lockon","floor":36},{"not_picked":["Tempest+1","Redo+1"],"picked":"Capacitor","floor":38},{"not_picked":["Go for the Eyes+1","Steam+1"],"picked":"Hologram+1","floor":41},{"not_picked":["Compile Driver+1","Self Repair"],"picked":"Streamline+1","floor":45},{"not_picked":["Leap+1","Sweeping Beam"],"picked":"Seek+1","floor":46}],"player_experience":31658,"relics_obtained":[{"floor":6.0,"key":"Gambling Chip"},{"floor":9.0,"key":"Orichalcum"},{"floor":13.0,"key":"Dodecahedron"},{"floor":22.0,"key":"Gremlin Horn"},{"floor":26.0,"key":"Toxic Egg 2"},{"floor":43,"key":"Omamori"},{"floor":46,"key":"Bag of Marbles"}],"event_choices":[{"damage_healed":0.0,"max_hp_gain":0.0,"max_hp_loss":0.0,"gold_gain":75.0,"event_name":"FaceTrader","player_choice":"Touch","floor":2.0,"gold_loss":0.0,"damage_taken":7.0},{"damage_healed":0.0,"max_hp_gain":0.0,"max_hp_loss":0.0,"gold_gain":0.0,"event_name":"Golden Idol","player_choice":"Take Wound","floor":11.0,"gold_loss":0.0,"damage_taken":0.0,"relics_obtained":["Golden Idol"],"cards_obtained":["Injury"]},{"damage_healed":0.0,"max_hp_gain":0.0,"max_hp_loss":0.0,"gold_gain":0.0,"event_name":"Forgotten Altar","player_choice":"Gave Idol","floor":19.0,"relics_lost":["Golden Idol"],"gold_loss":0.0,"damage_taken":0.0,"relics_obtained":["Bloody Idol"]},{"damage_healed":0.0,"max_hp_gain":0.0,"max_hp_loss":23.0,"gold_gain":0.0,"event_name":"Vampires","player_choice":"Became a vampire","floor":20.0,"gold_loss":0.0,"damage_taken":0.0,"cards_obtained":["Bite","Bite","Bite","Bite","Bite"]},{"damage_healed":0.0,"max_hp_gain":0.0,"max_hp_loss":0.0,"gold_gain":0.0,"event_name":"NoteForYourself","player_choice":"Ignored","floor":28.0,"gold_loss":0.0,"damage_taken":0.0},{"damage_healed":0,"gold_gain":0,"player_choice":"Copied","damage_taken":0,"max_hp_gain":0,"max_hp_loss":0,"event_name":"Duplicator","floor":39,"gold_loss":0,"cards_obtained":["Defragment"]}],"is_beta":false,"boss_relics":[{"not_picked":["Philosopher\u0027s Stone","Fusion Hammer"],"picked":"Velvet Choker"},{"not_picked":["Orrery","Calling Bell"],"picked":"Lizard Tail"}],"items_purged_floors":[24,37],"is_endless":false,"potions_floor_spawned":[3,7,13,16,21,25,31,35,45],"ascension_level":0}