{"gold_per_floor":[111,111,61,77,2,2,32,32,56,91,121,134,134,34,34,139,139,150,163,38,57,107,135,135,152,176,176,189,163,163,126,126,126],"floor_reached":33,"playtime":2042,"items_purged":["Strike_R","Strike_R","Strike_R"],"score":296,"play_id":"033ef11b-b492-42e0-9636-02b47c661312","local_time":"20190710233039","is_ascension_mode":false,"campfire_choices":[{"data":"Carnage","floor":6,"key":"SMITH"},{"data":"Hemokinesis","floor":13,"key":"SMITH"},{"floor":15,"key":"RECALL"},{"data":"Body Slam","floor":24,"key":"SMITH"},{"data":"Flame Barrier","floor":27,"key":"SMITH"},{"data":"Shrug It Off","floor":30,"key":"SMITH"},{"data":"Uppercut","floor":32,"key":"SMITH"}],"neow_cost":"NONE","seed_source_timestamp":23237493246000,"circlet_count":0,"master_deck":["Strike_R+1","Defend_R","Defend_R","Defend_R+1","Defend_R","Bash","Carnage+1","Heavy Blade","Hemokinesis+1","Headbutt","Clothesline","Body Slam+1","Fiend Fire","Headbutt+1","Sentinel+1","Iron Wave+1","Ghostly Armor","Flame Barrier+1","True Grit","Shrug It Off+1","Uppercut+1"],"relics":["Burning Blood","NeowsBlessing","Bronze Scales","PreservedInsect","Strawberry","Odd Mushroom","Eternal Feather","Orichalcum"],"potions_floor_usage":[16,23,25,33,33],"damage_taken":[{"damage":0,"enemies":"2 Louse","floor":1,"turns":1},{"damage":0,"enemies":"Small Slimes","floor":4,"turns":1},{"damage":0,"enemies":"Lagavulin","floor":7,"turns":1},{"damage":20,"enemies":"3 Sentries","floor":10,"turns":4},{"damage":9,"enemies":"The Mushroom Lair","floor":11,"turns":3},{"damage":1,"enemies":"Jaw Worm","floor":12,"turns":2},{"damage":53,"enemies":"The Guardian","floor":16,"turns":8},{"damage":22,"enemies":"2 Thieves","floor":18,"turns":4},{"damage":22,"enemies":"Shell Parasite","floor":19,"turns":5},{"damage":29,"enemies":"Chosen and Byrds","floor":21,"turns":6},{"damage":30,"enemies":"Gremlin Leader","floor":23,"turns":5},{"damage":2,"enemies":"Snake Plant","floor":25,"turns":3},{"damage":10,"enemies":"Cultist and Chosen","floor":28,"turns":6},{"damage":50,"enemies":"Automaton","floor":33,"turns":10}],"seed_played":"-5579595220489719641","potions_obtained":[{"floor":10,"key":"Block Potion"},{"floor":11,"key":"FearPotion"},{"floor":12,"key":"PowerPotion"},{"floor":18,"key":"Weak Potion"},{"floor":28,"key":"Block Potion"}],"is_trial":false,"path_per_floor":["M","?","?","M","$","R","E","?","T","E","?","M","R","$","R","B",null,"M","M","$","M","?","E","R","M","T","R","M","$","R","$","R","B"],"character_chosen":"IRONCLAD","items_purchased":["Shrug It Off","Uppercut"],"campfire_rested":0,"item_purchase_floors":[29,31],"current_hp_per_floor":[80,64,64,70,70,70,76,76,76,69,66,71,71,71,71,24,87,71,55,55,32,32,8,17,21,21,30,26,26,38,38,50,0],"gold":126,"neow_bonus":"THREE_ENEMY_KILL","is_prod":false,"is_daily":false,"chose_seed":false,"campfire_upgraded":6,"win_rate":0,"timestamp":1562769039,"path_taken":["M","?","?","M","$","R","E","?","T","E","?","?","R","?","R","BOSS","M","?","$","M","?","E","R","M","T","R","M","$","R","?","R","BOSS"],"build_version":"2019-07-05","purchased_purges":3,"victory":false,"max_hp_per_floor":[80,80,80,80,80,80,80,80,80,87,87,87,87,87,87,87,87,87,87,87,87,87,87,87,87,87,87,87,87,87,87,87,87],"card_choices":[{"not_picked":["Perfected Strike","Body Slam"],"picked":"Carnage","floor":1},{"not_picked":["Bloodletting","Evolve"],"picked":"Heavy Blade","floor":4},{"not_picked":["Perfected Strike","Feel No Pain"],"picked":"Hemokinesis","floor":7},{"not_picked":["Sword Boomerang","Sever Soul"],"picked":"Headbutt","floor":10},{"not_picked":["Sword Boomerang","True Grit"],"picked":"Clothesline","floor":11},{"not_picked":["Cleave","Fiend Fire"],"picked":"Body Slam","floor":12},{"not_picked":["Exhume","Brutality"],"picked":"Fiend Fire","floor":16},{"not_picked":["Dropkick","Heavy Blade"],"picked":"Headbutt+1","floor":18},{"not_picked":["Infernal Blade","Burning Pact"],"picked":"Sentinel+1","floor":19},{"not_picked":["Cleave","Perfected Strike"],"picked":"Iron Wave+1","floor":21},{"not_picked":["Spot Weakness","Infernal Blade"],"picked":"Ghostly Armor","floor":23},{"not_picked":["Cleave","Sever Soul"],"picked":"Flame Barrier","floor":25},{"not_picked":["Headbutt","Sentinel"],"picked":"True Grit","floor":28}],"player_experience":97302,"relics_obtained":[{"floor":7,"key":"Bronze Scales"},{"floor":9,"key":"PreservedInsect"},{"floor":10,"key":"Strawberry"},{"floor":11,"key":"Odd Mushroom"},{"floor":23,"key":"Orichalcum"}],"event_choices":[{"damage_healed":0,"gold_gain":0,"player_choice":"Entered Light","damage_taken":16,"max_hp_gain":0,"max_hp_loss":0,"event_name":"Shining Light","floor":2,"gold_loss":0,"cards_upgraded":["Strike_R","Defend_R"]},{"cards_removed":["Strike_R"],"damage_healed":0,"gold_gain":0,"player_choice":"Card Removal","damage_taken":0,"max_hp_gain":0,"max_hp_loss":0,"event_name":"The Cleric","floor":3,"gold_loss":50},{"damage_healed":0,"gold_gain":0,"player_choice":"Ignored","damage_taken":0,"max_hp_gain":0,"max_hp_loss":0,"event_name":"Liars Game","floor":8,"gold_loss":0},{"damage_healed":0,"gold_gain":0,"player_choice":"Fought Mushrooms","damage_taken":0,"max_hp_gain":0,"max_hp_loss":0,"event_name":"Mushrooms","floor":11,"gold_loss":0},{"damage_healed":0,"gold_gain":100,"player_choice":"Bet on Murderer","damage_taken":0,"max_hp_gain":0,"max_hp_loss":0,"event_name":"The Joust","floor":22,"gold_loss":50}],"is_beta":false,"boss_relics":[{"not_picked":["Busted Crown","Fusion Hammer"],"picked":"Eternal Feather"}],"items_purged_floors":[5,14,20],"is_endless":false,"potions_floor_spawned":[10,11,12,18,28],"killed_by":"Automaton","ascension_level":0}