{"gold_per_floor":[109,128,140,1,20,20,20,20,20,49,65,7,7,36,36,110,110,126,136,61,61,81,81,106,106,187,187,198,233,233,128,128,204,204,222,268,15,15,33,60,60,87,87,112,112,145,0,0,0,0,0],"floor_reached":51,"playtime":2506,"items_purged":["Chaos"],"score":1589,"play_id":"e6227caa-6805-4c09-8965-ac3c8446c04e","local_time":"20190614030551","is_ascension_mode":true,"campfire_choices":[{"data":"Zap","floor":6.0,"key":"SMITH"},{"data":"Defragment","floor":8.0,"key":"SMITH"},{"floor":13.0,"key":"REST"},{"data":"Loop","floor":15.0,"key":"SMITH"},{"data":"Defragment","floor":23.0,"key":"SMITH"},{"data":"Go for the Eyes","floor":27,"key":"SMITH"},{"floor":32,"key":"REST"},{"floor":45,"key":"RECALL"},{"data":"Fission","floor":49,"key":"SMITH"}],"neow_cost":"CURSE","seed_source_timestamp":1374698980420535,"circlet_count":0,"master_deck":["AscendersBane","Defend_B","Defend_B","Defend_B","Defend_B","Zap+1","Dualcast","Thunder Strike","Loop+1","Compile Driver","Ball Lightning","Defragment+1","Coolheaded","Self Repair","Self Repair","Glacier","All For One","Coolheaded","Doom and Gloom","Steam","Beam Cell","Go for the Eyes+1","Defragment+1","White Noise","Gash","Ball Lightning","Conserve Battery","Fission+1","Gash","Static Discharge","Apotheosis","Enlightenment","Coolheaded","Force Field","Defragment"],"special_seed":0,"relics":["Cracked Core","Singing Bowl","Bronze Scales","Cables","Blood Vial","Pear","Orrery","Happy Flower","Mummified Hand","Ginger","Runic Pyramid","Girya","PreservedInsect","Juzu Bracelet","Sundial","Omamori","Blue Candle","Red Mask"],"potions_floor_usage":[24,29,36,40,46,46],"damage_taken":[{"damage":1.0,"enemies":"Cultist","floor":1.0,"turns":4.0},{"damage":7.0,"enemies":"Jaw Worm","floor":2.0,"turns":3.0},{"damage":10.0,"enemies":"Small Slimes","floor":3.0,"turns":4.0},{"damage":5.0,"enemies":"Blue Slaver","floor":5.0,"turns":4.0},{"damage":17.0,"enemies":"3 Sentries","floor":10.0,"turns":7.0},{"damage":10.0,"enemies":"Gremlin Gang","floor":11.0,"turns":4.0},{"damage":25.0,"enemies":"Gremlin Nob","floor":14.0,"turns":4.0},{"damage":11.0,"enemies":"Hexaghost","floor":16.0,"turns":10.0},{"damage":9.0,"enemies":"Spheric Guardian","floor":18.0,"turns":5.0},{"damage":12.0,"enemies":"3 Byrds","floor":19.0,"turns":2.0},{"damage":9.0,"enemies":"Snecko","floor":22.0,"turns":4.0},{"damage":33,"enemies":"Slavers","floor":24,"turns":5},{"damage":24,"enemies":"Snake Plant","floor":28,"turns":4},{"damage":31,"enemies":"Gremlin Leader","floor":29,"turns":6},{"damage":38,"enemies":"Automaton","floor":33,"turns":9},{"damage":18,"enemies":"Orb Walker","floor":35,"turns":4},{"damage":29,"enemies":"2 Orb Walkers","floor":36,"turns":5},{"damage":11,"enemies":"3 Shapes","floor":39,"turns":4},{"damage":5,"enemies":"Reptomancer","floor":40,"turns":6},{"damage":9,"enemies":"Giant Head","floor":42,"turns":7},{"damage":33,"enemies":"Reptomancer","floor":44,"turns":6},{"damage":39,"enemies":"Nemesis","floor":46,"turns":5},{"damage":38,"enemies":"Donu and Deca","floor":50,"turns":9},{"damage":64,"enemies":"Awakened One","floor":51,"turns":6}],"seed_played":"-728737190458004676","potions_obtained":[{"floor":3.0,"key":"Ancient Potion"},{"floor":10.0,"key":"Weak Potion"},{"floor":14.0,"key":"PowerPotion"},{"floor":16.0,"key":"Regen Potion"},{"floor":18.0,"key":"FocusPotion"},{"floor":25,"key":"Strength Potion"},{"floor":35,"key":"Weak Potion"},{"floor":36,"key":"Explosive Potion"},{"floor":42,"key":"Fruit Juice"}],"is_trial":false,"path_per_floor":["M","M","M","$","M","R","T","R","T","E","M","?","R","E","R","B",null,"M","M","?","?","M","R","E","?","T","R","M","E","?","$","R","B",null,"M","?","$","?","M","E","$","E","T","E","R","E","?","?","R","B","B"],"character_chosen":"DEFECT","items_purchased":["Defragment","Coolheaded","Conserve Battery","PreservedInsect","Static Discharge"],"campfire_rested":2,"item_purchase_floors":[4,4,31,37,37],"current_hp_per_floor":[63,56,46,46,41,41,41,41,41,24,21,21,42,36,36,41,73,80,77,77,77,85,85,61,61,61,61,53,38,13,13,40,18,74,72,61,61,53,51,65,65,75,75,60,60,44,44,65,65,49,0],"gold":0,"neow_bonus":"TRANSFORM_TWO_CARDS","is_prod":false,"is_daily":false,"chose_seed":false,"campfire_upgraded":6,"win_rate":0,"timestamp":1560499551,"path_taken":["M","M","M","$","M","R","?","R","T","E","M","?","R","E","R","BOSS","M","M","?","?","M","R","E","?","T","R","?","E","?","$","R","BOSS","M","?","$","?","M","E","$","E","T","E","R","E","?","?","R","BOSS","BOSS"],"build_version":"2019-01-23","purchased_purges":1,"victory":false,"max_hp_per_floor":[71,71,71,71,71,71,71,71,71,71,71,71,71,81,81,81,83,83,83,83,83,85,85,87,87,87,87,87,87,92,92,92,92,92,92,94,94,96,96,96,96,96,96,98,98,105,105,105,105,105,105],"card_choices":[{"not_picked":["Beam Cell","Turbo"],"picked":"Compile Driver","floor":1.0},{"not_picked":["Melter","Coolheaded"],"picked":"Ball Lightning","floor":2.0},{"not_picked":["Redo","Beam Cell","Steam Power"],"picked":"SKIP","floor":3.0},{"not_picked":["Fusion","White Noise","Rebound"],"picked":"SKIP","floor":5.0},{"not_picked":["Skim","Sweeping Beam"],"picked":"Self Repair","floor":10.0},{"not_picked":["Barrage","Redo"],"picked":"Self Repair","floor":11.0},{"not_picked":["Genetic Algorithm","Ball Lightning"],"picked":"Glacier","floor":14.0},{"not_picked":["Amplify","Reboot"],"picked":"All For One","floor":16.0},{"not_picked":["BootSequence","Sunder"],"picked":"Coolheaded","floor":17.0},{"not_picked":["Storm","Stack"],"picked":"Doom and Gloom","floor":17.0},{"not_picked":["Leap","Force Field"],"picked":"Steam","floor":17.0},{"not_picked":["Redo","Steam Power"],"picked":"Beam Cell","floor":17.0},{"not_picked":["Leap","Compile Driver","Auto Shields"],"picked":"Singing Bowl","floor":17.0},{"not_picked":["Loop","Self Repair"],"picked":"Go for the Eyes","floor":18.0},{"not_picked":["Hello World","Heatsinks+1"],"picked":"Defragment","floor":19.0},{"not_picked":["Cold Snap","Barrage","Stack"],"picked":"Singing Bowl","floor":22.0},{"not_picked":["Darkness","Stack","Cold Snap"],"picked":"Singing Bowl","floor":24},{"not_picked":["Machine Learning","Force Field"],"picked":"Gash","floor":28},{"not_picked":["Skim","Consume"],"picked":"Ball Lightning","floor":29},{"not_picked":["Amplify","Meteor Strike"],"picked":"Fission","floor":33},{"not_picked":["Chaos+1","Steam"],"picked":"Gash","floor":35},{"not_picked":["Sweeping Beam","Reinforced Body","Ball Lightning"],"picked":"Singing Bowl","floor":36},{"not_picked":["Panacea","Magnetism"],"picked":"Apotheosis","floor":38},{"not_picked":["Purity","The Bomb","Jack Of All Trades"],"picked":"Singing Bowl","floor":38},{"not_picked":["Flash of Steel","Mayhem"],"picked":"Enlightenment","floor":38},{"not_picked":["Streamline","Tempest+1"],"picked":"Coolheaded","floor":39},{"not_picked":["Chill","Beam Cell"],"picked":"Force Field","floor":40},{"not_picked":["Conserve Battery","Barrage+1"],"picked":"Defragment","floor":42},{"not_picked":["Chaos","Sweeping Beam","Beam Cell"],"picked":"Singing Bowl","floor":44},{"not_picked":["Coolheaded","Melter","Reinforced Body"],"picked":"Singing Bowl","floor":46}],"player_experience":1781732,"relics_obtained":[{"floor":7.0,"key":"Singing Bowl"},{"floor":9.0,"key":"Bronze Scales"},{"floor":10.0,"key":"Cables"},{"floor":14.0,"key":"Pear"},{"floor":24,"key":"Happy Flower"},{"floor":26,"key":"Mummified Hand"},{"floor":29,"key":"Ginger"},{"floor":36,"key":"Girya"},{"floor":40,"key":"Juzu Bracelet"},{"floor":42,"key":"Sundial"},{"floor":44,"key":"Omamori"},{"floor":46,"key":"Blue Candle"}],"event_choices":[{"damage_healed":0.0,"max_hp_gain":0.0,"max_hp_loss":0.0,"gold_gain":0.0,"event_name":"WeMeetAgain","player_choice":"Paid Gold","floor":12.0,"gold_loss":58.0,"damage_taken":0.0,"relics_obtained":["Blood Vial"]},{"cards_removed":["Clumsy"],"damage_healed":0.0,"max_hp_gain":0.0,"max_hp_loss":0.0,"gold_gain":0.0,"event_name":"Beggar","player_choice":"Gave Gold","floor":20.0,"gold_loss":75.0,"damage_taken":0.0},{"damage_healed":0.0,"max_hp_gain":0.0,"max_hp_loss":0.0,"gold_gain":0.0,"cards_transformed":["Strike_B","Strike_B"],"event_name":"Drug Dealer","player_choice":"Became Test Subject","floor":21.0,"gold_loss":0.0,"damage_taken":0.0,"cards_obtained":["Chaos","White Noise"]},{"damage_healed":0,"gold_gain":0,"player_choice":"Got Potions","damage_taken":0,"max_hp_gain":0,"max_hp_loss":0,"event_name":"Lab","floor":25,"gold_loss":0},{"damage_healed":0,"gold_gain":0,"player_choice":"Shed Blood","damage_taken":30,"max_hp_gain":5,"max_hp_loss":0,"event_name":"Forgotten Altar","floor":30,"gold_loss":0},{"damage_healed":0,"gold_gain":0,"player_choice":"Fight","damage_taken":0,"max_hp_gain":0,"max_hp_loss":0,"event_name":"Mysterious Sphere","floor":36,"gold_loss":0},{"damage_healed":0,"gold_gain":0,"player_choice":"Memory 3","damage_taken":10,"max_hp_gain":0,"max_hp_loss":0,"event_name":"SensoryStone","floor":38,"gold_loss":0},{"damage_healed":0,"gold_gain":0,"player_choice":"Paid","damage_taken":0,"relics_obtained":["Red Mask"],"max_hp_gain":0,"max_hp_loss":0,"event_name":"Tomb of Lord Red Mask","floor":47,"gold_loss":145},{"damage_healed":21,"gold_gain":0,"player_choice":"Writhe","damage_taken":0,"max_hp_gain":0,"max_hp_loss":0,"event_name":"Winding Halls","floor":48,"gold_loss":0,"cards_obtained":["Writhe"]}],"is_beta":false,"boss_relics":[{"not_picked":["Nuclear Battery","Tiny House"],"picked":"Orrery"},{"not_picked":["White Beast Statue","Runic Dome"],"picked":"Runic Pyramid"}],"items_purged_floors":[31],"is_endless":false,"potions_floor_spawned":[3,10,14,16,18,19,28,35,36,42],"killed_by":"Awakened One","ascension_level":20}