{"gold_per_floor":[110,110,125,125,143,143,143,159,209,235,249,268,268],"floor_reached":13,"playtime":953,"items_purged":[],"score":87,"play_id":"bd6104a7-0369-4aeb-a8f9-2d48dec142ab","local_time":"20190706192251","is_ascension_mode":false,"campfire_choices":[{"data":"Stack","floor":6,"key":"SMITH"}],"neow_cost":"NONE","seed_source_timestamp":1027717178181964,"circlet_count":0,"master_deck":["Strike_B","Strike_B","Strike_B","Defend_B","Defend_B","Defend_B","Defend_B","Zap","Ball Lightning","Stack+1","Coolheaded","Tempest","Barrage","Barrage","Fusion"],"relics":["Cracked Core","Bag of Preparation","Happy Flower","Orichalcum"],"potions_floor_usage":[],"damage_taken":[{"damage":2,"enemies":"Cultist","floor":1,"turns":5},{"damage":2,"enemies":"2 Louse","floor":3,"turns":3},{"damage":0,"enemies":"Small Slimes","floor":5,"turns":4},{"damage":24,"enemies":"Gremlin Gang","floor":8,"turns":6},{"damage":29,"enemies":"3 Sentries","floor":10,"turns":9},{"damage":3,"enemies":"Exordium Wildlife","floor":11,"turns":3},{"damage":5,"enemies":"Looter","floor":12,"turns":3},{"damage":10,"enemies":"Lots of Slimes","floor":13,"turns":2}],"seed_played":"2170090997997606567","potions_obtained":[{"floor":5,"key":"Strength Potion"},{"floor":8,"key":"PowerPotion"},{"floor":11,"key":"Strength Potion"}],"is_trial":false,"path_per_floor":["M","?","M","?","M","R","?","M","T","E","M","M","M"],"character_chosen":"DEFECT","items_purchased":[],"campfire_rested":0,"item_purchase_floors":[],"current_hp_per_floor":[80,80,78,71,71,71,71,47,47,18,15,10,0],"gold":268,"neow_bonus":"TEN_PERCENT_HP_BONUS","is_prod":false,"is_daily":false,"chose_seed":false,"campfire_upgraded":1,"win_rate":0.0,"timestamp":1562455371,"path_taken":["M","?","?","?","M","R","?","M","T","E","M","M","M"],"build_version":"2019-07-05","purchased_purges":0,"victory":false,"max_hp_per_floor":[82,82,82,82,82,82,82,82,82,82,82,82,82],"card_choices":[{"not_picked":["Skim","Streamline"],"picked":"Ball Lightning","floor":1},{"not_picked":["Double Energy","Go for the Eyes"],"picked":"Stack","floor":3},{"not_picked":["Beam Cell","Compile Driver"],"picked":"Coolheaded","floor":5},{"not_picked":["Hologram","Cold Snap"],"picked":"Tempest","floor":8},{"not_picked":["Stack","Melter"],"picked":"Barrage","floor":10},{"not_picked":["Steam Power","Compile Driver"],"picked":"Barrage","floor":11},{"not_picked":["Hologram","Steam Power"],"picked":"Fusion","floor":12}],"player_experience":16621,"relics_obtained":[{"floor":9,"key":"Happy Flower"},{"floor":10,"key":"Orichalcum"}],"event_choices":[{"cards_removed":["Strike_B"],"damage_healed":0,"gold_gain":0,"player_choice":"Card Removal","damage_taken":0,"max_hp_gain":0,"max_hp_loss":0,"event_name":"Wheel of Change","floor":2,"gold_loss":0},{"damage_healed":0,"gold_gain":0,"player_choice":"Success","damage_taken":7,"relics_obtained":["Bag of Preparation"],"max_hp_gain":0,"max_hp_loss":0,"event_name":"Scrap Ooze","floor":4,"gold_loss":0},{"cards_removed":["Dualcast"],"damage_healed":0,"gold_gain":0,"player_choice":"Offered Basic","damage_taken":0,"max_hp_gain":0,"max_hp_loss":0,"event_name":"Bonfire Elementals","floor":7,"gold_loss":0}],"is_beta":false,"boss_relics":[],"items_purged_floors":[],"is_endless":false,"potions_floor_spawned":[5,8,10,11,12],"killed_by":"Lots of Slimes","ascension_level":0}