{"gold_per_floor":[116,116,134,209,209,209,244,244,244,267,283,283,83,98,98,196,196,217,241,10,10],"floor_reached":21,"playtime":731,"items_purged":["Strike_B","Strike_B"],"score":358,"play_id":"5cf4d5b6-a5a3-43c0-a43c-83f5180734d3","local_time":"20190601024950","is_ascension_mode":true,"campfire_choices":[{"data":"Rip and Tear","floor":6,"key":"SMITH"},{"data":"Zap","floor":8,"key":"SMITH"},{"data":"Beam Cell","floor":12,"key":"SMITH"},{"data":"Defragment","floor":15,"key":"SMITH"}],"neow_cost":"NONE","seed_source_timestamp":252334367965393,"circlet_count":0,"master_deck":["AscendersBane","Strike_B","Strike_B","Defend_B","Defend_B","Defend_B","Defend_B","Zap+1","Dualcast","Melter","Rip and Tear+1","Gash","Beam Cell+1","Auto Shields","Defragment+1","Cold Snap","Electrodynamics","FTL","Auto Shields"],"relics":["FrozenCore","Golden Idol","Ornamental Fan","Pantograph"],"potions_floor_usage":[11,16],"damage_taken":[{"damage":2,"enemies":"Jaw Worm","floor":1,"turns":4},{"damage":0,"enemies":"Small Slimes","floor":3,"turns":3},{"damage":35,"enemies":"3 Sentries","floor":7,"turns":7},{"damage":1,"enemies":"2 Louse","floor":10,"turns":2},{"damage":16,"enemies":"Gremlin Gang","floor":11,"turns":5},{"damage":0,"enemies":"Looter","floor":14,"turns":2},{"damage":38,"enemies":"Hexaghost","floor":16,"turns":11},{"damage":30,"enemies":"3 Byrds","floor":18,"turns":4},{"damage":17,"enemies":"2 Thieves","floor":19,"turns":4},{"damage":31,"enemies":"Cultist and Chosen","floor":21,"turns":3}],"seed_played":"8988609619023294761","potions_obtained":[{"floor":1,"key":"SkillPotion"},{"floor":10,"key":"SkillPotion"},{"floor":19,"key":"Strength Potion"}],"is_trial":false,"path_per_floor":["M","?","M","?","?","R","E","R","T","M","M","R","$","M","R","B",null,"M","M","$","M"],"character_chosen":"DEFECT","items_purchased":["Auto Shields","Defragment","FTL","Auto Shields"],"campfire_rested":0,"item_purchase_floors":[13,13,20,20],"current_hp_per_floor":[62,62,62,51,74,74,39,39,39,38,22,22,22,22,22,9,58,28,11,11,0],"gold":10,"neow_bonus":"ONE_RANDOM_RARE_CARD","is_prod":false,"is_daily":false,"chose_seed":false,"campfire_upgraded":4,"win_rate":0,"timestamp":1559375390,"path_taken":["M","?","M","?","?","R","E","R","T","?","M","R","$","M","R","BOSS","M","M","$","M"],"build_version":"2019-01-23","purchased_purges":2,"victory":false,"max_hp_per_floor":[71,64,64,64,74,74,74,74,74,74,74,74,74,74,74,74,74,74,74,74,74],"card_choices":[{"not_picked":["Skim","Barrage"],"picked":"Melter","floor":1},{"not_picked":["Turbo","Reprogram"],"picked":"Rip and Tear","floor":3},{"not_picked":["Fusion","Aggregate"],"picked":"Gash","floor":7},{"not_picked":["Heatsinks","Conserve Battery"],"picked":"Beam Cell","floor":10},{"not_picked":["Turbo","White Noise","Rebound"],"picked":"SKIP","floor":11},{"not_picked":["Compile Driver","Machine Learning"],"picked":"Cold Snap","floor":14},{"not_picked":["Biased Cognition","Core Surge"],"picked":"Electrodynamics","floor":16},{"not_picked":["Darkness","Hello World","Barrage"],"picked":"SKIP","floor":18},{"not_picked":["Streamline","Cold Snap","Ball Lightning+1"],"picked":"SKIP","floor":19}],"player_experience":1643941,"relics_obtained":[{"floor":7,"key":"Ornamental Fan"},{"floor":9,"key":"Pantograph"}],"event_choices":[{"damage_healed":0,"gold_gain":0,"player_choice":"Lose Max HP","damage_taken":0,"relics_obtained":["Golden Idol"],"max_hp_gain":0,"max_hp_loss":7,"event_name":"Golden Idol","floor":2,"gold_loss":0},{"damage_healed":0,"gold_gain":75,"player_choice":"Gather Gold","damage_taken":11,"max_hp_gain":0,"max_hp_loss":0,"event_name":"World of Goop","floor":4,"gold_loss":0},{"cards_removed":["Multi-Cast"],"damage_healed":13,"gold_gain":0,"player_choice":"Offered Rare","damage_taken":0,"max_hp_gain":10,"max_hp_loss":0,"event_name":"Bonfire Elementals","floor":5,"gold_loss":0}],"is_beta":false,"boss_relics":[{"not_picked":["Tiny House","Sozu"],"picked":"FrozenCore"}],"items_purged_floors":[13,20],"is_endless":false,"potions_floor_spawned":[1,10,19],"killed_by":"Cultist and Chosen","ascension_level":20}