{"gold_per_floor":[20,38,63,63,83,117,117,117,141,141,155,196,196,239,239,239],"floor_reached":16,"playtime":479,"items_purged":[],"score":236,"play_id":"2f18b6aa-6559-4df2-b287-051022129b71","local_time":"20190609184637","is_ascension_mode":true,"campfire_choices":[{"data":"Poisoned Stab","floor":7,"key":"SMITH"},{"floor":13,"key":"REST"},{"data":"Neutralize","floor":15,"key":"SMITH"}],"neow_cost":"NO_GOLD","seed_source_timestamp":1001194472316609,"circlet_count":0,"master_deck":["AscendersBane","Defend_G","Defend_G","Defend_G","Defend_G","Defend_G","Strike_G","Strike_G","Strike_G","Survivor","Neutralize+1","Dash","Riddle With Holes","Quick Slash","Poisoned Stab+1","Backflip","All Out Attack","Blur"],"relics":["Ring of the Snake","Anchor","Question Card","Golden Idol","Bronze Scales","Singing Bowl","Bag of Marbles"],"potions_floor_usage":[6,14,16],"damage_taken":[{"damage":0,"enemies":"Cultist","floor":1,"turns":4},{"damage":0,"enemies":"2 Louse","floor":2,"turns":2},{"damage":0,"enemies":"Jaw Worm","floor":5,"turns":3},{"damage":28,"enemies":"Lagavulin","floor":6,"turns":7},{"damage":0,"enemies":"3 Louse","floor":11,"turns":3},{"damage":10,"enemies":"3 Sentries","floor":12,"turns":7},{"damage":12,"enemies":"Gremlin Nob","floor":14,"turns":4},{"damage":45,"enemies":"Hexaghost","floor":16,"turns":9}],"seed_played":"-2582595154652457379","potions_obtained":[{"floor":5,"key":"SkillPotion"},{"floor":11,"key":"Weak Potion"},{"floor":12,"key":"Regen Potion"}],"is_trial":false,"path_per_floor":["M","M","T","?","M","E","R","?","T","?","M","E","R","E","R","B"],"character_chosen":"THE_SILENT","items_purchased":[],"campfire_rested":1,"item_purchase_floors":[],"current_hp_per_floor":[59,59,59,59,59,31,31,31,31,31,31,23,41,29,29,0],"gold":239,"neow_bonus":"TRANSFORM_TWO_CARDS","is_prod":false,"is_daily":false,"chose_seed":false,"campfire_upgraded":2,"win_rate":0,"timestamp":1560123997,"path_taken":["M","M","?","?","?","E","R","?","T","?","M","E","R","E","R","BOSS"],"build_version":"2019-01-23","purchased_purges":0,"victory":false,"max_hp_per_floor":[66,66,66,66,66,66,66,60,60,60,60,62,62,62,62,62],"card_choices":[{"not_picked":["Dash","Eviscerate"],"picked":"Quick Slash","floor":1},{"not_picked":["Blade Dance","Outmaneuver"],"picked":"Poisoned Stab","floor":2},{"not_picked":["Accuracy","Prepared","Blade Dance"],"picked":"SKIP","floor":5},{"not_picked":["Infinite Blades","Backstab"],"picked":"Backflip","floor":6},{"not_picked":["Deflect","Predator","Dagger Spray"],"picked":"All Out Attack","floor":11},{"not_picked":["Prepared","Sucker Punch","Riddle With Holes","Slice"],"picked":"Singing Bowl","floor":12},{"not_picked":["Bane","Glass Knife","Acrobatics"],"picked":"Blur","floor":14}],"player_experience":1735409,"relics_obtained":[{"floor":3,"key":"Anchor"},{"floor":6,"key":"Question Card"},{"floor":9,"key":"Bronze Scales"},{"floor":12,"key":"Singing Bowl"},{"floor":14,"key":"Bag of Marbles"}],"event_choices":[{"damage_healed":0,"gold_gain":0,"player_choice":"Leave","damage_taken":0,"max_hp_gain":0,"max_hp_loss":0,"event_name":"The Cleric","floor":4,"gold_loss":0},{"damage_healed":0,"gold_gain":0,"player_choice":"Lose Max HP","damage_taken":0,"relics_obtained":["Golden Idol"],"max_hp_gain":0,"max_hp_loss":6,"event_name":"Golden Idol","floor":8,"gold_loss":0},{"damage_healed":0,"gold_gain":0,"player_choice":"Ignored","damage_taken":0,"max_hp_gain":0,"max_hp_loss":0,"event_name":"Liars Game","floor":10,"gold_loss":0}],"is_beta":false,"boss_relics":[],"items_purged_floors":[],"is_endless":false,"potions_floor_spawned":[5,11,12],"killed_by":"Hexaghost","ascension_level":20}