{"gold_per_floor":[116,129,109,127,142,142,168,168,168,198,473,52,52,67,67,67],"floor_reached":16,"playtime":1593,"items_purged":["Regret"],"score":193,"play_id":"4d3d63ad-01b8-4734-bee5-4058316b7a10","local_time":"20190713054115","is_ascension_mode":true,"campfire_choices":[{"data":"Wild Strike","floor":6.0,"key":"SMITH"},{"data":"Bash","floor":8.0,"key":"SMITH"},{"floor":13.0,"key":"REST"},{"data":"Anger","floor":15.0,"key":"SMITH"}],"neow_cost":"NONE","seed_source_timestamp":259475150771657,"circlet_count":0,"master_deck":["AscendersBane","Strike_R","Strike_R","Strike_R","Strike_R","Strike_R","Defend_R","Defend_R","Defend_R","Defend_R","Bash+1","Wild Strike+1","Armaments","Disarm","Havoc","Battle Trance","Anger+1","Disarm","Shrug It Off"],"special_seed":0,"relics":["Burning Blood","Dream Catcher","Kunai","Blue Candle","Question Card","Shuriken"],"potions_floor_usage":[16],"damage_taken":[{"damage":2.0,"enemies":"Jaw Worm","floor":1.0,"turns":3.0},{"damage":0.0,"enemies":"Cultist","floor":2.0,"turns":2.0},{"damage":1.0,"enemies":"2 Louse","floor":4.0,"turns":2.0},{"damage":10.0,"enemies":"Blue Slaver","floor":5.0,"turns":4.0},{"damage":27.0,"enemies":"Gremlin Nob","floor":7.0,"turns":5.0},{"damage":36.0,"enemies":"Lagavulin","floor":10.0,"turns":5.0},{"damage":7.0,"enemies":"3 Louse","floor":14.0,"turns":4.0},{"damage":56,"enemies":"Slime Boss","floor":16,"turns":9}],"seed_played":"-8057842027720783890","potions_obtained":[{"floor":1.0,"key":"LiquidBronze"},{"floor":3.0,"key":"FairyPotion"},{"floor":4.0,"key":"Ancient Potion"},{"floor":5.0,"key":"Weak Potion"},{"floor":10.0,"key":"Energy Potion"}],"is_trial":false,"path_per_floor":["M","M","?","M","M","R","E","R","T","E","?","$","R","M","R","B"],"character_chosen":"IRONCLAD","items_purchased":["Shuriken","Fruit Juice"],"campfire_rested":1,"item_purchase_floors":[12,12],"current_hp_per_floor":[72,75,75,75,71,71,50,50,50,20,20,25,49,48,48,0],"gold":67,"neow_bonus":"RANDOM_COMMON_RELIC","is_prod":false,"is_daily":false,"chose_seed":false,"campfire_upgraded":3,"win_rate":0,"timestamp":1563010875,"path_taken":["M","M","?","M","?","R","E","R","T","E","?","$","R","M","R","BOSS"],"build_version":"2019-07-05","purchased_purges":1,"victory":false,"max_hp_per_floor":[75,75,75,75,75,75,75,75,75,75,75,80,80,80,80,80],"card_choices":[{"not_picked":["Evolve","Havoc"],"picked":"Wild Strike","floor":1.0},{"not_picked":["Second Wind","Seeing Red"],"picked":"Armaments","floor":2.0},{"not_picked":["Clash","Dropkick"],"picked":"Disarm","floor":4.0},{"not_picked":["Second Wind","Warcry"],"picked":"Havoc","floor":5.0},{"not_picked":["Clash","Rage"],"picked":"Battle Trance","floor":7.0},{"not_picked":["Clash","Flex"],"picked":"Anger","floor":10.0},{"not_picked":["Perfected Strike","Rage","Havoc"],"picked":"Disarm","floor":13.0},{"not_picked":["Headbutt","Hemokinesis","Berserk"],"picked":"Shrug It Off","floor":14.0}],"player_experience":515804,"relics_obtained":[{"floor":7.0,"key":"Kunai"},{"floor":9.0,"key":"Blue Candle"},{"floor":10.0,"key":"Question Card"}],"event_choices":[{"damage_healed":0.0,"max_hp_gain":0.0,"max_hp_loss":0.0,"gold_gain":0.0,"event_name":"The Woman in Blue","player_choice":"Bought 1 Potion","floor":3.0,"gold_loss":0.0,"damage_taken":0.0},{"damage_healed":0.0,"max_hp_gain":0.0,"max_hp_loss":0.0,"gold_gain":275.0,"event_name":"Golden Shrine","player_choice":"Desecrate","floor":11.0,"gold_loss":0.0,"damage_taken":0.0,"cards_obtained":["Regret"]}],"is_beta":false,"boss_relics":[],"items_purged_floors":[12],"is_endless":false,"potions_floor_spawned":[1,4,5,10],"killed_by":"Slime Boss","ascension_level":15}