{"gold_per_floor":[115,215,226,245,263,263,291,310,310,342,342,342,352,366,366,439,439,454,64,64,77,93,125,143,168,192,219,219,238,256,7,7,84,84,101,112,40,40,54,54,80,80,80,95,95,112,123,123,123,123],"floor_reached":51,"playtime":2304,"items_purged":["Carnage","Metallicize"],"score":1415,"play_id":"d8cf0932-64b7-4947-96c8-221ba14e1026","local_time":"20190707171847","is_ascension_mode":true,"campfire_choices":[{"data":"Demon Form","floor":6.0,"key":"SMITH"},{"data":"Feel No Pain","floor":11.0,"key":"SMITH"},{"data":"Heavy Blade","floor":15.0,"key":"SMITH"},{"data":"Offering","floor":28.0,"key":"SMITH"},{"data":"Evolve","floor":32.0,"key":"SMITH"},{"data":"Immolate","floor":40.0,"key":"SMITH"},{"data":"Double Tap","floor":42.0,"key":"SMITH"},{"data":"Heavy Blade","floor":45.0,"key":"SMITH"},{"data":"Limit Break","floor":49.0,"key":"SMITH"}],"neow_cost":"","seed_source_timestamp":0,"circlet_count":0,"master_deck":["Thunderclap","Demon Form+1","Double Tap+1","Flame Barrier","Heavy Blade+1","Limit Break+1","Intimidate","Feel No Pain+1","Shrug It Off","Iron Wave","Power Through","Flame Barrier","Seeing Red+1","Offering+1","Heavy Blade+1","Warcry","Evolve+1","Anger","Shockwave","Second Wind","Immolate+1","Power Through","Shrug It Off"],"special_seed":0,"relics":["Burning Blood","Pandora\u0027s Box","Ancient Tea Set","Self Forming Clay","Incense Burner","Eternal Feather","Oddly Smooth Stone","Matryoshka","Gremlin Horn","Bag of Preparation","Potion Belt","Boot","Happy Flower","Sozu","Ginger","Red Skull","Bottled Flame"],"potions_floor_usage":[50,50],"damage_taken":[{"damage":0.0,"enemies":"Jaw Worm","floor":1.0,"turns":2.0},{"damage":1.0,"enemies":"Cultist","floor":3.0,"turns":3.0},{"damage":6.0,"enemies":"Small Slimes","floor":4.0,"turns":2.0},{"damage":3.0,"enemies":"Red Slaver","floor":5.0,"turns":5.0},{"damage":0.0,"enemies":"3 Sentries","floor":7.0,"turns":9.0},{"damage":0.0,"enemies":"Large Slime","floor":8.0,"turns":5.0},{"damage":16.0,"enemies":"Gremlin Nob","floor":10.0,"turns":4.0},{"damage":0.0,"enemies":"2 Fungi Beasts","floor":13.0,"turns":4.0},{"damage":22.0,"enemies":"Exordium Wildlife","floor":14.0,"turns":6.0},{"damage":2.0,"enemies":"Hexaghost","floor":16.0,"turns":7.0},{"damage":0.0,"enemies":"Chosen","floor":18.0,"turns":6.0},{"damage":2.0,"enemies":"Shell Parasite","floor":21.0,"turns":5.0},{"damage":8.0,"enemies":"Snecko","floor":22.0,"turns":5.0},{"damage":15.0,"enemies":"Slavers","floor":23.0,"turns":5.0},{"damage":9.0,"enemies":"Centurion and Healer","floor":24.0,"turns":4.0},{"damage":8.0,"enemies":"Book of Stabbing","floor":25.0,"turns":5.0},{"damage":8.0,"enemies":"Gremlin Leader","floor":27.0,"turns":5.0},{"damage":6.0,"enemies":"3 Cultists","floor":29.0,"turns":5.0},{"damage":0.0,"enemies":"Snecko","floor":30.0,"turns":3.0},{"damage":6.0,"enemies":"Automaton","floor":33.0,"turns":6.0},{"damage":38.0,"enemies":"3 Darklings","floor":35.0,"turns":4.0},{"damage":0.0,"enemies":"3 Shapes","floor":36.0,"turns":5.0},{"damage":10.0,"enemies":"Maw","floor":39.0,"turns":5.0},{"damage":9.0,"enemies":"Reptomancer","floor":41.0,"turns":3.0},{"damage":0.0,"enemies":"Sphere and 2 Shapes","floor":44.0,"turns":5.0},{"damage":0.0,"enemies":"4 Shapes","floor":46.0,"turns":3.0},{"damage":29.0,"enemies":"Maw","floor":47.0,"turns":8.0},{"damage":15,"enemies":"Awakened One","floor":50,"turns":11}],"seed_played":"-6832572270711493467","potions_obtained":[{"floor":4.0,"key":"EntropicBrew"},{"floor":5.0,"key":"SteroidPotion"},{"floor":8.0,"key":"Strength Potion"},{"floor":24.0,"key":"Energy Potion"},{"floor":27.0,"key":"Swift Potion"},{"floor":30.0,"key":"Dexterity Potion"}],"is_trial":true,"path_per_floor":["M","?","M","M","M","R","E","M","T","E","R","?","M","M","R","B",null,"M","$","?","M","M","E","M","E","T","E","R","M","M","$","R","B",null,"M","M","$","?","M","R","E","R","T","M","R","M","M","?","R","B",null],"character_chosen":"IRONCLAD","items_purchased":["Offering","Oddly Smooth Stone","Happy Flower","Power Through"],"campfire_rested":0,"item_purchase_floors":[19,19,31,37],"current_hp_per_floor":[74,74,75,75,75,75,75,75,75,65,65,65,71,55,55,59,71,75,75,75,75,73,64,61,59,59,57,69,69,75,75,75,75,75,43,49,49,49,45,57,54,66,66,72,75,75,52,52,64,55],"gold":123,"neow_bonus":"","is_prod":false,"is_daily":false,"chose_seed":false,"campfire_upgraded":9,"win_rate":0,"timestamp":1562487527,"path_taken":["M","?","M","M","M","R","E","?","T","E","R","?","M","?","R","BOSS","M","$","?","M","M","E","M","E","T","E","R","M","M","$","R","BOSS","M","M","$","?","M","R","E","R","T","M","R","M","M","?","R","BOSS"],"build_version":"2019-07-05","purchased_purges":2,"victory":true,"max_hp_per_floor":[75,75,75,75,75,75,75,75,75,75,75,75,75,75,75,75,75,75,75,75,75,75,75,75,75,75,75,75,75,75,75,75,75,75,75,75,75,75,75,75,75,75,75,75,75,75,75,71,71,71],"card_choices":[{"not_picked":["Warcry","Feel No Pain"],"picked":"Intimidate","floor":1.0},{"not_picked":["Shockwave","Headbutt"],"picked":"Feel No Pain","floor":3.0},{"not_picked":["Hemokinesis","Combust"],"picked":"Shrug It Off","floor":4.0},{"not_picked":["Feel No Pain","Metallicize"],"picked":"Iron Wave","floor":5.0},{"not_picked":["Inflame","Metallicize","Limit Break"],"picked":"SKIP","floor":7.0},{"not_picked":["Perfected Strike","Headbutt"],"picked":"Power Through","floor":8.0},{"not_picked":["Anger","Clash","Twin Strike"],"picked":"SKIP","floor":10.0},{"not_picked":["Warcry","Dropkick","Fire Breathing"],"picked":"SKIP","floor":13.0},{"not_picked":["Anger","Dual Wield"],"picked":"Flame Barrier","floor":14.0},{"not_picked":["Thunderclap","Warcry"],"picked":"Seeing Red+1","floor":18.0},{"not_picked":["Combust","Clash"],"picked":"Evolve","floor":21.0},{"not_picked":["Evolve","Heavy Blade","Iron Wave"],"picked":"SKIP","floor":22.0},{"not_picked":["Evolve","Clothesline+1"],"picked":"Anger","floor":23.0},{"not_picked":["Blood for Blood","True Grit"],"picked":"Shockwave","floor":24.0},{"not_picked":["Bloodletting","Pommel Strike+1","Rage"],"picked":"SKIP","floor":25.0},{"not_picked":["Clash","Sever Soul"],"picked":"Second Wind","floor":27.0},{"not_picked":["Metallicize","Whirlwind","Pommel Strike"],"picked":"SKIP","floor":29.0},{"not_picked":["Corruption","Cleave","Barricade"],"picked":"SKIP","floor":30.0},{"not_picked":["Brutality","Offering"],"picked":"Immolate","floor":33.0},{"not_picked":["Sever Soul","Iron Wave","Fire Breathing"],"picked":"SKIP","floor":35.0},{"not_picked":["Heavy Blade+1","Anger+1","Thunderclap"],"picked":"SKIP","floor":36.0},{"not_picked":["Wild Strike","Body Slam","Armaments"],"picked":"SKIP","floor":39.0},{"not_picked":["Heavy Blade+1","Berserk"],"picked":"Shrug It Off","floor":41.0},{"not_picked":["Warcry","Perfected Strike","Entrench+1"],"picked":"SKIP","floor":44.0},{"not_picked":["Wild Strike","Rupture","Iron Wave"],"picked":"SKIP","floor":46.0},{"not_picked":["Havoc+1","Spot Weakness","Armaments"],"picked":"SKIP","floor":47.0}],"player_experience":187249,"relics_obtained":[{"floor":7.0,"key":"Ancient Tea Set"},{"floor":9.0,"key":"Self Forming Clay"},{"floor":10.0,"key":"Incense Burner"},{"floor":23.0,"key":"Matryoshka"},{"floor":25.0,"key":"Gremlin Horn"},{"floor":26.0,"key":"Bag of Preparation"},{"floor":26.0,"key":"Potion Belt"},{"floor":27.0,"key":"Boot"},{"floor":41.0,"key":"Ginger"},{"floor":43.0,"key":"Red Skull"},{"floor":43.0,"key":"Bottled Flame"}],"event_choices":[{"damage_healed":0.0,"max_hp_gain":0.0,"max_hp_loss":0.0,"gold_gain":100.0,"event_name":"Golden Shrine","player_choice":"Pray","floor":2.0,"gold_loss":0.0,"damage_taken":0.0},{"damage_healed":0.0,"max_hp_gain":0.0,"max_hp_loss":0.0,"gold_gain":0.0,"event_name":"NoteForYourself","player_choice":"Ignored","floor":12.0,"gold_loss":0.0,"damage_taken":0.0},{"damage_healed":0.0,"max_hp_gain":0.0,"max_hp_loss":0.0,"gold_gain":0.0,"cards_transformed":["Thunderclap","Pommel Strike"],"event_name":"Drug Dealer","player_choice":"Became Test Subject","floor":20.0,"gold_loss":0.0,"damage_taken":0.0,"cards_obtained":["Heavy Blade","Warcry"]},{"damage_healed":0.0,"max_hp_gain":0.0,"max_hp_loss":0.0,"gold_gain":0.0,"event_name":"SensoryStone","player_choice":"Memory 1","floor":38.0,"gold_loss":0.0,"damage_taken":0.0},{"damage_healed":0.0,"max_hp_gain":0.0,"max_hp_loss":4.0,"gold_gain":0.0,"event_name":"Winding Halls","player_choice":"Max HP","floor":48.0,"gold_loss":0.0,"damage_taken":0.0}],"is_beta":false,"boss_relics":[{"not_picked":["Runic Pyramid","Busted Crown"],"picked":"Eternal Feather"},{"not_picked":["Runic Cube","Velvet Choker"],"picked":"Sozu"}],"items_purged_floors":[19,31],"is_endless":false,"potions_floor_spawned":[4,5,8,10,14,18,24,27,30,41,46],"ascension_level":14}