{"gold_per_floor":[118,130,142,154,176,188,229,241,253,294,306,349,361,448,460,567,579,602,628,640,562,593,605,617,629,641,653,690,702,714,740,752,867,879,904,916,976,1088,1110,1122,1134,1146,1212,1258,1270,1282,1294,800,800,895,895],"floor_reached":51,"playtime":1688,"items_purged":[],"score":1076,"play_id":"227dabd8-b64f-4ea1-a878-2b7318c7368a","local_time":"20190711204221","daily_mods":["SealedDeck","Vintage","Heirloom","Time Dilation","Flight"],"is_ascension_mode":false,"campfire_choices":[{"data":"Demon Form","floor":6.0,"key":"SMITH"},{"data":"Echo Form","floor":8.0,"key":"SMITH"},{"data":"Flame Barrier","floor":15.0,"key":"SMITH"},{"data":"Seeing Red","floor":23,"key":"SMITH"},{"data":"Wraith Form v2","floor":24,"key":"SMITH"},{"data":"Heavy Blade","floor":25,"key":"SMITH"},{"data":"Iron Wave","floor":27,"key":"SMITH"},{"data":"Shrug It Off","floor":30,"key":"SMITH"},{"floor":32,"key":"DIG"},{"data":"Madness","floor":40,"key":"SMITH"},{"data":"Madness","floor":41,"key":"SMITH"},{"floor":46,"key":"DIG"},{"floor":49,"key":"DIG"}],"neow_cost":"","seed_source_timestamp":0,"circlet_count":0,"master_deck":["Demon Form+1","Wraith Form v2+1","Echo Form+1","Havoc","Heavy Blade+1","Heavy Blade","Havoc","Iron Wave+1","Shrug It Off+1","Pummel","Iron Wave","Seeing Red+1","Flame Barrier+1","Demon Form+1","Madness+1","Madness+1","Ghostly Armor","Good Instincts"],"special_seed":0,"relics":["Burning Blood","Shovel","MawBank","Pocketwatch","WarpedTongs","Charon\u0027s Ashes","Lantern","Kunai","PreservedInsect","Mango","Mummified Hand","Philosopher\u0027s Stone","Champion Belt","Shuriken","Art of War","Mercury Hourglass","Orichalcum","Matryoshka","Vajra","Black Star","Singing Bowl","Peace Pipe","Dead Branch","Bag of Marbles","Regal Pillow","Red Skull","Turnip","Juzu Bracelet","Self Forming Clay","Membership Card","StoneCalendar","Centennial Puzzle","Sundial","Busted Crown"],"potions_floor_usage":[37,44],"damage_taken":[{"damage":0.0,"enemies":"2 Louse","floor":1.0,"turns":2.0},{"damage":11.0,"enemies":"Jaw Worm","floor":5.0,"turns":3.0},{"damage":29.0,"enemies":"3 Sentries","floor":7.0,"turns":4.0},{"damage":7.0,"enemies":"Gremlin Nob","floor":10.0,"turns":3.0},{"damage":26.0,"enemies":"3 Sentries","floor":12.0,"turns":4.0},{"damage":9,"enemies":"The Guardian","floor":16,"turns":4},{"damage":0,"enemies":"3 Byrds","floor":18,"turns":3},{"damage":0,"enemies":"Shell Parasite","floor":19,"turns":3},{"damage":4,"enemies":"Snecko","floor":22,"turns":3},{"damage":8,"enemies":"Slavers","floor":28,"turns":3},{"damage":0,"enemies":"Snake Plant","floor":31,"turns":2},{"damage":6,"enemies":"Collector","floor":33,"turns":4},{"damage":0,"enemies":"3 Darklings","floor":35,"turns":2},{"damage":37,"enemies":"2 Orb Walkers","floor":37,"turns":3},{"damage":0,"enemies":"Mind Bloom Boss Battle","floor":38,"turns":4},{"damage":6,"enemies":"3 Shapes","floor":39,"turns":2},{"damage":40,"enemies":"Reptomancer","floor":44,"turns":4},{"damage":7,"enemies":"Donu and Deca","floor":50,"turns":5}],"seed_played":"-6212367373758007744","potions_obtained":[{"floor":5.0,"key":"SteroidPotion"},{"floor":10.0,"key":"GamblersBrew"},{"floor":22,"key":"SkillPotion"},{"floor":28,"key":"PowerPotion"},{"floor":35,"key":"BloodPotion"}],"is_trial":true,"path_per_floor":["M","?","?","?","M","R","E","R","T","E","?","E","?","?","R","B",null,"M","M","?","?","M","R","R","R","T","R","E","?","R","M","R","B",null,"M","?","?","?","M","R","R","?","T","E","?","R","?","$","R","B",null],"character_chosen":"IRONCLAD","items_purchased":["Membership Card","StoneCalendar","Centennial Puzzle","Ghostly Armor","Good Instincts"],"campfire_rested":0,"item_purchase_floors":[48,48,48,48,48],"current_hp_per_floor":[80,80,73,73,68,68,45,45,45,44,51,31,31,20,20,17,94,94,94,94,94,94,94,94,94,94,94,92,92,92,94,94,94,94,94,82,53,61,61,61,61,61,61,53,53,53,49,49,49,50,108],"gold":895,"neow_bonus":"","is_prod":false,"is_daily":false,"chose_seed":false,"campfire_upgraded":10,"win_rate":0,"timestamp":1562845341,"path_taken":["M","?","?","?","?","R","E","R","T","E","?","E","?","?","R","BOSS","M","M","?","?","?","R","R","R","T","R","E","?","R","M","R","BOSS","M","?","?","?","M","R","R","?","T","E","?","R","?","$","R","BOSS"],"build_version":"2019-07-05","purchased_purges":0,"victory":false,"max_hp_per_floor":[80,80,80,80,80,80,80,80,80,80,94,94,94,94,94,94,94,94,94,94,94,94,94,94,94,94,94,94,94,94,94,94,94,94,94,94,96,98,98,98,98,98,98,100,100,100,106,106,106,108,108],"card_choices":[{"not_picked":["Headbutt","Clash","Sword Boomerang"],"picked":"SKIP","floor":7.0},{"not_picked":["Warcry","Rampage"],"picked":"Seeing Red","floor":10.0},{"not_picked":["Rampage","Pommel Strike"],"picked":"Flame Barrier","floor":12.0},{"not_picked":["Berserk","Dark Embrace"],"picked":"Demon Form","floor":16},{"not_picked":["Pommel Strike","Anger","Clash+1"],"picked":"SKIP","floor":28},{"not_picked":["Clash+1","Sentinel","Flex"],"picked":"Singing Bowl","floor":37},{"not_picked":["Sword Boomerang+1","Body Slam+1","Combust"],"picked":"Singing Bowl","floor":38},{"not_picked":["Sword Boomerang","Sever Soul","Flex+1"],"picked":"Singing Bowl","floor":44},{"not_picked":["Metamorphosis","Mind Blast","Trip"],"picked":"Singing Bowl","floor":47},{"not_picked":["Jack Of All Trades","Apotheosis","Trip"],"picked":"Singing Bowl","floor":47},{"not_picked":["Thinking Ahead","Enlightenment","Panacea"],"picked":"Singing Bowl","floor":47},{"not_picked":["Impervious","Exhume","Dark Embrace"],"picked":"Singing Bowl","floor":50}],"player_experience":148020,"relics_obtained":[{"floor":1.0,"key":"MawBank"},{"floor":5.0,"key":"Charon\u0027s Ashes"},{"floor":7.0,"key":"Lantern"},{"floor":9.0,"key":"Kunai"},{"floor":10.0,"key":"PreservedInsect"},{"floor":12.0,"key":"Mummified Hand"},{"floor":18,"key":"Champion Belt"},{"floor":19,"key":"Shuriken"},{"floor":22,"key":"Art of War"},{"floor":26,"key":"Mercury Hourglass"},{"floor":28,"key":"Orichalcum"},{"floor":31,"key":"Matryoshka"},{"floor":32,"key":"Vajra"},{"floor":35,"key":"Singing Bowl"},{"floor":37,"key":"Peace Pipe"},{"floor":38,"key":"Dead Branch"},{"floor":39,"key":"Bag of Marbles"},{"floor":43,"key":"Regal Pillow"},{"floor":43,"key":"Red Skull"},{"floor":44,"key":"Turnip"},{"floor":44,"key":"Juzu Bracelet"},{"floor":46,"key":"Self Forming Clay"},{"floor":49,"key":"Sundial"}],"event_choices":[{"damage_healed":0.0,"max_hp_gain":0.0,"max_hp_loss":0.0,"gold_gain":0.0,"event_name":"Big Fish","player_choice":"Box","floor":2.0,"gold_loss":0.0,"damage_taken":0.0,"relics_obtained":["Pocketwatch"],"cards_obtained":["Regret"]},{"cards_removed":["Regret"],"damage_healed":0.0,"max_hp_gain":0.0,"max_hp_loss":0.0,"gold_gain":0.0,"event_name":"Golden Wing","player_choice":"Card Removal","floor":3.0,"gold_loss":0.0,"damage_taken":7.0},{"damage_healed":0.0,"max_hp_gain":0.0,"max_hp_loss":0.0,"gold_gain":0.0,"event_name":"Accursed Blacksmith","player_choice":"Rummage","floor":4.0,"gold_loss":0.0,"damage_taken":0.0,"relics_obtained":["WarpedTongs"],"cards_obtained":["Pain"]},{"damage_healed":0.0,"max_hp_gain":0.0,"max_hp_loss":0.0,"gold_gain":0.0,"event_name":"Scrap Ooze","player_choice":"Success","floor":11.0,"gold_loss":0.0,"damage_taken":7.0,"relics_obtained":["Mango"]},{"cards_removed":["Pain"],"damage_healed":0.0,"max_hp_gain":0.0,"max_hp_loss":0.0,"gold_gain":0.0,"event_name":"Living Wall","player_choice":"Forget","floor":13.0,"gold_loss":0.0,"damage_taken":0.0},{"damage_healed":0.0,"max_hp_gain":0.0,"max_hp_loss":0.0,"gold_gain":75.0,"event_name":"World of Goop","player_choice":"Gather Gold","floor":14.0,"gold_loss":0.0,"damage_taken":11.0},{"cards_removed":["Body Slam"],"damage_healed":0,"gold_gain":0,"player_choice":"Elegance","damage_taken":0,"max_hp_gain":0,"max_hp_loss":0,"event_name":"Back to Basics","floor":20,"gold_loss":0},{"cards_removed":["Iron Wave"],"damage_healed":0,"gold_gain":0,"player_choice":"Upgrade and Remove","damage_taken":0,"max_hp_gain":0,"max_hp_loss":0,"event_name":"Designer","floor":21,"gold_loss":90,"cards_upgraded":["Demon Form"]},{"damage_healed":0,"gold_gain":0,"player_choice":"Bought 0 Potions","damage_taken":0,"max_hp_gain":0,"max_hp_loss":0,"event_name":"The Woman in Blue","floor":29,"gold_loss":0},{"damage_healed":0,"gold_gain":0,"player_choice":"Embrace Madness","damage_taken":12,"max_hp_gain":0,"max_hp_loss":0,"event_name":"Winding Halls","floor":36,"gold_loss":0,"cards_obtained":["Madness","Madness"]},{"damage_healed":0,"gold_gain":0,"player_choice":"Fight","damage_taken":0,"max_hp_gain":0,"max_hp_loss":0,"event_name":"Mysterious Sphere","floor":37,"gold_loss":0},{"damage_healed":0,"gold_gain":0,"player_choice":"Fight","damage_taken":0,"max_hp_gain":0,"max_hp_loss":0,"event_name":"MindBloom","floor":38,"gold_loss":0},{"damage_healed":0,"gold_gain":0,"player_choice":"Ignored","damage_taken":0,"max_hp_gain":0,"max_hp_loss":0,"event_name":"SecretPortal","floor":42,"gold_loss":0},{"damage_healed":0,"gold_gain":0,"player_choice":"Ignored","damage_taken":0,"max_hp_gain":0,"max_hp_loss":0,"event_name":"Tomb of Lord Red Mask","floor":45,"gold_loss":0},{"damage_healed":0,"gold_gain":0,"player_choice":"Memory 3","damage_taken":10,"max_hp_gain":0,"max_hp_loss":0,"event_name":"SensoryStone","floor":47,"gold_loss":0}],"is_beta":false,"boss_relics":[{"not_picked":["Velvet Choker","Eternal Feather"],"picked":"Philosopher\u0027s Stone"},{"not_picked":["White Beast Statue","Runic Pyramid"],"picked":"Black Star"},{"not_picked":["Mark of Pain","Snecko Eye"],"picked":"Busted Crown"}],"items_purged_floors":[],"is_endless":true,"potions_floor_spawned":[5,10,22,28,35],"ascension_level":0}