{"gold_per_floor":[119,119,130,149,162,162,175,27,27,27,60,73,104,116,116,219,219,234,234,324,334,334],"floor_reached":22,"playtime":2099,"items_purged":[],"score":223,"play_id":"342a0a26-4589-4141-a3c1-a9ccafae9113","local_time":"20190704161134","is_ascension_mode":false,"campfire_choices":[{"data":"Power Through","floor":6,"key":"SMITH"},{"floor":10,"key":"REST"},{"floor":15,"key":"REST"}],"neow_cost":"NONE","seed_source_timestamp":842288541711104,"circlet_count":0,"master_deck":["Strike_R","Strike_R","Strike_R","Strike_R","Strike_R","Defend_R","Defend_R","Defend_R","Defend_R","Bash","Power Through+1","Decay","Bash","Body Slam","Blood for Blood","Iron Wave","Iron Wave","Blood for Blood","Anger","Double Tap","Thunderclap+1","Ghostly","Ghostly","Ghostly","Ghostly","Ghostly","Mind Blast","Entrench"],"relics":["Burning Blood","Ancient Tea Set","Dodecahedron","Regal Pillow","Pocketwatch","Lizard Tail"],"potions_floor_usage":[13,16,16,22],"damage_taken":[{"damage":3,"enemies":"Jaw Worm","floor":1,"turns":5},{"damage":3,"enemies":"Cultist","floor":3,"turns":4},{"damage":6,"enemies":"2 Louse","floor":4,"turns":3},{"damage":13,"enemies":"Blue Slaver","floor":5,"turns":4},{"damage":11,"enemies":"Red Slaver","floor":7,"turns":3},{"damage":36,"enemies":"Lagavulin","floor":11,"turns":6},{"damage":4,"enemies":"3 Louse","floor":12,"turns":5},{"damage":11,"enemies":"Gremlin Nob","floor":13,"turns":4},{"damage":24,"enemies":"Exordium Wildlife","floor":14,"turns":4},{"damage":45,"enemies":"Hexaghost","floor":16,"turns":10},{"damage":12,"enemies":"Chosen","floor":18,"turns":3},{"damage":31,"enemies":"Spheric Guardian","floor":21,"turns":7},{"damage":29,"enemies":"Shelled Parasite and Fungi","floor":22,"turns":6}],"seed_played":"-8068654434968332687","potions_obtained":[{"floor":1,"key":"PowerPotion"},{"floor":4,"key":"LiquidBronze"},{"floor":11,"key":"Dexterity Potion"},{"floor":13,"key":"SteroidPotion"},{"floor":18,"key":"LiquidBronze"}],"is_trial":false,"path_per_floor":["M","?","M","M","M","R","M","$","T","R","E","M","E","M","R","B",null,"M","?","?","M","M"],"character_chosen":"IRONCLAD","items_purchased":["Ancient Tea Set"],"campfire_rested":2,"item_purchase_floors":[8],"current_hp_per_floor":[88,88,88,88,81,81,76,76,76,88,58,60,55,37,78,39,88,82,44,26,28,0],"gold":334,"neow_bonus":"TEN_PERCENT_HP_BONUS","is_prod":false,"is_daily":false,"chose_seed":false,"campfire_upgraded":1,"win_rate":0.0,"timestamp":1562271094,"path_taken":["M","?","?","M","M","R","M","$","T","R","E","M","E","M","R","BOSS","M","?","?","?","M"],"build_version":"2019-07-01","purchased_purges":0,"victory":false,"max_hp_per_floor":[88,88,88,88,88,88,88,88,88,88,88,88,88,88,88,88,88,88,44,44,44,44],"card_choices":[{"not_picked":["Second Wind","True Grit"],"picked":"Power Through","floor":1},{"not_picked":["Battle Trance","True Grit","Pommel Strike"],"picked":"SKIP","floor":3},{"not_picked":["Intimidate","Shrug It Off"],"picked":"Body Slam","floor":4},{"not_picked":["Combust","Fire Breathing","Disarm"],"picked":"SKIP","floor":5},{"not_picked":["Rage","Feel No Pain"],"picked":"Blood for Blood","floor":7},{"not_picked":["Anger","Corruption"],"picked":"Iron Wave","floor":11},{"not_picked":["Body Slam","Dark Embrace"],"picked":"Iron Wave","floor":12},{"not_picked":["Combust","Battle Trance"],"picked":"Blood for Blood","floor":13},{"not_picked":["Feel No Pain","Pummel"],"picked":"Anger","floor":14},{"not_picked":["Demon Form","Reaper"],"picked":"Double Tap","floor":16},{"not_picked":["Battle Trance","Pummel"],"picked":"Thunderclap+1","floor":18},{"not_picked":["Ghostly Armor","Body Slam+1"],"picked":"Entrench","floor":21}],"player_experience":2226,"relics_obtained":[{"floor":9,"key":"Dodecahedron"},{"floor":11,"key":"Regal Pillow"},{"floor":13,"key":"Pocketwatch"}],"event_choices":[{"damage_healed":0,"gold_gain":0,"player_choice":"2 cards matched","damage_taken":0,"max_hp_gain":0,"max_hp_loss":0,"event_name":"Match and Keep!","floor":2,"gold_loss":0,"cards_obtained":["Decay","Bash"]},{"damage_healed":0,"gold_gain":0,"player_choice":"Became a Ghost","damage_taken":0,"max_hp_gain":0,"max_hp_loss":44,"event_name":"Ghosts","floor":19,"gold_loss":0,"cards_obtained":["Ghostly","Ghostly","Ghostly","Ghostly","Ghostly"]},{"damage_healed":0,"gold_gain":90,"player_choice":"GOLD CARD ","damage_taken":18,"max_hp_gain":0,"max_hp_loss":0,"event_name":"Knowing Skull","floor":20,"potions_obtained":[],"gold_loss":0,"cards_obtained":["Mind Blast"]}],"is_beta":false,"boss_relics":[{"not_picked":["Sozu","Calling Bell"],"picked":"Lizard Tail"}],"items_purged_floors":[],"is_endless":false,"potions_floor_spawned":[1,4,11,13,14,18],"killed_by":"Shelled Parasite and Fungi","ascension_level":0}