{"gold_per_floor":[144,144,189,234,126,126,216,216,216,306,306,306,333,378,378,678,678,723,768,768,732,732,732,822,867,867,912,912,4398,4443,4488,4488,4788,4788,4833,4878,4878,4923,4923,4923,3743,3788,3838,3838,3883,3928,3049,3139,3151,3163],"floor_reached":51,"playtime":2881,"items_purged":["Parasite","Shame","Doubt","Writhe"],"score":957,"play_id":"3c8cdced-9224-4703-925c-22035ef70953","local_time":"20190713115431","daily_mods":["Cursed Run","Time Dilation","Midas"],"is_ascension_mode":false,"campfire_choices":[{"floor":6.0,"key":"REST"},{"floor":11.0,"key":"REST"},{"floor":15.0,"key":"REST"},{"floor":23,"key":"REST"},{"floor":32,"key":"REST"},{"floor":40,"key":"REST"},{"floor":49,"key":"REST"}],"neow_cost":"","seed_source_timestamp":0,"circlet_count":0,"master_deck":["Strike_G+1","Strike_G+1","Strike_G+1","Strike_G+1","Strike_G+1","Defend_G+1","Defend_G+1","Defend_G+1","Defend_G+1","Survivor+1","Neutralize+1","Crippling Poison+1","After Image+1","Expertise+1","Outmaneuver+1","Accuracy+1","Leg Sweep+1","Poisoned Stab+1","Concentrate+1","Deadly Poison+1","Riddle With Holes+1","Dagger Throw+1","Blade Dance+1","Deadly Poison+1","Sadistic Nature+1","Bane+1","Outmaneuver+1","PanicButton+1","Caltrops+1","Quick Slash+1","Riddle With Holes+1","Terror+1","Violence+1","Accuracy+1","Bouncing Flask+1","Poisoned Stab+1","Adrenaline+1","Dagger Throw+1","Deadly Poison+1","Riddle With Holes+1","Transmutation+1","Mind Blast+1","Enlightenment+1","Accuracy+1","Secret Technique+1","Cloak And Dagger+1","Underhanded Strike+1","Blade Dance+1","Injury","Deadly Poison+1","Blade Dance+1","Quick Slash","Dash","Poisoned Stab","Regret"],"special_seed":18090,"relics":["Cursed Key","Darkstone Periapt","Du-Vu Doll","Snake Skull","Whetstone","HandDrill","Bronze Scales","Pear","Frozen Egg 2","Bag of Preparation","Odd Mushroom","WristBlade","Enchiridion","Ancient Tea Set","Happy Flower","DollysMirror","Art of War","Toxic Egg 2","MealTicket","Ginger","Nunchaku","Runic Pyramid","Question Card","TwistedFunnel","FossilizedHelix","Strawberry","Mark of the Bloom","Ninja Scroll","PreservedInsect","Cauldron","MawBank"],"potions_floor_usage":[27,47],"damage_taken":[{"damage":0.0,"enemies":"2 Louse","floor":1.0,"turns":3.0},{"damage":0.0,"enemies":"Small Slimes","floor":3.0,"turns":4.0},{"damage":0.0,"enemies":"Jaw Worm","floor":4.0,"turns":4.0},{"damage":43.0,"enemies":"Gremlin Nob","floor":7.0,"turns":6.0},{"damage":4.0,"enemies":"3 Sentries","floor":10.0,"turns":5.0},{"damage":34.0,"enemies":"The Mushroom Lair","floor":13.0,"turns":5.0},{"damage":8.0,"enemies":"2 Fungi Beasts","floor":14.0,"turns":2.0},{"damage":20.0,"enemies":"Slime Boss","floor":16.0,"turns":11.0},{"damage":6,"enemies":"Chosen","floor":18,"turns":3},{"damage":12,"enemies":"Shell Parasite","floor":19,"turns":3},{"damage":0,"enemies":"Book of Stabbing","floor":24,"turns":3},{"damage":7,"enemies":"Sentry and Sphere","floor":25,"turns":4},{"damage":6,"enemies":"Centurion and Healer","floor":27,"turns":5},{"damage":30,"enemies":"Snecko","floor":30,"turns":4},{"damage":7,"enemies":"Snake Plant","floor":31,"turns":2},{"damage":48,"enemies":"Champ","floor":33,"turns":9},{"damage":5,"enemies":"3 Shapes","floor":35,"turns":3},{"damage":9,"enemies":"3 Darklings","floor":36,"turns":3},{"damage":19,"enemies":"4 Shapes","floor":38,"turns":3},{"damage":0,"enemies":"Maw","floor":42,"turns":4},{"damage":0,"enemies":"Jaw Worm Horde","floor":45,"turns":2},{"damage":0,"enemies":"Spire Growth","floor":46,"turns":2},{"damage":0,"enemies":"Reptomancer","floor":48,"turns":1},{"damage":30,"enemies":"Donu and Deca","floor":50,"turns":5}],"seed_played":"6822303000687688809","potions_obtained":[{"floor":4.0,"key":"LiquidBronze"},{"floor":10.0,"key":"Regen Potion"},{"floor":13.0,"key":"EntropicBrew"},{"floor":19,"key":"GhostInAJar"},{"floor":27,"key":"GhostInAJar"},{"floor":47,"key":"Fruit Juice"},{"floor":47,"key":"Ancient Potion"},{"floor":47,"key":"EssenceOfSteel"}],"is_trial":false,"path_per_floor":["M","?","M","M","$","R","E","?","T","E","R","T","?","M","R","B",null,"M","M","?","$","?","R","E","M","T","M","?","$","M","M","R","B",null,"M","M","?","M","?","R","$","M","T","?","M","M","$","E","R","B",null],"character_chosen":"THE_SILENT","items_purchased":["Accuracy","Snake Skull","Whetstone","HandDrill","Fruit Juice","Leg Sweep","Ancient Tea Set","Happy Flower","DollysMirror","Sadistic Nature+1","Bane","Outmaneuver","MealTicket","Ginger","Nunchaku","Terror+1","Violence+1","Accuracy+1","Question Card","TwistedFunnel","FossilizedHelix","Accuracy+1","Secret Technique+1","Cloak And Dagger+1","Underhanded Strike","Ninja Scroll","PreservedInsect","Cauldron","Quick Slash","Dash"],"campfire_rested":7,"item_purchase_floors":[5,5,5,5,5,5,21,21,21,21,21,21,29,29,29,29,29,29,41,41,41,41,41,41,41,47,47,47,47,47],"current_hp_per_floor":[70,70,70,70,70,70,70,70,91,90,90,90,90,90,90,96,103,97,85,69,69,69,100,100,93,99,106,103,103,88,81,103,61,109,104,95,95,109,99,109,109,109,122,122,122,122,122,122,122,92],"gold":3175,"neow_bonus":"","is_prod":false,"is_daily":true,"chose_seed":false,"campfire_upgraded":0,"win_rate":0.0,"timestamp":1563033271,"path_taken":["M","?","M","M","$","R","E","?","T","E","R","?","?","?","R","BOSS","M","M","?","$","?","R","E","?","T","M","?","$","?","M","R","BOSS","M","M","?","M","?","R","?","M","T","?","?","M","$","E","R","BOSS"],"build_version":"2019-07-05","purchased_purges":4,"victory":true,"max_hp_per_floor":[70,70,70,70,70,70,70,70,91,91,91,97,97,97,97,103,103,103,103,103,100,100,100,100,100,106,106,103,103,103,103,103,109,109,109,109,109,109,109,109,109,109,122,122,122,122,127,127,127,133],"card_choices":[{"not_picked":["Quick Slash","Cloak And Dagger"],"picked":"Crippling Poison","floor":1.0},{"not_picked":["Dagger Throw","Leg Sweep"],"picked":"Expertise","floor":3.0},{"not_picked":["Noxious Fumes","A Thousand Cuts"],"picked":"Outmaneuver","floor":4.0},{"not_picked":["Backflip","Quick Slash"],"picked":"Poisoned Stab","floor":7.0},{"not_picked":["Deflect","Dodge and Roll"],"picked":"Concentrate","floor":10.0},{"not_picked":["Calculated Gamble","Quick Slash"],"picked":"Deadly Poison","floor":13.0},{"not_picked":["Underhanded Strike","Distraction"],"picked":"Riddle With Holes","floor":14.0},{"not_picked":["Venomology","Wraith Form v2+1"],"picked":"Malaise","floor":16.0},{"not_picked":["Acrobatics+1","Dodge and Roll+1"],"picked":"Dagger Throw","floor":18},{"not_picked":["Backflip","Cloak And Dagger+1"],"picked":"Blade Dance+1","floor":19},{"not_picked":["Finisher","Noxious Fumes+1"],"picked":"Caltrops+1","floor":24},{"not_picked":["Bane","Dagger Throw+1"],"picked":"Quick Slash","floor":25},{"not_picked":["Deflect+1","Flechettes"],"picked":"Riddle With Holes","floor":27},{"not_picked":["Concentrate+1","Deflect+1"],"picked":"Bouncing Flask+1","floor":30},{"not_picked":["Setup+1","Tools of the Trade+1"],"picked":"Poisoned Stab","floor":31},{"not_picked":["Die Die Die","Grand Finale"],"picked":"Adrenaline+1","floor":33},{"not_picked":["Escape Plan+1","Eviscerate+1"],"picked":"Dagger Throw+1","floor":35},{"not_picked":["Reflex+1","Acrobatics+1"],"picked":"Deadly Poison+1","floor":36},{"not_picked":["Skewer","Sucker Punch+1"],"picked":"Riddle With Holes+1","floor":38},{"not_picked":["Purity+1","Chrysalis+1"],"picked":"Transmutation+1","floor":39},{"not_picked":["Good Instincts+1","Master of Strategy+1"],"picked":"Mind Blast","floor":39},{"not_picked":["Madness+1","Panache+1"],"picked":"Enlightenment+1","floor":39},{"not_picked":["Slice+1","Outmaneuver+1","Bane+1"],"picked":"Blade Dance+1","floor":42},{"not_picked":["Bane+1","Catalyst+1","Escape Plan+1"],"picked":"Deadly Poison+1","floor":45},{"not_picked":["Backstab+1","Outmaneuver+1","Choke"],"picked":"Blade Dance+1","floor":46},{"not_picked":["Bane","Dodge and Roll+1","Reflex+1"],"picked":"Poisoned Stab","floor":48}],"player_experience":22822,"relics_obtained":[{"floor":7.0,"key":"Bronze Scales"},{"floor":9.0,"key":"Pear"},{"floor":10.0,"key":"Frozen Egg 2"},{"floor":12.0,"key":"Bag of Preparation"},{"floor":13.0,"key":"Odd Mushroom"},{"floor":20,"key":"Enchiridion"},{"floor":24,"key":"Art of War"},{"floor":26,"key":"Toxic Egg 2"},{"floor":43,"key":"Strawberry"},{"floor":48,"key":"MawBank"}],"event_choices":[{"damage_healed":0.0,"max_hp_gain":0.0,"max_hp_loss":0.0,"gold_gain":0.0,"cards_transformed":["Defend_G"],"event_name":"Living Wall","player_choice":"Change","floor":2.0,"gold_loss":0.0,"damage_taken":0.0,"cards_obtained":["After Image"]},{"damage_healed":0.0,"max_hp_gain":0.0,"max_hp_loss":0.0,"gold_gain":0.0,"event_name":"The Cleric","player_choice":"Leave","floor":8.0,"gold_loss":0.0,"damage_taken":0.0},{"damage_healed":0.0,"max_hp_gain":0.0,"max_hp_loss":0.0,"gold_gain":0.0,"event_name":"Mushrooms","player_choice":"Fought Mushrooms","floor":13.0,"gold_loss":0.0,"damage_taken":0.0},{"damage_healed":0,"gold_gain":0,"player_choice":"Obtained Book","damage_taken":16,"max_hp_gain":0,"max_hp_loss":0,"event_name":"Cursed Tome","floor":20,"gold_loss":0},{"damage_healed":0,"gold_gain":0,"player_choice":"1 cards matched","damage_taken":0,"max_hp_gain":0,"max_hp_loss":0,"event_name":"Match and Keep!","floor":22,"gold_loss":0,"cards_obtained":["PanicButton"]},{"cards_removed":["Parasite"],"damage_healed":0,"gold_gain":0,"player_choice":"Purged","damage_taken":0,"max_hp_gain":0,"max_hp_loss":0,"event_name":"Purifier","floor":28,"gold_loss":0},{"cards_removed":["Malaise"],"damage_healed":0,"gold_gain":0,"player_choice":"Removed Skill","damage_taken":0,"max_hp_gain":0,"max_hp_loss":0,"event_name":"Falling","floor":37,"gold_loss":0},{"damage_healed":0,"gold_gain":0,"player_choice":"Memory 3","damage_taken":10,"max_hp_gain":0,"max_hp_loss":0,"event_name":"SensoryStone","floor":39,"gold_loss":0},{"damage_healed":0,"gold_gain":0,"player_choice":"Upgrade","damage_taken":0,"relics_obtained":["Mark of the Bloom"],"max_hp_gain":0,"max_hp_loss":0,"event_name":"MindBloom","floor":44,"gold_loss":0,"cards_upgraded":["Strike_G","Strike_G","Strike_G","Defend_G","Defend_G","Defend_G","Defend_G","Survivor","Neutralize","Crippling Poison","After Image","Expertise","Outmaneuver","Accuracy","Leg Sweep","Poisoned Stab","Concentrate","Deadly Poison","Riddle With Holes","Dagger Throw","Deadly Poison","Bane","Outmaneuver","PanicButton","Quick Slash","Riddle With Holes","Poisoned Stab","Mind Blast","Underhanded Strike"]}],"is_beta":false,"boss_relics":[{"not_picked":["Lizard Tail","Calling Bell"],"picked":"WristBlade"},{"not_picked":["Orrery","HoveringKite"],"picked":"Runic Pyramid"}],"items_purged_floors":[21,29,41,47],"is_endless":false,"potions_floor_spawned":[4,10,13,14,19,24,27,36,45],"ascension_level":0}