{"gold_per_floor":[12,32,51,61,80,80,80,80,162,162,177,195,53,3,3,102,102,113,113,113,28,28,28,46,64,90,190,190,204,204,8,8,104,104,120,120,52,105,205,205,230,230,255,7,7,38,38,58,58,58,58,58,23,55,55],"floor_reached":56,"playtime":4532,"items_purged":["Strike_B"],"score":1191,"play_id":"2ce75ec9-f148-44f3-9139-84ad9a994675","local_time":"20190708211743","is_ascension_mode":false,"campfire_choices":[{"data":"Cold Snap","floor":6.0,"key":"SMITH"},{"data":"Go for the Eyes","floor":10.0,"key":"SMITH"},{"data":"Glacier","floor":15.0,"key":"SMITH"},{"data":"Rainbow","floor":23.0,"key":"SMITH"},{"data":"Cold Snap","floor":28.0,"key":"SMITH"},{"data":"Cold Snap","floor":30.0,"key":"SMITH"},{"floor":32,"key":"RECALL"},{"data":"Hologram","floor":40,"key":"SMITH"},{"data":"Madness","floor":45,"key":"SMITH"},{"data":"Consume","floor":49,"key":"SMITH"},{"data":"Madness","floor":52,"key":"SMITH"}],"neow_cost":"NO_GOLD","seed_source_timestamp":0,"circlet_count":0,"master_deck":["Strike_B","Strike_B","Defend_B","Defend_B","Defend_B","Defend_B","Zap","Dualcast","Rebound","Cold Snap+1","Streamline","Consume+1","Go for the Eyes+1","Ball Lightning","Glacier+1","Defragment+1","Rainbow+1","Gash","Defragment+1","Cold Snap+1","Force Field","Cold Snap+1","Coolheaded","Biased Cognition+1","Cold Snap","Echo Form+1","Defragment+1","Hologram+1","Force Field+1","Madness+1","Madness+1","Cold Snap","Hologram+1","Trip","Capacitor+1"],"special_seed":0,"relics":["Cracked Core","Unceasing Top","Torii","Frozen Egg 2","Coffee Dripper","Centennial Puzzle","Pantograph","Shovel","Meat on the Bone","White Beast Statue","Ginger","Calipers","Potion Belt","Oddly Smooth Stone","Runic Capacitor","Gremlin Horn","Ice Cream"],"potions_floor_usage":[38,41,48,50,50,50,54,54,54,55],"damage_taken":[{"damage":0.0,"enemies":"Cultist","floor":1.0,"turns":3.0},{"damage":7.0,"enemies":"2 Louse","floor":2.0,"turns":2.0},{"damage":1.0,"enemies":"Jaw Worm","floor":3.0,"turns":4.0},{"damage":13.0,"enemies":"Gremlin Gang","floor":4.0,"turns":5.0},{"damage":10.0,"enemies":"Large Slime","floor":5.0,"turns":5.0},{"damage":9.0,"enemies":"Exordium Wildlife","floor":11.0,"turns":4.0},{"damage":2.0,"enemies":"2 Fungi Beasts","floor":12.0,"turns":3.0},{"damage":16.0,"enemies":"The Guardian","floor":16.0,"turns":16.0},{"damage":2.0,"enemies":"Shell Parasite","floor":18.0,"turns":5.0},{"damage":0.0,"enemies":"Spheric Guardian","floor":24.0,"turns":3.0},{"damage":7.0,"enemies":"Centurion and Healer","floor":25.0,"turns":5.0},{"damage":9.0,"enemies":"Colosseum Slavers","floor":27.0,"turns":4.0},{"damage":1.0,"enemies":"Colosseum Nobs","floor":27.0,"turns":5.0},{"damage":10.0,"enemies":"Shelled Parasite and Fungi","floor":29.0,"turns":6.0},{"damage":27,"enemies":"Automaton","floor":33,"turns":13},{"damage":1,"enemies":"Orb Walker","floor":35,"turns":4},{"damage":42,"enemies":"2 Orb Walkers","floor":38,"turns":7},{"damage":6,"enemies":"Mind Bloom Boss Battle","floor":39,"turns":9},{"damage":36,"enemies":"Nemesis","floor":41,"turns":7},{"damage":25,"enemies":"Giant Head","floor":46,"turns":9},{"damage":14,"enemies":"3 Shapes","floor":48,"turns":6},{"damage":12,"enemies":"Donu and Deca","floor":50,"turns":10},{"damage":30,"enemies":"Shield and Spear","floor":54,"turns":12},{"damage":32,"enemies":"The Heart","floor":55,"turns":19}],"seed_played":"787365506126197964","potions_obtained":[{"floor":1.0,"key":"PowerPotion"},{"floor":4.0,"key":"Weak Potion"},{"floor":8.0,"key":"Regen Potion"},{"floor":8.0,"key":"Regen Potion"},{"floor":16.0,"key":"Dexterity Potion"},{"floor":27.0,"key":"Fruit Juice"},{"floor":33,"key":"GamblersBrew"},{"floor":38,"key":"Strength Potion"},{"floor":41,"key":"Dexterity Potion"},{"floor":46,"key":"EntropicBrew"},{"floor":48,"key":"Energy Potion"},{"floor":54,"key":"SpeedPotion"}],"is_trial":false,"path_per_floor":["M","M","M","M","M","R","?","?","T","R","M","M","$","?","R","B",null,"M","?","?","?","?","R","M","M","T","?","R","M","R","$","R","B",null,"M","?","$","?","?","R","E","?","T","$","R","E","?","M","R","B",null,"R","$","E","B",null],"character_chosen":"DEFECT","items_purchased":["Defragment+1","Biased Cognition+1","Cold Snap","Defragment+1","Runic Capacitor","Cold Snap","Capacitor+1"],"campfire_rested":0,"item_purchase_floors":[13,31,31,37,44,44,53],"current_hp_per_floor":[75,68,67,54,44,44,41,41,41,41,32,39,39,39,39,23,75,73,59,59,59,59,59,59,52,52,42,42,49,49,49,49,47,85,84,84,84,54,73,73,52,41,41,41,41,28,28,26,26,51,85,85,85,70,53],"gold":55,"neow_bonus":"ONE_RARE_RELIC","is_prod":false,"is_daily":false,"chose_seed":false,"campfire_upgraded":10,"win_rate":0,"timestamp":1562588263,"path_taken":["M","M","M","?","?","R","?","?","T","R","M","?","$","?","R","BOSS","M","?","?","?","?","R","?","M","T","?","R","M","R","$","R","BOSS","M","?","$","?","?","R","E","?","T","?","R","E","?","?","R","BOSS","R","$","E","BOSS"],"build_version":"2019-07-05","purchased_purges":1,"victory":true,"max_hp_per_floor":[75,75,75,75,75,75,75,75,75,75,75,75,75,75,75,75,75,75,80,80,80,80,80,80,80,80,80,80,85,85,85,85,85,85,85,85,85,85,85,85,85,85,85,85,85,85,85,85,85,85,85,85,85,85,85],"card_choices":[{"not_picked":["Double Energy","Stack"],"picked":"Rebound","floor":1.0},{"not_picked":["Beam Cell","Chaos"],"picked":"Cold Snap","floor":2.0},{"not_picked":["Beam Cell","Ball Lightning"],"picked":"Streamline","floor":3.0},{"not_picked":["Doom and Gloom","Beam Cell"],"picked":"Consume","floor":4.0},{"not_picked":["Streamline","Lockon"],"picked":"Go for the Eyes","floor":5.0},{"not_picked":["Beam Cell","Streamline"],"picked":"Ball Lightning","floor":11.0},{"not_picked":["White Noise","Rebound"],"picked":"Glacier","floor":12.0},{"not_picked":["Core Surge","Machine Learning+1"],"picked":"Rainbow","floor":16.0},{"not_picked":["Streamline","Barrage"],"picked":"Gash","floor":18.0},{"not_picked":["Turbo+1","Rebound"],"picked":"Cold Snap","floor":24.0},{"not_picked":["Multi-Cast","Compile Driver"],"picked":"Force Field","floor":25.0},{"not_picked":["Aggregate","Beam Cell"],"picked":"Cold Snap","floor":27.0},{"not_picked":["Go for the Eyes","Leap+1"],"picked":"Coolheaded","floor":29.0},{"not_picked":["Amplify","Hyperbeam"],"picked":"Echo Form+1","floor":33},{"not_picked":["Redo","Blizzard","Tempest+1"],"picked":"SKIP","floor":35},{"not_picked":["Streamline+1","Darkness"],"picked":"Hologram","floor":38},{"not_picked":["Barrage+1","Turbo"],"picked":"Force Field+1","floor":39},{"not_picked":["Scrape+1","Redo","Stack"],"picked":"SKIP","floor":41},{"not_picked":["Cold Snap","Skim"],"picked":"Hologram+1","floor":46},{"not_picked":["Mind Blast","Metamorphosis"],"picked":"Trip","floor":47},{"not_picked":["Redo","Coolheaded","Beam Cell+1"],"picked":"SKIP","floor":48},{"not_picked":["Stack","Leap+1","Sweeping Beam+1"],"picked":"SKIP","floor":54}],"player_experience":104160,"relics_obtained":[{"floor":9.0,"key":"Frozen Egg 2"},{"floor":27.0,"key":"Shovel"},{"floor":27.0,"key":"Meat on the Bone"},{"floor":38,"key":"Ginger"},{"floor":39,"key":"Calipers"},{"floor":41,"key":"Potion Belt"},{"floor":43,"key":"Oddly Smooth Stone"},{"floor":46,"key":"Gremlin Horn"},{"floor":54,"key":"Ice Cream"}],"event_choices":[{"damage_healed":0.0,"max_hp_gain":0.0,"max_hp_loss":0.0,"gold_gain":0.0,"event_name":"Scrap Ooze","player_choice":"Success","floor":7.0,"gold_loss":0.0,"damage_taken":3.0,"relics_obtained":["Torii"]},{"damage_healed":0.0,"max_hp_gain":0.0,"max_hp_loss":0.0,"gold_gain":0.0,"event_name":"Lab","player_choice":"Got Potions","floor":8.0,"gold_loss":0.0,"damage_taken":0.0},{"cards_removed":["Strike_B"],"damage_healed":0.0,"max_hp_gain":0.0,"max_hp_loss":0.0,"gold_gain":0.0,"event_name":"The Cleric","player_choice":"Card Removal","floor":14.0,"gold_loss":50.0,"damage_taken":0.0},{"damage_healed":0.0,"max_hp_gain":5.0,"max_hp_loss":0.0,"gold_gain":0.0,"event_name":"Forgotten Altar","player_choice":"Shed Blood","floor":19.0,"gold_loss":0.0,"damage_taken":19.0},{"damage_healed":0.0,"max_hp_gain":0.0,"max_hp_loss":0.0,"gold_gain":0.0,"event_name":"The Library","player_choice":"Read","floor":20.0,"gold_loss":0.0,"damage_taken":0.0,"cards_obtained":["Defragment"]},{"damage_healed":0.0,"max_hp_gain":0.0,"max_hp_loss":0.0,"gold_gain":0.0,"event_name":"Addict","player_choice":"Obtained Relic","floor":21.0,"gold_loss":85.0,"damage_taken":0.0,"relics_obtained":["Centennial Puzzle"]},{"damage_healed":0.0,"max_hp_gain":0.0,"max_hp_loss":0.0,"gold_gain":0.0,"event_name":"The Mausoleum","player_choice":"Opened","floor":22.0,"gold_loss":0.0,"damage_taken":0.0,"relics_obtained":["Pantograph"]},{"damage_healed":0.0,"max_hp_gain":0.0,"max_hp_loss":0.0,"gold_gain":0.0,"event_name":"Colosseum","player_choice":"Fight","floor":27.0,"gold_loss":0.0,"damage_taken":0.0},{"damage_healed":0.0,"max_hp_gain":0.0,"max_hp_loss":0.0,"gold_gain":0.0,"event_name":"Colosseum","player_choice":"Fought Nobs","floor":27.0,"gold_loss":0.0,"damage_taken":0.0},{"damage_healed":0,"gold_gain":0,"player_choice":"Ignored","damage_taken":0,"max_hp_gain":0,"max_hp_loss":0,"event_name":"Tomb of Lord Red Mask","floor":36,"gold_loss":0},{"damage_healed":0,"gold_gain":0,"player_choice":"Fight","damage_taken":0,"max_hp_gain":0,"max_hp_loss":0,"event_name":"Mysterious Sphere","floor":38,"gold_loss":0},{"damage_healed":0,"gold_gain":0,"player_choice":"Fight","damage_taken":0,"max_hp_gain":0,"max_hp_loss":0,"event_name":"MindBloom","floor":39,"gold_loss":0},{"damage_healed":0,"gold_gain":0,"player_choice":"Embrace Madness","damage_taken":11,"max_hp_gain":0,"max_hp_loss":0,"event_name":"Winding Halls","floor":42,"gold_loss":0,"cards_obtained":["Madness","Madness"]},{"damage_healed":0,"gold_gain":0,"player_choice":"Memory 1","damage_taken":0,"max_hp_gain":0,"max_hp_loss":0,"event_name":"SensoryStone","floor":47,"gold_loss":0}],"is_beta":false,"boss_relics":[{"not_picked":["Ectoplasm","Sozu"],"picked":"Coffee Dripper"},{"not_picked":["Black Star","Snecko Eye"],"picked":"White Beast Statue"}],"items_purged_floors":[13],"is_endless":false,"potions_floor_spawned":[1,4,11,16,27,33,35,38,39,41,46,48,54],"ascension_level":0}