{"gold_per_floor":[115,19,294,305,316,316,329,329,407,407,422,442,475,73,73,150,150,163,163,163,177,197,222,222,254,279,249,266,266,299,321,333,345],"floor_reached":33,"playtime":1564,"items_purged":["Regret"],"score":739,"play_id":"a052c4c1-efd2-4b9d-be05-ab8efec86162","local_time":"20190613235528","is_ascension_mode":true,"campfire_choices":[{"data":"Zap","floor":6,"key":"SMITH"},{"data":"Self Repair","floor":8,"key":"SMITH"},{"floor":10,"key":"REST"},{"data":"Doom and Gloom","floor":15,"key":"SMITH"},{"data":"1","floor":24,"key":"LIFT"},{"data":"2","floor":32,"key":"LIFT"}],"neow_cost":"PERCENT_DAMAGE","seed_source_timestamp":1364238819602270,"circlet_count":0,"master_deck":["AscendersBane","Defend_B+1","Defend_B+1","Defend_B+1","Defend_B+1","Zap+1","Dualcast","Ball Lightning","Doom and Gloom+1","Sweeping Beam","Gash","Ball Lightning","Self Repair+1","Conserve Battery","Conserve Battery","Coolheaded","Coolheaded","Self Repair","Electrodynamics","Reinforced Body","Necronomicurse","Conserve Battery","Compile Driver","Bite","Bite","Bite","Bite","Bite","Seek"],"relics":["Cracked Core","Gremlin Horn","Vajra","Lee\u0027s Waffle","Inserter","Necronomicon","Girya","Du-Vu Doll","DataDisk","MawBank"],"potions_floor_usage":[13,16,23,25,30],"damage_taken":[{"damage":17,"enemies":"Small Slimes","floor":1,"turns":4},{"damage":4,"enemies":"Cultist","floor":4,"turns":3},{"damage":2,"enemies":"2 Louse","floor":5,"turns":3},{"damage":3,"enemies":"2 Fungi Beasts","floor":7,"turns":3},{"damage":10,"enemies":"Gremlin Gang","floor":11,"turns":4},{"damage":10,"enemies":"Large Slime","floor":12,"turns":3},{"damage":24,"enemies":"Lagavulin","floor":13,"turns":6},{"damage":0,"enemies":"Slime Boss","floor":16,"turns":6},{"damage":29,"enemies":"Shell Parasite","floor":18,"turns":10},{"damage":2,"enemies":"Chosen","floor":21,"turns":5},{"damage":0,"enemies":"3 Cultists","floor":22,"turns":2},{"damage":24,"enemies":"Gremlin Leader","floor":23,"turns":6},{"damage":31,"enemies":"Book of Stabbing","floor":25,"turns":4},{"damage":16,"enemies":"Chosen and Byrds","floor":28,"turns":7},{"damage":21,"enemies":"Slavers","floor":30,"turns":5},{"damage":9,"enemies":"Cultist and Chosen","floor":31,"turns":6},{"damage":62,"enemies":"Champ","floor":33,"turns":14}],"seed_played":"2328793657243210763","potions_obtained":[{"floor":1,"key":"Fire Potion"},{"floor":5,"key":"FearPotion"},{"floor":13,"key":"FocusPotion"},{"floor":18,"key":"SmokeBomb"},{"floor":22,"key":"Block Potion"},{"floor":27,"key":"PowerPotion"},{"floor":27,"key":"LiquidBronze"}],"is_trial":false,"path_per_floor":["M","$","?","M","M","R","M","R","T","R","M","M","E","$","R","B",null,"M","?","?","M","M","E","R","E","T","?","M","?","E","M","R","B"],"character_chosen":"DEFECT","items_purchased":["Doom and Gloom","Sweeping Beam","Lee\u0027s Waffle","Coolheaded","Self Repair"],"campfire_rested":1,"item_purchase_floors":[2,2,14,14,14],"current_hp_per_floor":[29,29,29,25,23,23,20,20,20,41,41,41,27,78,78,78,78,66,45,45,50,50,43,43,29,29,29,23,23,27,36,36,0],"gold":345,"neow_bonus":"REMOVE_TWO","is_prod":false,"is_daily":false,"chose_seed":false,"campfire_upgraded":3,"win_rate":0,"timestamp":1560488128,"path_taken":["M","$","?","M","?","R","M","R","T","R","M","M","E","$","R","BOSS","M","?","?","M","M","E","R","E","T","?","?","?","E","M","R","BOSS"],"build_version":"2019-01-23","purchased_purges":1,"victory":false,"max_hp_per_floor":[71,71,71,71,71,71,71,71,71,71,71,71,71,78,78,78,78,78,78,78,78,78,78,78,78,78,78,78,54,54,54,54,54],"card_choices":[{"not_picked":["Go for the Eyes","Coolheaded"],"picked":"Ball Lightning","floor":1},{"not_picked":["Streamline","Hologram"],"picked":"Gash","floor":4},{"not_picked":["Turbo","Auto Shields"],"picked":"Ball Lightning","floor":5},{"not_picked":["Meteor Strike","Beam Cell"],"picked":"Self Repair","floor":7},{"not_picked":["Sweeping Beam","BootSequence"],"picked":"Conserve Battery","floor":11},{"not_picked":["Redo","FTL"],"picked":"Conserve Battery","floor":12},{"not_picked":["Redo","Seek"],"picked":"Coolheaded","floor":13},{"not_picked":["All For One","Hyperbeam"],"picked":"Electrodynamics","floor":16},{"not_picked":["Rebound","Recycle"],"picked":"Reinforced Body","floor":18},{"not_picked":["Reinforced Body","Turbo","Beam Cell"],"picked":"SKIP","floor":21},{"not_picked":["Lockon","Ball Lightning"],"picked":"Conserve Battery","floor":22},{"not_picked":["Go for the Eyes","Turbo"],"picked":"Compile Driver","floor":23},{"not_picked":["Machine Learning","Ball Lightning","Steam"],"picked":"SKIP","floor":25},{"not_picked":["Machine Learning","Ball Lightning","Steam"],"picked":"SKIP","floor":25},{"not_picked":["Redo","Reprogram","Auto Shields"],"picked":"SKIP","floor":28},{"not_picked":["Gash","Turbo"],"picked":"Seek","floor":30},{"not_picked":["Ball Lightning","Tempest","Fusion"],"picked":"SKIP","floor":31}],"player_experience":1771369,"relics_obtained":[{"floor":9,"key":"Gremlin Horn"},{"floor":13,"key":"Vajra"},{"floor":19,"key":"Necronomicon"},{"floor":23,"key":"Girya"},{"floor":25,"key":"Du-Vu Doll"},{"floor":26,"key":"DataDisk"},{"floor":30,"key":"MawBank"}],"event_choices":[{"damage_healed":0,"gold_gain":275,"player_choice":"Desecrate","damage_taken":0,"max_hp_gain":0,"max_hp_loss":0,"event_name":"Golden Shrine","floor":3,"gold_loss":0,"cards_obtained":["Regret"]},{"damage_healed":0,"gold_gain":0,"player_choice":"Obtained Book","damage_taken":21,"max_hp_gain":0,"max_hp_loss":0,"event_name":"Cursed Tome","floor":19,"gold_loss":0},{"damage_healed":0,"gold_gain":0,"player_choice":"Simplicity","damage_taken":0,"max_hp_gain":0,"max_hp_loss":0,"event_name":"Back to Basics","floor":20,"gold_loss":0,"cards_upgraded":["Strike_B","Strike_B","Defend_B","Defend_B","Defend_B","Defend_B"]},{"damage_healed":0,"gold_gain":0,"player_choice":"Bought 2 Potions","damage_taken":0,"max_hp_gain":0,"max_hp_loss":0,"event_name":"The Woman in Blue","floor":27,"gold_loss":0},{"damage_healed":0,"gold_gain":0,"player_choice":"Became a vampire","damage_taken":0,"max_hp_gain":0,"max_hp_loss":24,"event_name":"Vampires","floor":29,"gold_loss":0,"cards_obtained":["Bite","Bite","Bite","Bite","Bite"]}],"is_beta":false,"boss_relics":[{"not_picked":["Coffee Dripper","Nuclear Battery"],"picked":"Inserter"}],"items_purged_floors":[14],"is_endless":false,"potions_floor_spawned":[1,5,13,18,22,28],"killed_by":"Champ","ascension_level":20}