{"gold_per_floor":[114,114,214,233,247,247,6,21,47,64,99,118,118,132,132,229,229,241,14,25,35,51,150,150,79,103,103,134,134,134],"floor_reached":30,"playtime":2019,"items_purged":["Strike_G"],"score":277,"play_id":"e955338b-89f9-4089-b031-1827beefe150","local_time":"20190704164705","is_ascension_mode":false,"campfire_choices":[{"floor":13,"key":"REST"},{"data":"Footwork","floor":15,"key":"SMITH"},{"floor":27,"key":"REST"},{"floor":29,"key":"REST"}],"neow_cost":"NONE","seed_source_timestamp":1528658105286700,"circlet_count":0,"master_deck":["Defend_G","Defend_G","Defend_G","Defend_G+1","Defend_G","Survivor+1","Neutralize","Choke","Dodge and Roll+1","Outmaneuver","Bouncing Flask","Poisoned Stab","Footwork+1","Deadly Poison","Acrobatics","After Image","Backflip","Escape Plan","Noxious Fumes","Backflip","Bite","Bite","Bite","Bite","Bite","Footwork","Dodge and Roll"],"relics":["Velvet Choker","Letter Opener","Bag of Preparation","War Paint","Fusion Hammer","Pen Nib","Lantern","Nunchaku"],"potions_floor_usage":[11,11,16,21],"damage_taken":[{"damage":0,"enemies":"Jaw Worm","floor":1,"turns":4},{"damage":0,"enemies":"2 Louse","floor":4,"turns":3},{"damage":0,"enemies":"Cultist","floor":5,"turns":3},{"damage":0,"enemies":"2 Fungi Beasts","floor":8,"turns":3},{"damage":0,"enemies":"Lots of Slimes","floor":10,"turns":4},{"damage":8,"enemies":"Lagavulin","floor":11,"turns":4},{"damage":7,"enemies":"Large Slime","floor":12,"turns":5},{"damage":0,"enemies":"Red Slaver","floor":14,"turns":2},{"damage":9,"enemies":"Hexaghost","floor":16,"turns":8},{"damage":11,"enemies":"Spheric Guardian","floor":18,"turns":4},{"damage":20,"enemies":"2 Thieves","floor":20,"turns":3},{"damage":21,"enemies":"Cultist and Chosen","floor":21,"turns":7},{"damage":2,"enemies":"Snake Plant","floor":22,"turns":3},{"damage":19,"enemies":"Slavers","floor":28,"turns":7},{"damage":47,"enemies":"Gremlin Leader","floor":30,"turns":3}],"seed_played":"600781042646521854","potions_obtained":[{"floor":1,"key":"Poison Potion"},{"floor":5,"key":"AttackPotion"},{"floor":12,"key":"Poison Potion"},{"floor":20,"key":"SkillPotion"},{"floor":22,"key":"SneckoOil"}],"is_trial":false,"path_per_floor":["M","?","?","M","M","?","$","M","T","M","E","M","R","M","R","B",null,"M","$","M","M","M","?","?","$","T","R","E","R","E"],"character_chosen":"THE_SILENT","items_purchased":["Letter Opener","Pen Nib","Footwork"],"campfire_rested":3,"item_purchase_floors":[7,19,25],"current_hp_per_floor":[70,63,63,63,63,63,63,63,63,63,55,48,69,69,69,60,70,59,59,39,18,16,16,16,16,16,30,27,41,0],"gold":134,"neow_bonus":"BOSS_RELIC","is_prod":false,"is_daily":false,"chose_seed":false,"campfire_upgraded":1,"win_rate":0.0,"timestamp":1562273225,"path_taken":["M","?","?","?","M","?","$","M","T","M","E","M","R","M","R","BOSS","M","$","?","M","M","?","?","$","T","R","E","R","E"],"build_version":"2019-07-01","purchased_purges":1,"victory":false,"max_hp_per_floor":[70,70,70,70,70,70,70,70,70,70,70,70,70,70,70,70,70,70,70,70,70,70,70,49,49,49,49,49,49,49],"card_choices":[{"not_picked":["Leg Sweep","Tactician"],"picked":"Choke","floor":1},{"not_picked":["Outmaneuver","Expertise"],"picked":"Dodge and Roll","floor":4},{"not_picked":["Reflex","Expertise"],"picked":"Outmaneuver","floor":5},{"not_picked":["Quick Slash","Poisoned Stab"],"picked":"Bouncing Flask","floor":8},{"not_picked":["Sucker Punch","Quick Slash"],"picked":"Poisoned Stab","floor":10},{"not_picked":["Slice","Dagger Spray"],"picked":"Footwork","floor":11},{"not_picked":["Unload","Dagger Spray"],"picked":"Deadly Poison","floor":12},{"not_picked":["Reflex","Slice"],"picked":"Acrobatics","floor":14},{"not_picked":["Venomology","Tools of the Trade"],"picked":"After Image","floor":16},{"not_picked":["Masterful Stab","Flying Knee"],"picked":"Backflip","floor":18},{"not_picked":["Masterful Stab","Endless Agony"],"picked":"Escape Plan","floor":20},{"not_picked":["Dagger Throw+1","Deadly Poison"],"picked":"Noxious Fumes","floor":21},{"not_picked":["Heel Hook","Flying Knee+1"],"picked":"Backflip","floor":22},{"not_picked":["Endless Agony+1","Deadly Poison"],"picked":"Dodge and Roll","floor":28}],"player_experience":40741,"relics_obtained":[{"floor":9,"key":"Bag of Preparation"},{"floor":11,"key":"War Paint"},{"floor":26,"key":"Lantern"},{"floor":28,"key":"Nunchaku"}],"event_choices":[{"cards_removed":["Strike_G"],"damage_healed":0,"gold_gain":0,"player_choice":"Card Removal","damage_taken":7,"max_hp_gain":0,"max_hp_loss":0,"event_name":"Golden Wing","floor":2,"gold_loss":0},{"damage_healed":0,"gold_gain":100,"player_choice":"Pray","damage_taken":0,"max_hp_gain":0,"max_hp_loss":0,"event_name":"Golden Shrine","floor":3,"gold_loss":0},{"damage_healed":0,"gold_gain":0,"player_choice":"Forge","damage_taken":0,"max_hp_gain":0,"max_hp_loss":0,"event_name":"Accursed Blacksmith","floor":6,"gold_loss":0,"cards_upgraded":["Dodge and Roll"]},{"damage_healed":0,"gold_gain":99,"player_choice":"Stole From Cult","damage_taken":0,"max_hp_gain":0,"max_hp_loss":0,"event_name":"Nest","floor":23,"gold_loss":0},{"damage_healed":0,"gold_gain":0,"player_choice":"Became a vampire","damage_taken":0,"max_hp_gain":0,"max_hp_loss":21,"event_name":"Vampires","floor":24,"gold_loss":0,"cards_obtained":["Bite","Bite","Bite","Bite","Bite"]}],"is_beta":false,"boss_relics":[{"not_picked":["Philosopher\u0027s Stone","Orrery"],"picked":"Fusion Hammer"}],"items_purged_floors":[19],"is_endless":false,"potions_floor_spawned":[1,5,12,20,22],"killed_by":"Gremlin Leader","ascension_level":0}