{"gold_per_floor":[118,132,151,38,48,48,65,82,135,135,167,167,186,206,206,309,609,629,640,10,25,41,41,51,51,76,93,107,118,118,132,132,132],"floor_reached":33,"playtime":5874,"items_purged":["Pain"],"score":284,"play_id":"ffcfba32-1b17-4cd3-aa55-db18b5a58817","local_time":"20190701230328","is_ascension_mode":false,"campfire_choices":[{"data":"Carnage","floor":6.0,"key":"SMITH"},{"data":"Demon Form","floor":10.0,"key":"SMITH"},{"data":"Carnage","floor":12.0,"key":"SMITH"},{"data":"Bludgeon","floor":15.0,"key":"SMITH"},{"floor":23,"key":"REST"},{"floor":25,"key":"REST"},{"floor":30,"key":"REST"},{"data":"Armaments","floor":32,"key":"SMITH"}],"neow_cost":"NONE","seed_source_timestamp":0,"circlet_count":0,"master_deck":["Strike_R","Strike_R","Strike_R","Strike_R","Strike_R","Defend_R","Defend_R","Defend_R","Defend_R","Bash","Carnage+1","Anger","Perfected Strike","Demon Form+1","Wild Strike","Carnage+1","Perfected Strike","Shrug It Off","Perfected Strike","Rampage","Bludgeon+1","Whirlwind","Demon Form","Shame","Parasite","Warcry+1","Armaments+1","Double Tap","Headbutt","Cleave","Juggernaut","Pommel Strike","Intimidate+1","Whirlwind+1","Clothesline+1"],"special_seed":0,"relics":["Burning Blood","Potion Belt","Red Skull","Calling Bell","Old Coin","Darkstone Periapt","Orichalcum","Gremlin Horn","Centennial Puzzle","Regal Pillow"],"potions_floor_usage":[21,27,29,33],"damage_taken":[{"damage":1.0,"enemies":"Cultist","floor":1.0,"turns":3.0},{"damage":6.0,"enemies":"Jaw Worm","floor":2.0,"turns":2.0},{"damage":7.0,"enemies":"Small Slimes","floor":3.0,"turns":3.0},{"damage":13.0,"enemies":"Exordium Wildlife","floor":5.0,"turns":4.0},{"damage":3.0,"enemies":"Gremlin Gang","floor":7.0,"turns":4.0},{"damage":10.0,"enemies":"Looter","floor":8.0,"turns":3.0},{"damage":1.0,"enemies":"3 Sentries","floor":11.0,"turns":4.0},{"damage":13.0,"enemies":"Red Slaver","floor":13.0,"turns":2.0},{"damage":0.0,"enemies":"3 Louse","floor":14.0,"turns":2.0},{"damage":50.0,"enemies":"Hexaghost","floor":16.0,"turns":8.0},{"damage":27,"enemies":"3 Byrds","floor":18,"turns":6},{"damage":19,"enemies":"2 Thieves","floor":19,"turns":3},{"damage":24,"enemies":"Shelled Parasite and Fungi","floor":21,"turns":3},{"damage":14,"enemies":"Snecko","floor":22,"turns":4},{"damage":8,"enemies":"Cultist and Chosen","floor":24,"turns":4},{"damage":24,"enemies":"Shelled Parasite and Fungi","floor":27,"turns":5},{"damage":15,"enemies":"3 Cultists","floor":28,"turns":5},{"damage":23,"enemies":"Snake Plant","floor":29,"turns":3},{"damage":14,"enemies":"Cultist and Chosen","floor":31,"turns":5},{"damage":88,"enemies":"Champ","floor":33,"turns":10}],"seed_played":"6525207362884937336","potions_obtained":[{"floor":2.0,"key":"Poison Potion"},{"floor":5.0,"key":"Fire Potion"},{"floor":7.0,"key":"Fire Potion"},{"floor":8.0,"key":"Dexterity Potion"},{"floor":11.0,"key":"Swift Potion"},{"floor":19,"key":"FearPotion"},{"floor":24,"key":"Block Potion"},{"floor":27,"key":"FairyPotion"},{"floor":28,"key":"BloodPotion"},{"floor":31,"key":"PowerPotion"}],"is_trial":false,"path_per_floor":["M","M","M","$","M","R","M","M","T","R","E","R","M","M","R","B",null,"M","M","$","M","M","R","M","R","T","M","M","M","R","M","R","B"],"character_chosen":"IRONCLAD","items_purchased":["Wild Strike","Carnage","Gremlin Horn","Centennial Puzzle","Double Tap"],"campfire_rested":3,"item_purchase_floors":[4,4,20,20,20],"current_hp_per_floor":[80,80,79,79,72,72,75,71,71,71,76,76,69,75,75,31,80,59,46,46,28,20,44,42,66,66,48,39,42,80,72,72,0],"gold":132,"neow_bonus":"THREE_CARDS","is_prod":false,"is_daily":false,"chose_seed":false,"campfire_upgraded":5,"win_rate":0.0,"timestamp":1562018608,"path_taken":["M","M","M","$","M","R","M","M","T","R","E","R","M","M","R","BOSS","M","M","$","M","M","R","M","R","T","?","M","M","R","?","R","BOSS"],"build_version":"2019-07-01","purchased_purges":1,"victory":false,"max_hp_per_floor":[80,80,80,80,80,80,80,80,80,80,80,80,80,80,80,80,80,80,80,80,80,80,80,80,80,80,80,80,80,80,80,80,80],"card_choices":[{"not_picked":["Metallicize","Cleave"],"picked":"Carnage","floor":0.0},{"not_picked":["True Grit","Thunderclap"],"picked":"Anger","floor":1.0},{"not_picked":["Cleave","Headbutt"],"picked":"Perfected Strike","floor":2.0},{"not_picked":["Bloodletting","Armaments"],"picked":"Demon Form","floor":3.0},{"not_picked":["Twin Strike","Corruption"],"picked":"Perfected Strike","floor":5.0},{"not_picked":["Iron Wave","Carnage"],"picked":"Shrug It Off","floor":7.0},{"not_picked":["Body Slam","Cleave"],"picked":"Perfected Strike","floor":8.0},{"not_picked":["Sword Boomerang","Carnage"],"picked":"Rampage","floor":11.0},{"not_picked":["Battle Trance","Carnage"],"picked":"Bludgeon","floor":13.0},{"not_picked":["Dropkick","Clash"],"picked":"Whirlwind","floor":14.0},{"not_picked":["Berserk","Brutality"],"picked":"Demon Form","floor":16.0},{"not_picked":["Clothesline+1","Thunderclap"],"picked":"Warcry+1","floor":18},{"not_picked":["Wild Strike","Fire Breathing"],"picked":"Armaments","floor":19},{"not_picked":["Second Wind","Bloodletting"],"picked":"Headbutt","floor":21},{"not_picked":["Reckless Charge","Iron Wave"],"picked":"Cleave","floor":22},{"not_picked":["Evolve+1","Inflame+1"],"picked":"Juggernaut","floor":24},{"not_picked":["Headbutt","Bloodletting"],"picked":"Pommel Strike","floor":27},{"not_picked":["Combust","Infernal Blade"],"picked":"Intimidate+1","floor":28},{"not_picked":["True Grit+1","Warcry"],"picked":"Whirlwind+1","floor":29},{"not_picked":["True Grit","Headbutt"],"picked":"Clothesline+1","floor":31}],"player_experience":21251,"relics_obtained":[{"floor":9.0,"key":"Potion Belt"},{"floor":11.0,"key":"Red Skull"},{"floor":17.0,"key":"Old Coin"},{"floor":17.0,"key":"Darkstone Periapt"},{"floor":17.0,"key":"Orichalcum"},{"floor":26,"key":"Regal Pillow"}],"event_choices":[],"is_beta":false,"boss_relics":[{"not_picked":["Astrolabe","Empty Cage"],"picked":"Calling Bell"}],"items_purged_floors":[20],"is_endless":false,"potions_floor_spawned":[2,5,7,8,11,19,24,27,28,31],"killed_by":"Champ","ascension_level":0}