{"gold_per_floor":[116,10,23,42,60,88,88,13,40,72,92,119,119,149,149,245,245,263,263,283,283,114,114,124,124,201,212,212,212,87,98,98,202,202,214,64,79,132,146,176,276,78,159,159,171,171,188,222,222,222],"floor_reached":51,"playtime":1282,"items_purged":["Strike_R","Strike_R","Defend_R","Headbutt"],"score":1088,"play_id":"e2bcdb74-afaf-4c83-b9cd-2f3d07c1bd46","local_time":"20190630193320","is_ascension_mode":true,"campfire_choices":[{"data":"Armaments","floor":7.0,"key":"SMITH"},{"data":"Searing Blow+3","floor":13.0,"key":"SMITH"},{"data":"Searing Blow+4","floor":15.0,"key":"SMITH"},{"data":"Searing Blow+8","floor":23.0,"key":"SMITH"},{"data":"Uppercut","floor":25.0,"key":"SMITH"},{"data":"Searing Blow+9","floor":29.0,"key":"SMITH"},{"data":"Searing Blow+10","floor":32.0,"key":"SMITH"},{"data":"Second Wind","floor":46,"key":"SMITH"},{"data":"Double Tap","floor":49,"key":"SMITH"}],"neow_cost":"","seed_source_timestamp":0,"circlet_count":0,"master_deck":["Dual Wield+1","Searing Blow+17","Defend_R","Defend_R+1","Defend_R","Shrug It Off","Armaments+1","Shrug It Off","Uppercut+1","Demon Form+1","Impervious","Flame Barrier","Evolve+1","Power Through+1","Limit Break","Immolate","Shrug It Off+1","Searing Blow+17","Second Wind+1","Double Tap+1","Corruption+1"],"special_seed":0,"relics":["Burning Blood","Snecko Eye","War Paint","Bronze Scales","Potion Belt","Vajra","Bottled Lightning","Frozen Egg 2","Mark of Pain","Question Card","Coffee Dripper","Gambling Chip","Dream Catcher","Turnip","DollysMirror","Mummified Hand","Pen Nib"],"potions_floor_usage":[50],"damage_taken":[{"damage":0.0,"enemies":"Small Slimes","floor":1.0,"turns":2.0},{"damage":0.0,"enemies":"Cultist","floor":3.0,"turns":2.0},{"damage":0.0,"enemies":"Jaw Worm","floor":4.0,"turns":3.0},{"damage":8.0,"enemies":"Blue Slaver","floor":5.0,"turns":2.0},{"damage":0.0,"enemies":"Gremlin Nob","floor":6.0,"turns":2.0},{"damage":7.0,"enemies":"Lagavulin","floor":10.0,"turns":4.0},{"damage":0.0,"enemies":"Looter","floor":11.0,"turns":2.0},{"damage":15.0,"enemies":"3 Sentries","floor":12.0,"turns":5.0},{"damage":0.0,"enemies":"Gremlin Nob","floor":14.0,"turns":2.0},{"damage":17.0,"enemies":"Hexaghost","floor":16.0,"turns":3.0},{"damage":0.0,"enemies":"Spheric Guardian","floor":18.0,"turns":1.0},{"damage":17.0,"enemies":"2 Thieves","floor":20.0,"turns":3.0},{"damage":0.0,"enemies":"Snecko","floor":24.0,"turns":1.0},{"damage":0.0,"enemies":"3 Cultists","floor":27.0,"turns":3.0},{"damage":6.0,"enemies":"Shelled Parasite and Fungi","floor":31.0,"turns":3.0},{"damage":6.0,"enemies":"Automaton","floor":33.0,"turns":5.0},{"damage":11.0,"enemies":"3 Darklings","floor":35.0,"turns":5.0},{"damage":0.0,"enemies":"Orb Walker","floor":37.0,"turns":1.0},{"damage":20.0,"enemies":"2 Orb Walkers","floor":38.0,"turns":6.0},{"damage":0.0,"enemies":"Transient","floor":39.0,"turns":5.0},{"damage":8.0,"enemies":"Giant Head","floor":40.0,"turns":4.0},{"damage":0.0,"enemies":"Mind Bloom Boss Battle","floor":41.0,"turns":3.0},{"damage":0,"enemies":"Writhing Mass","floor":45,"turns":1},{"damage":0,"enemies":"Maw","floor":47,"turns":2},{"damage":14,"enemies":"Nemesis","floor":48,"turns":3},{"damage":0,"enemies":"Donu and Deca","floor":50,"turns":2}],"seed_played":"-2243233424297064266","potions_obtained":[{"floor":4.0,"key":"FearPotion"},{"floor":5.0,"key":"Fire Potion"},{"floor":10.0,"key":"PowerPotion"},{"floor":18.0,"key":"LiquidBronze"},{"floor":27.0,"key":"Poison Potion"},{"floor":37.0,"key":"GamblersBrew"}],"is_trial":true,"path_per_floor":["M","?","M","M","M","E","R","$","T","E","M","E","R","E","R","B",null,"M","?","M","?","$","R","M","R","T","M","?","R","$","M","R","B",null,"M","$","M","?","M","E","?","$","T","?","M","R","M","E","R","B",null],"character_chosen":"IRONCLAD","items_purchased":["Evolve+1","DollysMirror"],"campfire_rested":0,"item_purchase_floors":[22,42],"current_hp_per_floor":[80,80,80,80,78,80,80,80,80,79,80,71,71,77,77,66,77,80,80,69,69,69,69,75,75,75,80,80,80,80,80,80,80,80,75,75,80,66,72,70,76,76,76,76,80,80,80,72,72,78],"gold":222,"neow_bonus":"","is_prod":false,"is_daily":false,"chose_seed":false,"campfire_upgraded":9,"win_rate":0,"timestamp":1561890800,"path_taken":["M","?","M","M","?","E","R","$","T","E","M","E","R","E","R","BOSS","M","?","M","?","$","R","M","R","T","M","?","R","$","M","R","BOSS","M","$","M","?","M","E","?","$","T","?","M","R","M","E","R","BOSS"],"build_version":"2019-01-23","purchased_purges":4,"victory":true,"max_hp_per_floor":[80,80,80,80,80,80,80,80,80,80,80,80,80,80,80,80,80,80,80,80,80,80,80,80,80,80,80,80,80,80,80,80,80,80,80,80,80,80,80,80,80,80,80,80,80,80,80,80,80,80],"card_choices":[{"not_picked":["Wild Strike","Thunderclap"],"picked":"Shrug It Off","floor":1.0},{"not_picked":["Clash","Anger","Wild Strike"],"picked":"SKIP","floor":3.0},{"not_picked":["Thunderclap","Twin Strike"],"picked":"Armaments","floor":4.0},{"not_picked":["Anger","Twin Strike","Sentinel"],"picked":"SKIP","floor":5.0},{"not_picked":["Reckless Charge","Cleave","Flex"],"picked":"SKIP","floor":6.0},{"not_picked":["Cleave","Spot Weakness"],"picked":"Shrug It Off","floor":10.0},{"not_picked":["Perfected Strike","Armaments"],"picked":"Uppercut","floor":11.0},{"not_picked":["Sword Boomerang","Feel No Pain","Dropkick"],"picked":"SKIP","floor":12.0},{"not_picked":["Searing Blow","Pommel Strike"],"picked":"Demon Form","floor":14.0},{"not_picked":["Demon Form+1","Fiend Fire"],"picked":"Impervious","floor":16.0},{"not_picked":["Burning Pact+1","Shrug It Off"],"picked":"Flame Barrier","floor":18.0},{"not_picked":["Twin Strike","Cleave+1","Dropkick"],"picked":"SKIP","floor":20.0},{"not_picked":["Searing Blow","Cleave+1","Perfected Strike+1"],"picked":"SKIP","floor":24.0},{"not_picked":["Sever Soul","Warcry","Twin Strike"],"picked":"Power Through+1","floor":27.0},{"not_picked":["Body Slam+1","Iron Wave","Fire Breathing+1","Rampage+1"],"picked":"SKIP","floor":31.0},{"not_picked":["Perfected Strike+1","Iron Wave+1","Clothesline+1","Spot Weakness"],"picked":"SKIP","floor":35.0},{"not_picked":["Wild Strike+1","Warcry","Twin Strike+1","Fire Breathing+1"],"picked":"SKIP","floor":37.0},{"not_picked":["Immolate","Twin Strike+1","Headbutt+1","Heavy Blade+1"],"picked":"SKIP","floor":39.0},{"not_picked":["Heavy Blade+1","Combust+1","Body Slam+1"],"picked":"Shrug It Off+1","floor":40.0},{"not_picked":["Flex+1","Armaments","Heavy Blade+1"],"picked":"Second Wind","floor":45},{"not_picked":["Hemokinesis+1","Whirlwind+1","Inflame+1"],"picked":"Double Tap","floor":47},{"not_picked":["Shrug It Off","Feel No Pain+1","Flex"],"picked":"Corruption+1","floor":48}],"player_experience":166755,"relics_obtained":[{"floor":6.0,"key":"Bronze Scales"},{"floor":9.0,"key":"Potion Belt"},{"floor":10.0,"key":"Vajra"},{"floor":12.0,"key":"Bottled Lightning"},{"floor":14.0,"key":"Frozen Egg 2"},{"floor":26.0,"key":"Question Card"},{"floor":38.0,"key":"Gambling Chip"},{"floor":40.0,"key":"Dream Catcher"},{"floor":41.0,"key":"Turnip"},{"floor":43.0,"key":"Mummified Hand"},{"floor":48,"key":"Pen Nib"}],"event_choices":[{"damage_healed":0.0,"max_hp_gain":0.0,"max_hp_loss":0.0,"gold_gain":0.0,"event_name":"WeMeetAgain","player_choice":"Paid Gold","floor":2.0,"gold_loss":106.0,"damage_taken":0.0,"relics_obtained":["War Paint"]},{"damage_healed":0.0,"max_hp_gain":0.0,"max_hp_loss":0.0,"gold_gain":0.0,"event_name":"The Library","player_choice":"Read","floor":19.0,"gold_loss":0.0,"damage_taken":0.0,"cards_obtained":["Headbutt"]},{"damage_healed":0.0,"max_hp_gain":0.0,"max_hp_loss":0.0,"gold_gain":0.0,"event_name":"Vampires","player_choice":"Ignored","floor":21.0,"gold_loss":0.0,"damage_taken":0.0},{"damage_healed":0.0,"max_hp_gain":0.0,"max_hp_loss":0.0,"gold_gain":0.0,"cards_transformed":["Strike_R","Bash"],"event_name":"Drug Dealer","player_choice":"Became Test Subject","floor":28.0,"gold_loss":0.0,"damage_taken":0.0,"cards_obtained":["Limit Break","Immolate"]},{"damage_healed":0.0,"max_hp_gain":0.0,"max_hp_loss":0.0,"gold_gain":0.0,"event_name":"Mysterious Sphere","player_choice":"Fight","floor":38.0,"gold_loss":0.0,"damage_taken":0.0},{"damage_healed":0.0,"max_hp_gain":0.0,"max_hp_loss":0.0,"gold_gain":0.0,"event_name":"MindBloom","player_choice":"Fight","floor":41.0,"gold_loss":0.0,"damage_taken":0.0},{"damage_healed":0,"gold_gain":0,"player_choice":"0 cards matched","damage_taken":0,"max_hp_gain":0,"max_hp_loss":0,"event_name":"Match and Keep!","floor":44,"gold_loss":0,"cards_obtained":[]}],"is_beta":false,"boss_relics":[{"not_picked":["Lizard Tail","Orrery"],"picked":"Mark of Pain"},{"not_picked":["Astrolabe","Snecko Eye"],"picked":"Coffee Dripper"}],"items_purged_floors":[8,22,30,36],"is_endless":false,"potions_floor_spawned":[4,5,10,18,27,37,40,41,48],"ascension_level":5}