{"gold_per_floor":[13,23,23,39,5,5,37,52,125,144,144,157,183,202,202,299,299,311,411,422,435,449,449,480,20,94,108,124,151,151,168,168,271,271,288,288,388,398,186,186,186,5,81,81,95,111,111,111,111,111],"floor_reached":51,"playtime":9886,"items_purged":["Defend_R","Strike_R"],"score":963,"play_id":"d3c91c4e-6058-492b-a682-08e482900d89","local_time":"20190702192423","is_ascension_mode":true,"campfire_choices":[{"data":"Metallicize","floor":6.0,"key":"SMITH"},{"data":"1","floor":11.0,"key":"LIFT"},{"data":"2","floor":15.0,"key":"LIFT"},{"data":"3","floor":23.0,"key":"LIFT"},{"floor":30.0,"key":"REST"},{"floor":32.0,"key":"REST"},{"floor":40,"key":"REST"},{"data":"Shockwave","floor":44,"key":"SMITH"},{"data":"Limit Break","floor":49,"key":"SMITH"}],"neow_cost":"NO_GOLD","seed_source_timestamp":1616686849958432,"circlet_count":0,"master_deck":["Strike_R","Strike_R","Defend_R","Bash","Armaments+1","Disarm","Warcry","Metallicize+1","Shockwave+1","Twin Strike","Shrug It Off","Iron Wave","Bludgeon","Bloodletting","Demon Form","Headbutt","Battle Trance","Body Slam","Shrug It Off","Warcry+1","Forethought","True Grit+1","Flame Barrier+1","Double Tap","Wild Strike+1","Limit Break+1","Rage+1","Thunderclap+1","Offering","Headbutt","Dropkick+1"],"special_seed":0,"relics":["Burning Blood","Girya","Pear","Omamori","Philosopher\u0027s Stone","Magic Flower","Turnip","The Courier","Anchor","Velvet Choker","Mango","Membership Card","Frozen Eye","Paper Frog","Sundial","Pen Nib"],"potions_floor_usage":[33,33,37,50,50,50],"damage_taken":[{"damage":1.0,"enemies":"Cultist","floor":1.0,"turns":3.0},{"damage":0.0,"enemies":"Small Slimes","floor":2.0,"turns":5.0},{"damage":2.0,"enemies":"2 Louse","floor":4.0,"turns":2.0},{"damage":24.0,"enemies":"3 Sentries","floor":7.0,"turns":15.0},{"damage":8.0,"enemies":"Exordium Wildlife","floor":8.0,"turns":6.0},{"damage":1.0,"enemies":"Large Slime","floor":10.0,"turns":7.0},{"damage":12.0,"enemies":"Lots of Slimes","floor":12.0,"turns":7.0},{"damage":4.0,"enemies":"Gremlin Nob","floor":13.0,"turns":5.0},{"damage":1.0,"enemies":"Blue Slaver","floor":14.0,"turns":5.0},{"damage":10.0,"enemies":"The Guardian","floor":16.0,"turns":11.0},{"damage":12.0,"enemies":"2 Thieves","floor":18.0,"turns":5.0},{"damage":3.0,"enemies":"Spheric Guardian","floor":20.0,"turns":3.0},{"damage":17.0,"enemies":"Snake Plant","floor":21.0,"turns":6.0},{"damage":7.0,"enemies":"Shelled Parasite and Fungi","floor":22.0,"turns":6.0},{"damage":29.0,"enemies":"Slavers","floor":24.0,"turns":9.0},{"damage":15.0,"enemies":"Snecko","floor":27.0,"turns":5.0},{"damage":3.0,"enemies":"Snake Plant","floor":28.0,"turns":3.0},{"damage":37.0,"enemies":"Gremlin Leader","floor":29.0,"turns":5.0},{"damage":12.0,"enemies":"Sentry and Sphere","floor":31.0,"turns":4.0},{"damage":63,"enemies":"Automaton","floor":33,"turns":9},{"damage":6,"enemies":"Orb Walker","floor":35,"turns":3},{"damage":4,"enemies":"Mind Bloom Boss Battle","floor":37,"turns":5},{"damage":46,"enemies":"3 Darklings","floor":38,"turns":6},{"damage":7,"enemies":"Sphere and 2 Shapes","floor":45,"turns":5},{"damage":0,"enemies":"Maw","floor":46,"turns":5},{"damage":55,"enemies":"Awakened One","floor":50,"turns":7}],"seed_played":"-4618312145807987574","potions_obtained":[{"floor":2.0,"key":"SteroidPotion"},{"floor":8.0,"key":"Dexterity Potion"},{"floor":12.0,"key":"PowerPotion"},{"floor":14.0,"key":"SkillPotion"},{"floor":20.0,"key":"Ancient Potion"},{"floor":22.0,"key":"LiquidBronze"},{"floor":28.0,"key":"FearPotion"},{"floor":29.0,"key":"SpeedPotion"},{"floor":33,"key":"AttackPotion"},{"floor":35,"key":"Strength Potion"},{"floor":38,"key":"Ancient Potion"},{"floor":45,"key":"AttackPotion"}],"is_trial":false,"path_per_floor":["M","M","?","M","$","R","E","M","T","M","R","M","E","M","R","B",null,"M","?","M","M","M","R","E","$","T","M","M","E","R","M","R","B",null,"M","?","?","M","$","R","?","$","T","R","M","M","?","T","R","B",null],"character_chosen":"IRONCLAD","items_purchased":["Metallicize","Turnip","Forethought","Membership Card","Frozen Eye","Paper Frog"],"campfire_rested":3,"item_purchase_floors":[5,25,25,39,42,42],"current_hp_per_floor":[77,80,80,80,80,80,62,60,70,75,75,69,71,76,76,72,86,80,80,83,72,71,71,48,48,48,42,48,20,47,44,71,17,72,75,75,94,57,57,88,88,88,88,88,90,99,99,99,99,53],"gold":111,"neow_bonus":"REMOVE_TWO","is_prod":false,"is_daily":false,"chose_seed":false,"campfire_upgraded":3,"win_rate":0,"timestamp":1562109863,"path_taken":["M","M","?","M","$","R","E","M","T","M","R","M","E","?","R","BOSS","M","?","M","?","?","R","E","$","T","M","M","E","R","?","R","BOSS","M","?","?","M","$","R","?","$","T","R","M","?","?","?","R","BOSS"],"build_version":"2019-07-01","purchased_purges":2,"victory":true,"max_hp_per_floor":[80,80,80,80,80,80,80,80,90,90,90,90,90,90,90,90,90,90,90,90,90,90,90,90,90,90,90,90,90,90,90,90,90,90,90,90,104,104,104,104,104,104,104,104,104,104,104,104,104,104],"card_choices":[{"not_picked":["Iron Wave","Anger"],"picked":"Armaments","floor":1.0},{"not_picked":["Clothesline","Barricade"],"picked":"Disarm","floor":2.0},{"not_picked":["Wild Strike","Armaments"],"picked":"Warcry","floor":4.0},{"not_picked":["Wild Strike","Infernal Blade"],"picked":"Shockwave","floor":7.0},{"not_picked":["Uppercut","Heavy Blade"],"picked":"Twin Strike","floor":8.0},{"not_picked":["Searing Blow","Evolve"],"picked":"Shrug It Off","floor":10.0},{"not_picked":["Perfected Strike","True Grit"],"picked":"Iron Wave","floor":12.0},{"not_picked":["Evolve","Flame Barrier"],"picked":"Bludgeon","floor":13.0},{"not_picked":["Wild Strike","Anger"],"picked":"Bloodletting","floor":14.0},{"not_picked":["Juggernaut","Dark Embrace"],"picked":"Demon Form","floor":16.0},{"not_picked":["Iron Wave","Combust"],"picked":"Headbutt","floor":18.0},{"not_picked":["Perfected Strike","Burning Pact"],"picked":"Battle Trance","floor":20.0},{"not_picked":["Carnage","Cleave"],"picked":"Body Slam","floor":21.0},{"not_picked":["Power Through","True Grit"],"picked":"Shrug It Off","floor":22.0},{"not_picked":["Battle Trance","Pommel Strike"],"picked":"Warcry+1","floor":24.0},{"not_picked":["Clash","Rage+1"],"picked":"True Grit+1","floor":27.0},{"not_picked":["Whirlwind","Entrench"],"picked":"Flame Barrier+1","floor":28.0},{"not_picked":["Clothesline","Reckless Charge"],"picked":"Double Tap","floor":29.0},{"not_picked":["Anger+1","Body Slam"],"picked":"Wild Strike+1","floor":31.0},{"not_picked":["Double Tap","Impervious"],"picked":"Limit Break","floor":33},{"not_picked":["True Grit","Thunderclap+1"],"picked":"Rage+1","floor":35},{"not_picked":["Carnage","Inflame"],"picked":"Thunderclap+1","floor":38},{"not_picked":["Thunderclap","Intimidate"],"picked":"Headbutt","floor":45},{"not_picked":["Clash","Rage"],"picked":"Dropkick+1","floor":46}],"player_experience":342693,"relics_obtained":[{"floor":7.0,"key":"Girya"},{"floor":9.0,"key":"Pear"},{"floor":13.0,"key":"Omamori"},{"floor":24.0,"key":"Magic Flower"},{"floor":26.0,"key":"The Courier"},{"floor":29.0,"key":"Anchor"},{"floor":37,"key":"Mango"},{"floor":43,"key":"Sundial"},{"floor":48,"key":"Pen Nib"}],"event_choices":[{"damage_healed":0.0,"max_hp_gain":0.0,"max_hp_loss":0.0,"gold_gain":0.0,"event_name":"Accursed Blacksmith","player_choice":"Forge","floor":3.0,"gold_loss":0.0,"damage_taken":0.0,"cards_upgraded":["Armaments"]},{"damage_healed":0.0,"max_hp_gain":0.0,"max_hp_loss":0.0,"gold_gain":100.0,"event_name":"Golden Shrine","player_choice":"Pray","floor":19.0,"gold_loss":0.0,"damage_taken":0.0},{"cards_removed":["Defend_R"],"damage_healed":0,"gold_gain":0,"player_choice":"Removed Skill","damage_taken":0,"max_hp_gain":0,"max_hp_loss":0,"event_name":"Falling","floor":36,"gold_loss":0},{"damage_healed":0,"gold_gain":0,"player_choice":"Fight","damage_taken":0,"max_hp_gain":0,"max_hp_loss":0,"event_name":"MindBloom","floor":37,"gold_loss":0},{"damage_healed":0,"gold_gain":0,"cards_transformed":["Defend_R"],"player_choice":"Transformed","damage_taken":0,"max_hp_gain":0,"max_hp_loss":0,"event_name":"Transmorgrifier","floor":41,"gold_loss":0,"cards_obtained":["Offering"]},{"damage_healed":0,"gold_gain":0,"player_choice":"Ignored","damage_taken":0,"max_hp_gain":0,"max_hp_loss":0,"event_name":"Mysterious Sphere","floor":47,"gold_loss":0}],"is_beta":false,"boss_relics":[{"not_picked":["Black Blood","White Beast Statue"],"picked":"Philosopher\u0027s Stone"},{"not_picked":["Sozu","Astrolabe"],"picked":"Velvet Choker"}],"items_purged_floors":[25,39],"is_endless":false,"potions_floor_spawned":[2,8,12,14,16,20,22,28,29,33,35,38,45],"ascension_level":7}