{"gold_per_floor":[15,15,31,31,50,50,67,67,67,97,116,141,167,167,167,244,244,263,273,45,56,66,95,95,121,121,121,121,132,147,147,147,218,218,230,230,53,0,14,41,41,61,61,90,100,375,392,403,403,403,403],"floor_reached":51,"playtime":3704,"items_purged":["Iron Wave","Bludgeon+1"],"score":1443,"play_id":"46a9079a-ccb2-4c40-86fd-d6ea2ecb99c4","local_time":"20190601231455","is_ascension_mode":true,"campfire_choices":[{"data":"Bash","floor":6,"key":"SMITH"},{"data":"Uppercut","floor":8,"key":"SMITH"},{"data":"Cleave","floor":15,"key":"SMITH"},{"floor":24,"key":"REST"},{"floor":27,"key":"REST"},{"data":"Inflame","floor":32,"key":"SMITH"},{"data":"Immolate","floor":41,"key":"SMITH"},{"floor":49,"key":"RECALL"}],"neow_cost":"NO_GOLD","seed_source_timestamp":322865189582358,"circlet_count":0,"master_deck":["AscendersBane","Bash+1","Shockwave+1","Headbutt","Iron Wave","Uppercut+1","Metallicize","Battle Trance+1","Feed","Pummel","Second Wind+1","Shrug It Off+1","Wild Strike","Blood for Blood","Sentinel+1","Pummel","Armaments+1","Evolve","True Grit+1","Inflame+1","Shrug It Off+1","Inflame","True Grit+1","Combust","Reaper","True Grit+1","Power Through+1","Immolate+1","Anger","Sentinel+1","Regret","Evolve+1"],"relics":["Burning Blood","Bird Faced Urn","Paper Frog","Letter Opener","Toxic Egg 2","Odd Mushroom","Pandora\u0027s Box","Blood Vial","Art of War","Mercury Hourglass","Mark of Pain","Red Mask","Bottled Flame","Anchor","Meat on the Bone"],"potions_floor_usage":[16,16,23,23,44,50,50],"damage_taken":[{"damage":1,"enemies":"Cultist","floor":1,"turns":3},{"damage":12,"enemies":"Small Slimes","floor":3,"turns":6},{"damage":7,"enemies":"2 Louse","floor":5,"turns":4},{"damage":3,"enemies":"Looter","floor":7,"turns":4},{"damage":19,"enemies":"Gremlin Nob","floor":10,"turns":4},{"damage":19,"enemies":"Large Slime","floor":11,"turns":6},{"damage":10,"enemies":"Lagavulin","floor":12,"turns":8},{"damage":13,"enemies":"The Mushroom Lair","floor":13,"turns":4},{"damage":33,"enemies":"Slime Boss","floor":16,"turns":11},{"damage":9,"enemies":"Chosen","floor":18,"turns":5},{"damage":15,"enemies":"Shell Parasite","floor":19,"turns":5},{"damage":23,"enemies":"Shelled Parasite and Fungi","floor":21,"turns":5},{"damage":13,"enemies":"Snecko","floor":22,"turns":4},{"damage":40,"enemies":"Slavers","floor":23,"turns":5},{"damage":39,"enemies":"Book of Stabbing","floor":25,"turns":5},{"damage":8,"enemies":"Centurion and Healer","floor":29,"turns":10},{"damage":29,"enemies":"Shelled Parasite and Fungi","floor":30,"turns":5},{"damage":74,"enemies":"Champ","floor":33,"turns":11},{"damage":42,"enemies":"3 Darklings","floor":35,"turns":7},{"damage":8,"enemies":"Orb Walker","floor":39,"turns":4},{"damage":59,"enemies":"Reptomancer","floor":40,"turns":9},{"damage":7,"enemies":"3 Darklings","floor":42,"turns":3},{"damage":90,"enemies":"Giant Head","floor":44,"turns":10},{"damage":26,"enemies":"Maw","floor":45,"turns":9},{"damage":29,"enemies":"Transient","floor":47,"turns":6},{"damage":36,"enemies":"3 Darklings","floor":48,"turns":8},{"damage":70,"enemies":"Time Eater","floor":50,"turns":17},{"damage":54,"enemies":"Awakened One","floor":51,"turns":12}],"seed_played":"4222569210150955200","potions_obtained":[{"floor":3,"key":"SkillPotion"},{"floor":5,"key":"Regen Potion"},{"floor":10,"key":"Energy Potion"},{"floor":12,"key":"Explosive Potion"},{"floor":19,"key":"SkillPotion"},{"floor":23,"key":"FairyPotion"},{"floor":33,"key":"Ancient Potion"},{"floor":35,"key":"SneckoOil"},{"floor":40,"key":"Swift Potion"},{"floor":44,"key":"SpeedPotion"}],"is_trial":false,"path_per_floor":["M","?","M","?","M","R","M","R","T","E","M","E","?","T","R","B",null,"M","M","$","M","M","E","R","E","T","R","?","M","M","?","R","B",null,"M","?","$","?","M","E","R","M","T","E","M","?","M","M","R","B","B"],"character_chosen":"IRONCLAD","items_purchased":["True Grit+1","PowerPotion","Inflame","Power Through+1"],"campfire_rested":2,"item_purchase_floors":[20,20,20,37],"current_hp_per_floor":[73,78,72,72,71,71,74,74,74,61,50,48,41,41,41,16,64,63,60,60,51,50,28,55,30,30,57,57,66,55,55,55,15,78,61,61,61,61,86,70,70,103,103,43,58,58,55,67,67,46,0],"gold":403,"neow_bonus":"ONE_RARE_RELIC","is_prod":false,"is_daily":false,"chose_seed":false,"campfire_upgraded":5,"win_rate":0,"timestamp":1559448895,"path_taken":["M","?","M","?","M","R","M","R","T","E","M","E","?","?","R","BOSS","M","M","$","M","M","E","R","E","T","R","?","M","?","?","R","BOSS","M","?","$","?","M","E","R","M","T","E","M","?","M","M","R","BOSS","BOSS"],"build_version":"2019-01-23","purchased_purges":2,"victory":false,"max_hp_per_floor":[75,80,80,80,80,80,80,80,80,80,80,80,80,80,80,80,80,80,84,84,88,88,92,92,92,92,92,92,95,99,99,99,99,99,99,99,99,99,99,103,103,103,103,103,103,103,103,103,103,107,107],"card_choices":[{"not_picked":["Clothesline","Body Slam"],"picked":"Shockwave","floor":1},{"not_picked":["Perfected Strike","Rage"],"picked":"Headbutt","floor":3},{"not_picked":["Body Slam","Wild Strike"],"picked":"Iron Wave","floor":5},{"not_picked":["Clash","Havoc"],"picked":"Uppercut","floor":7},{"not_picked":["Shockwave","Body Slam"],"picked":"Metallicize","floor":10},{"not_picked":["Flex","Second Wind","Searing Blow"],"picked":"SKIP","floor":11},{"not_picked":["Seeing Red","Limit Break"],"picked":"Cleave","floor":12},{"not_picked":["Pommel Strike","Infernal Blade+1"],"picked":"Battle Trance+1","floor":13},{"not_picked":["Juggernaut","Immolate"],"picked":"Feed","floor":16},{"not_picked":["Shrug It Off+1","Headbutt"],"picked":"Armaments+1","floor":18},{"not_picked":["Heavy Blade","Dual Wield+1"],"picked":"Evolve","floor":19},{"not_picked":["Sever Soul+1","Second Wind+1","Whirlwind"],"picked":"SKIP","floor":21},{"not_picked":["Flex+1","Blood for Blood"],"picked":"Shrug It Off+1","floor":22},{"not_picked":["Blood for Blood+1","Entrench+1"],"picked":"Inflame","floor":23},{"not_picked":["Carnage","Shrug It Off+1"],"picked":"True Grit+1","floor":25},{"not_picked":["Rampage","Barricade","Iron Wave"],"picked":"SKIP","floor":29},{"not_picked":["Intimidate+1","Sword Boomerang"],"picked":"Combust","floor":30},{"not_picked":["Dark Embrace","Juggernaut"],"picked":"Reaper","floor":33},{"not_picked":["Pommel Strike","Sword Boomerang+1"],"picked":"True Grit+1","floor":35},{"not_picked":["Sentinel+1","Cleave","Pommel Strike"],"picked":"SKIP","floor":39},{"not_picked":["Sentinel+1","Armaments+1"],"picked":"Immolate","floor":40},{"not_picked":["Shockwave+1","Headbutt"],"picked":"Anger","floor":42},{"not_picked":["Bludgeon","Headbutt","Flex+1"],"picked":"SKIP","floor":44},{"not_picked":["Heavy Blade","Combust"],"picked":"Sentinel+1","floor":45},{"not_picked":["Armaments+1","Heavy Blade","Immolate"],"picked":"SKIP","floor":47},{"not_picked":["Searing Blow","Sword Boomerang+1"],"picked":"Evolve+1","floor":48}],"player_experience":1670870,"relics_obtained":[{"floor":9,"key":"Paper Frog"},{"floor":10,"key":"Letter Opener"},{"floor":12,"key":"Toxic Egg 2"},{"floor":13,"key":"Odd Mushroom"},{"floor":23,"key":"Blood Vial"},{"floor":25,"key":"Art of War"},{"floor":26,"key":"Mercury Hourglass"},{"floor":40,"key":"Bottled Flame"},{"floor":43,"key":"Anchor"},{"floor":44,"key":"Meat on the Bone"}],"event_choices":[{"damage_healed":0,"gold_gain":0,"player_choice":"Donut","damage_taken":0,"max_hp_gain":5,"max_hp_loss":0,"event_name":"Big Fish","floor":2,"gold_loss":0},{"damage_healed":0,"gold_gain":0,"player_choice":"Grow","damage_taken":0,"max_hp_gain":0,"max_hp_loss":0,"event_name":"Living Wall","floor":4,"gold_loss":0,"cards_upgraded":["Shockwave"]},{"damage_healed":0,"gold_gain":0,"player_choice":"Fought Mushrooms","damage_taken":0,"max_hp_gain":0,"max_hp_loss":0,"event_name":"Mushrooms","floor":13,"gold_loss":0},{"damage_healed":0,"gold_gain":0,"player_choice":"Upgraded","damage_taken":0,"max_hp_gain":0,"max_hp_loss":0,"event_name":"Upgrade Shrine","floor":28,"gold_loss":0,"cards_upgraded":["Bludgeon"]},{"damage_healed":0,"gold_gain":0,"player_choice":"Ignored","damage_taken":0,"max_hp_gain":0,"max_hp_loss":0,"event_name":"Vampires","floor":31,"gold_loss":0},{"cards_removed":["Cleave"],"damage_healed":0,"gold_gain":0,"player_choice":"Removed Attack","damage_taken":0,"max_hp_gain":0,"max_hp_loss":0,"event_name":"Falling","floor":36,"gold_loss":0},{"damage_healed":0,"gold_gain":0,"player_choice":"Paid","damage_taken":0,"relics_obtained":["Red Mask"],"max_hp_gain":0,"max_hp_loss":0,"event_name":"Tomb of Lord Red Mask","floor":38,"gold_loss":53},{"damage_healed":0,"gold_gain":275,"player_choice":"Desecrate","damage_taken":0,"max_hp_gain":0,"max_hp_loss":0,"event_name":"Golden Shrine","floor":46,"gold_loss":0,"cards_obtained":["Regret"]}],"is_beta":false,"boss_relics":[{"not_picked":["White Beast Statue","Empty Cage"],"picked":"Pandora\u0027s Box"},{"not_picked":["Busted Crown","Sozu"],"picked":"Mark of Pain"}],"items_purged_floors":[20,37],"is_endless":false,"potions_floor_spawned":[3,5,10,12,19,23,33,35,40,44,45],"killed_by":"Awakened One","ascension_level":20}