{"gold_per_floor":[115,115,134,154,170,170,195,210,262,262,289,300,322,338,338,410,410,421,21,34,34,34,66,66,66,66,96,113,129,145,162,162,235,235,249,269,86,86,98,98,98],"floor_reached":41,"playtime":2071,"items_purged":["Strike_R","Anger"],"score":805,"play_id":"d3dc0f23-d80a-432b-85c5-f1c0fa612f99","local_time":"20190709005148","is_ascension_mode":true,"campfire_choices":[{"data":"Blood for Blood","floor":6.0,"key":"SMITH"},{"data":"True Grit","floor":10.0,"key":"SMITH"},{"data":"Disarm","floor":15.0,"key":"SMITH"},{"data":"Armaments","floor":25.0,"key":"SMITH"},{"data":"Feel No Pain","floor":32.0,"key":"SMITH"},{"data":"Barricade","floor":40.0,"key":"SMITH"}],"neow_cost":"","seed_source_timestamp":0,"circlet_count":0,"master_deck":["AscendersBane","Bash","Dual Wield+1","Battle Trance+1","Hemokinesis+1","True Grit+1","Blood for Blood+1","Cleave","Power Through","Brutality","Disarm+1","Sever Soul","Flame Barrier","Armaments+1","Shrug It Off","Feel No Pain+1","Second Wind+1","Reaper","Barricade+1","Evolve","Dropkick","Pommel Strike","Power Through"],"special_seed":0,"relics":["Burning Blood","Astrolabe","Anchor","Juzu Bracelet","Kunai","Odd Mushroom","Velvet Choker","OrangePellets","Ancient Tea Set","Paper Frog","Ginger","Pandora\u0027s Box"],"potions_floor_usage":[],"damage_taken":[{"damage":3.0,"enemies":"2 Louse","floor":1.0,"turns":3.0},{"damage":6.0,"enemies":"Jaw Worm","floor":3.0,"turns":2.0},{"damage":4.0,"enemies":"Small Slimes","floor":4.0,"turns":2.0},{"damage":18.0,"enemies":"Exordium Thugs","floor":5.0,"turns":5.0},{"damage":18.0,"enemies":"Gremlin Nob","floor":7.0,"turns":3.0},{"damage":2.0,"enemies":"2 Fungi Beasts","floor":8.0,"turns":2.0},{"damage":12.0,"enemies":"3 Sentries","floor":11.0,"turns":5.0},{"damage":4.0,"enemies":"Red Slaver","floor":12.0,"turns":6.0},{"damage":2.0,"enemies":"The Mushroom Lair","floor":13.0,"turns":4.0},{"damage":2.0,"enemies":"Large Slime","floor":14.0,"turns":4.0},{"damage":25.0,"enemies":"The Guardian","floor":16.0,"turns":7.0},{"damage":18.0,"enemies":"Shell Parasite","floor":18.0,"turns":6.0},{"damage":6.0,"enemies":"2 Thieves","floor":20.0,"turns":4.0},{"damage":17.0,"enemies":"Book of Stabbing","floor":23.0,"turns":4.0},{"damage":6.0,"enemies":"Gremlin Leader","floor":27.0,"turns":5.0},{"damage":6.0,"enemies":"Snecko","floor":28.0,"turns":5.0},{"damage":7.0,"enemies":"Cultist and Chosen","floor":29.0,"turns":5.0},{"damage":16.0,"enemies":"Shelled Parasite and Fungi","floor":30.0,"turns":4.0},{"damage":34.0,"enemies":"Sentry and Sphere","floor":31.0,"turns":6.0},{"damage":34.0,"enemies":"Collector","floor":33.0,"turns":15.0},{"damage":2.0,"enemies":"3 Shapes","floor":35.0,"turns":4.0},{"damage":3.0,"enemies":"Orb Walker","floor":36.0,"turns":3.0},{"damage":12.0,"enemies":"Writhing Mass","floor":39.0,"turns":12.0},{"damage":34,"enemies":"Giant Head","floor":41,"turns":10}],"seed_played":"-6737922004279511931","potions_obtained":[{"floor":8.0,"key":"EssenceOfSteel"},{"floor":11.0,"key":"BloodPotion"},{"floor":18.0,"key":"Explosive Potion"},{"floor":20.0,"key":"SkillPotion"},{"floor":28.0,"key":"Energy Potion"},{"floor":33.0,"key":"Fire Potion"},{"floor":35.0,"key":"Block Potion"}],"is_trial":true,"path_per_floor":["M","?","M","M","M","R","E","M","T","R","E","M","?","M","R","B",null,"M","$","M","$","?","E","?","R","T","E","M","M","M","M","R","B",null,"M","M","$","?","M","R","E"],"character_chosen":"IRONCLAD","items_purchased":["Shrug It Off","Feel No Pain","OrangePellets","Power Through"],"campfire_rested":0,"item_purchase_floors":[19,19,19,37],"current_hp_per_floor":[71,64,64,66,54,54,42,46,46,46,40,42,46,50,50,31,64,70,70,74,74,74,64,50,55,55,55,76,80,70,46,46,29,67,80,80,80,80,80,80,46],"gold":98,"neow_bonus":"","is_prod":false,"is_daily":false,"chose_seed":false,"campfire_upgraded":6,"win_rate":0,"timestamp":1562601108,"path_taken":["M","?","M","M","M","R","E","M","T","R","E","M","?","M","R","BOSS","M","$","M","$","?","E","?","R","T","E","M","M","M","M","R","BOSS","M","M","$","?","M","R","E"],"build_version":"2019-07-05","purchased_purges":2,"victory":false,"max_hp_per_floor":[75,75,75,75,75,75,75,75,75,75,75,75,75,75,75,75,75,75,75,75,75,75,75,75,80,80,80,80,80,80,80,80,80,80,80,80,80,80,80,80,80],"card_choices":[{"not_picked":["Iron Wave","Heavy Blade"],"picked":"True Grit","floor":1.0},{"not_picked":["True Grit","Clash"],"picked":"Blood for Blood","floor":3.0},{"not_picked":["Wild Strike","Shockwave"],"picked":"Cleave","floor":4.0},{"not_picked":["Perfected Strike","Sword Boomerang"],"picked":"Power Through","floor":5.0},{"not_picked":["Entrench","Headbutt"],"picked":"Brutality","floor":7.0},{"not_picked":["Headbutt","Heavy Blade"],"picked":"Disarm","floor":8.0},{"not_picked":["Reckless Charge","Heavy Blade"],"picked":"Sever Soul","floor":11.0},{"not_picked":["Power Through","Sword Boomerang"],"picked":"Flame Barrier","floor":12.0},{"not_picked":["Shrug It Off","Wild Strike"],"picked":"Anger","floor":14.0},{"not_picked":["Brutality","Double Tap"],"picked":"Reaper","floor":16.0},{"not_picked":["Rampage","Cleave"],"picked":"Armaments","floor":18.0},{"not_picked":["Perfected Strike","Power Through","Sever Soul"],"picked":"SKIP","floor":20.0},{"not_picked":["Combust","Infernal Blade","Sword Boomerang"],"picked":"SKIP","floor":23.0},{"not_picked":["Sentinel","Double Tap","Perfected Strike"],"picked":"SKIP","floor":27.0},{"not_picked":["Pommel Strike","Dropkick","Flex"],"picked":"SKIP","floor":28.0},{"not_picked":["Clash","Dual Wield","Iron Wave"],"picked":"SKIP","floor":29.0},{"not_picked":["Wild Strike","Flex+1"],"picked":"Second Wind+1","floor":30.0},{"not_picked":["Headbutt","Flex","Rampage"],"picked":"SKIP","floor":31.0},{"not_picked":["Bludgeon","Limit Break"],"picked":"Reaper","floor":33.0},{"not_picked":["Perfected Strike","Iron Wave","Armaments"],"picked":"SKIP","floor":35.0},{"not_picked":["True Grit","Pommel Strike","Flex"],"picked":"SKIP","floor":36.0},{"not_picked":["Pummel","Thunderclap","Headbutt"],"picked":"SKIP","floor":39.0}],"player_experience":192114,"relics_obtained":[{"floor":7.0,"key":"Anchor"},{"floor":9.0,"key":"Juzu Bracelet"},{"floor":11.0,"key":"Kunai"},{"floor":13.0,"key":"Odd Mushroom"},{"floor":23.0,"key":"Ancient Tea Set"},{"floor":26.0,"key":"Paper Frog"},{"floor":27.0,"key":"Ginger"}],"event_choices":[{"cards_removed":["Strike_R"],"damage_healed":0.0,"max_hp_gain":0.0,"max_hp_loss":0.0,"gold_gain":0.0,"event_name":"Golden Wing","player_choice":"Card Removal","floor":2.0,"gold_loss":0.0,"damage_taken":7.0},{"damage_healed":0.0,"max_hp_gain":0.0,"max_hp_loss":0.0,"gold_gain":0.0,"event_name":"Mushrooms","player_choice":"Fought Mushrooms","floor":13.0,"gold_loss":0.0,"damage_taken":0.0},{"damage_healed":0.0,"max_hp_gain":0.0,"max_hp_loss":0.0,"gold_gain":0.0,"event_name":"Knowing Skull","player_choice":"POTION ","floor":24.0,"potions_obtained":["Fruit Juice"],"gold_loss":0.0,"damage_taken":14.0,"cards_obtained":[]},{"cards_removed":["Reaper"],"damage_healed":0.0,"max_hp_gain":0.0,"max_hp_loss":0.0,"gold_gain":0.0,"event_name":"Falling","player_choice":"Removed Attack","floor":38.0,"gold_loss":0.0,"damage_taken":0.0}],"is_beta":false,"boss_relics":[{"not_picked":["Runic Cube","Snecko Eye"],"picked":"Velvet Choker"},{"not_picked":["Black Star","Philosopher\u0027s Stone"],"picked":"Pandora\u0027s Box"}],"items_purged_floors":[19,37],"is_endless":false,"potions_floor_spawned":[8,11,13,14,16,18,20,28,30,33,35],"killed_by":"Giant Head","ascension_level":16}