{"gold_per_floor":[110,110,121,69,89,89,99,128,183,183,199,213,240,255,255,357,357,377,34,48,66,4,4,34,34,113,55,89,89,109,122,122,219,219,239,9,9,20,31,31,56,56,56,68,80,80,93,109,109,109],"floor_reached":51,"playtime":6639,"items_purged":[],"score":1003,"play_id":"a28d8ecc-b67d-434f-b890-db0407da998a","local_time":"20190712092940","is_ascension_mode":true,"campfire_choices":[{"data":"Predator","floor":6.0,"key":"SMITH"},{"data":"Predator","floor":10.0,"key":"SMITH"},{"floor":15.0,"key":"REST"},{"data":"After Image","floor":23.0,"key":"SMITH"},{"data":"Eviscerate","floor":25.0,"key":"SMITH"},{"data":"1","floor":29.0,"key":"LIFT"},{"data":"2","floor":32.0,"key":"LIFT"},{"floor":40.0,"key":"REST"},{"floor":42.0,"key":"REST"},{"floor":46.0,"key":"REST"},{"data":"3","floor":49,"key":"LIFT"}],"neow_cost":"NONE","seed_source_timestamp":181690030346547,"circlet_count":0,"master_deck":["Strike_G+1","Strike_G","Strike_G","Strike_G","Defend_G","Defend_G","Defend_G","Defend_G+1","Defend_G","Survivor","Neutralize","Acrobatics","Malaise+1","Predator+1","Predator+1","Riddle With Holes","Choke+1","Flying Knee","Malaise+1","Eviscerate+1","After Image+1","Dodge and Roll+1","Dodge and Roll+1","Predator+1","Quick Slash+1","Footwork","Discovery+1","Footwork","Choke+1","Backstab+1","Catalyst+1","Bouncing Flask+1","Bullet Time+1","Predator+1","Riddle With Holes+1","Finisher+1","After Image+1","Dodge and Roll+1","Parasite","Dash+1","Crippling Poison+1","Bouncing Flask+1","Footwork+1"],"special_seed":0,"relics":["Snecko Eye","Toxic Egg 2","Potion Belt","War Paint","Philosopher\u0027s Stone","Membership Card","Molten Egg 2","Art of War","Darkstone Periapt","Girya","Fusion Hammer","Bronze Scales","Strawberry","Whetstone","Tough Bandages"],"potions_floor_usage":[48,50,50,50],"damage_taken":[{"damage":0.0,"enemies":"Small Slimes","floor":1.0,"turns":3.0},{"damage":13.0,"enemies":"Cultist","floor":3.0,"turns":6.0},{"damage":0.0,"enemies":"2 Louse","floor":5.0,"turns":3.0},{"damage":0.0,"enemies":"Exordium Thugs","floor":7.0,"turns":4.0},{"damage":0.0,"enemies":"Gremlin Nob","floor":8.0,"turns":3.0},{"damage":0.0,"enemies":"Red Slaver","floor":11.0,"turns":1.0},{"damage":0.0,"enemies":"Blue Slaver","floor":12.0,"turns":3.0},{"damage":12.0,"enemies":"Lagavulin","floor":13.0,"turns":4.0},{"damage":0.0,"enemies":"3 Louse","floor":14.0,"turns":2.0},{"damage":3.0,"enemies":"The Guardian","floor":16.0,"turns":8.0},{"damage":5.0,"enemies":"Shell Parasite","floor":18.0,"turns":4.0},{"damage":0.0,"enemies":"3 Byrds","floor":20.0,"turns":6.0},{"damage":0.0,"enemies":"Snake Plant","floor":21.0,"turns":2.0},{"damage":0.0,"enemies":"Book of Stabbing","floor":24.0,"turns":4.0},{"damage":2.0,"enemies":"Gremlin Leader","floor":28.0,"turns":4.0},{"damage":0.0,"enemies":"Centurion and Healer","floor":30.0,"turns":4.0},{"damage":0.0,"enemies":"Sentry and Sphere","floor":31.0,"turns":2.0},{"damage":45.0,"enemies":"Collector","floor":33.0,"turns":13.0},{"damage":30.0,"enemies":"3 Darklings","floor":35.0,"turns":3.0},{"damage":3.0,"enemies":"3 Shapes","floor":38.0,"turns":3.0},{"damage":2.0,"enemies":"Writhing Mass","floor":39.0,"turns":4.0},{"damage":36.0,"enemies":"Nemesis","floor":41.0,"turns":5.0},{"damage":0.0,"enemies":"4 Shapes","floor":44.0,"turns":3.0},{"damage":2.0,"enemies":"Jaw Worm Horde","floor":45.0,"turns":3.0},{"damage":3.0,"enemies":"Sphere and 2 Shapes","floor":47.0,"turns":3.0},{"damage":21,"enemies":"Writhing Mass","floor":48,"turns":4},{"damage":15,"enemies":"Donu and Deca","floor":50,"turns":7}],"seed_played":"-6558876701745220358","potions_obtained":[{"floor":5.0,"key":"Fire Potion"},{"floor":7.0,"key":"SpeedPotion"},{"floor":11.0,"key":"GhostInAJar"},{"floor":13.0,"key":"Energy Potion"},{"floor":14.0,"key":"Weak Potion"},{"floor":16.0,"key":"Fire Potion"},{"floor":20.0,"key":"Regen Potion"},{"floor":24.0,"key":"FearPotion"},{"floor":31.0,"key":"Strength Potion"},{"floor":33.0,"key":"SpeedPotion"},{"floor":38.0,"key":"SteroidPotion"},{"floor":44.0,"key":"Energy Potion"},{"floor":45.0,"key":"Regen Potion"}],"is_trial":false,"path_per_floor":["M","?","M","$","M","R","M","E","T","R","M","M","E","M","R","B",null,"M","$","M","M","$","R","E","R","T","$","E","R","M","M","R","B",null,"M","$","?","M","M","R","E","R","T","M","M","R","M","M","R","B",null],"character_chosen":"THE_SILENT","items_purchased":["Strength Potion","Membership Card","Dodge and Roll+1","Molten Egg 2","Footwork","Discovery+1","Footwork","Choke+1","Bronze Scales","Riddle With Holes+1","Finisher+1","Strawberry"],"campfire_rested":4,"item_purchase_floors":[4,19,19,19,22,22,27,27,36,36,36,36],"current_hp_per_floor":[63,63,50,50,50,50,50,50,50,50,50,50,38,38,59,56,67,62,62,62,62,62,62,62,62,62,62,60,60,60,60,60,15,56,35,42,42,39,43,67,31,55,55,55,53,77,74,67,67,52],"gold":109,"neow_bonus":"BOSS_RELIC","is_prod":false,"is_daily":false,"chose_seed":false,"campfire_upgraded":4,"win_rate":0,"timestamp":1562938180,"path_taken":["M","?","M","$","M","R","?","E","T","R","M","M","E","M","R","BOSS","M","?","?","M","$","R","E","R","T","?","E","R","M","M","R","BOSS","M","$","?","M","M","R","E","R","T","M","?","R","M","M","R","BOSS"],"build_version":"2019-07-05","purchased_purges":0,"victory":true,"max_hp_per_floor":[70,70,70,70,70,70,70,70,70,70,70,70,70,70,70,70,70,70,70,70,70,70,70,70,70,70,70,70,70,70,70,70,70,70,70,77,77,77,83,83,83,83,83,83,83,83,83,83,83,83],"card_choices":[{"not_picked":["PiercingWail","Prepared"],"picked":"Acrobatics","floor":1.0},{"not_picked":["Catalyst","Infinite Blades"],"picked":"Predator","floor":3.0},{"not_picked":["Blade Dance","Infinite Blades"],"picked":"Predator","floor":5.0},{"not_picked":["Dagger Throw","Cloak And Dagger"],"picked":"Riddle With Holes","floor":7.0},{"not_picked":["Accuracy","Prepared"],"picked":"Choke","floor":8.0},{"not_picked":["Dagger Spray","Underhanded Strike","Deflect+1"],"picked":"SKIP","floor":11.0},{"not_picked":["Reflex+1","Prepared+1"],"picked":"Flying Knee","floor":12.0},{"not_picked":["Blur+1","Heel Hook"],"picked":"Malaise+1","floor":13.0},{"not_picked":["Concentrate+1","Flying Knee"],"picked":"Eviscerate","floor":14.0},{"not_picked":["Unload","Corpse Explosion+1"],"picked":"After Image","floor":16.0},{"not_picked":["Blur+1","Distraction+1"],"picked":"Dodge and Roll+1","floor":18.0},{"not_picked":["Skewer+1","Quick Slash+1"],"picked":"Predator+1","floor":20.0},{"not_picked":["Calculated Gamble+1","Outmaneuver+1"],"picked":"Quick Slash+1","floor":21.0},{"not_picked":["Prepared+1","Expertise+1","Quick Slash+1"],"picked":"SKIP","floor":24.0},{"not_picked":["Prepared+1","Malaise+1"],"picked":"Backstab+1","floor":28.0},{"not_picked":["Concentrate+1","Backstab+1"],"picked":"Catalyst+1","floor":30.0},{"not_picked":["Dodge and Roll+1","Well Laid Plans"],"picked":"Bouncing Flask+1","floor":31.0},{"not_picked":["A Thousand Cuts","Glass Knife+1"],"picked":"Bullet Time+1","floor":33.0},{"not_picked":["Dagger Throw+1","Skewer+1"],"picked":"Predator+1","floor":35.0},{"not_picked":["Distraction+1","Quick Slash+1"],"picked":"Dodge and Roll+1","floor":38.0},{"not_picked":["Quick Slash+1","Infinite Blades"],"picked":"Dash+1","floor":39.0},{"not_picked":["Slice+1","Outmaneuver+1"],"picked":"Crippling Poison+1","floor":41.0},{"not_picked":["Dagger Throw+1","Poisoned Stab+1","Concentrate+1"],"picked":"SKIP","floor":44.0},{"not_picked":["Reflex+1","Escape Plan+1","Prepared+1"],"picked":"SKIP","floor":45.0},{"not_picked":["Deflect+1","Slice+1"],"picked":"Bouncing Flask+1","floor":47.0},{"not_picked":["Escape Plan+1","Quick Slash+1"],"picked":"Footwork+1","floor":48}],"player_experience":476330,"relics_obtained":[{"floor":8.0,"key":"Toxic Egg 2"},{"floor":9.0,"key":"Potion Belt"},{"floor":13.0,"key":"War Paint"},{"floor":24.0,"key":"Art of War"},{"floor":26.0,"key":"Darkstone Periapt"},{"floor":28.0,"key":"Girya"},{"floor":41.0,"key":"Whetstone"},{"floor":43.0,"key":"Tough Bandages"}],"event_choices":[{"damage_healed":0.0,"max_hp_gain":0.0,"max_hp_loss":0.0,"gold_gain":0.0,"cards_transformed":["Strike_G"],"event_name":"Transmorgrifier","player_choice":"Transformed","floor":2.0,"gold_loss":0.0,"damage_taken":0.0,"cards_obtained":["Malaise"]},{"damage_healed":0.0,"max_hp_gain":0.0,"max_hp_loss":0.0,"gold_gain":0.0,"event_name":"Duplicator","player_choice":"Copied","floor":37.0,"gold_loss":0.0,"damage_taken":0.0,"cards_obtained":["After Image"]}],"is_beta":false,"boss_relics":[{"not_picked":["Calling Bell","Lizard Tail"],"picked":"Philosopher\u0027s Stone"},{"not_picked":["Black Star","Busted Crown"],"picked":"Fusion Hammer"}],"items_purged_floors":[],"is_endless":false,"potions_floor_spawned":[5,7,11,13,14,16,20,24,31,33,38,44,45],"ascension_level":6}