{"gold_per_floor":[117,117,42,18,18,18,32,32,56,56,56,56,75,93,93,214,214,232,232,252,96,119,150,150,150,174,185,200,200,212,60,60,162,162,180,192,192,204,249,249,249,268,345,121,121,76,94,106,106,106],"floor_reached":51,"playtime":4614,"items_purged":["Injury","Pain"],"score":687,"play_id":"c3e2f506-6f2e-4ca7-bc30-ce17459cdd45","local_time":"20190702002127","is_ascension_mode":false,"campfire_choices":[{"data":"Bash","floor":6,"key":"SMITH"},{"data":"Headbutt","floor":12,"key":"SMITH"},{"data":"Flame Barrier","floor":15,"key":"SMITH"},{"floor":29,"key":"REST"},{"data":"Heavy Blade","floor":32,"key":"SMITH"},{"floor":40,"key":"REST"},{"data":"Impervious","floor":45,"key":"SMITH"},{"data":"Perfected Strike","floor":49,"key":"SMITH"}],"neow_cost":"CURSE","seed_source_timestamp":16541359661830,"circlet_count":0,"master_deck":["Strike_R","Strike_R","Strike_R","Strike_R","Strike_R","Defend_R","Defend_R","Defend_R","Defend_R","Bash+1","Headbutt+1","Flame Barrier+1","Cleave","Reaper","Heavy Blade+1","J.A.X.","Sword Boomerang","Impervious+1","Clothesline","Juggernaut","Perfected Strike+1","Wild Strike","Shockwave+1","Perfected Strike+1","Barricade","Armaments+1","Thunderclap+1","Dark Shackles","Heavy Blade+1","Heavy Blade","Dual Wield+1","Body Slam","Shockwave","Heavy Blade","Disarm","Headbutt"],"relics":["Burning Blood","Bloody Idol","Matryoshka","Boot","Lantern","Bag of Preparation","Pantograph","Snecko Eye","Red Mask","WarpedTongs","Oddly Smooth Stone","Lizard Tail","Charon\u0027s Ashes","Gremlin Horn","Meat on the Bone"],"potions_floor_usage":[16,16,16,33,33,33,38,50,50,50,50,50],"damage_taken":[{"damage":7,"enemies":"Small Slimes","floor":1,"turns":5},{"damage":0,"enemies":"2 Louse","floor":7,"turns":2},{"damage":1,"enemies":"Cultist","floor":13,"turns":3},{"damage":2,"enemies":"Exordium Wildlife","floor":14,"turns":4},{"damage":48,"enemies":"Slime Boss","floor":16,"turns":10},{"damage":0,"enemies":"Shell Parasite","floor":18,"turns":3},{"damage":3,"enemies":"Chosen","floor":20,"turns":3},{"damage":6,"enemies":"Snake Plant","floor":22,"turns":2},{"damage":20,"enemies":"Masked Bandits","floor":23,"turns":4},{"damage":24,"enemies":"Sentry and Sphere","floor":27,"turns":4},{"damage":15,"enemies":"Snecko","floor":28,"turns":3},{"damage":8,"enemies":"Centurion and Healer","floor":30,"turns":4},{"damage":45,"enemies":"Champ","floor":33,"turns":9},{"damage":17,"enemies":"3 Shapes","floor":35,"turns":3},{"damage":10,"enemies":"Orb Walker","floor":36,"turns":2},{"damage":38,"enemies":"Transient","floor":38,"turns":5},{"damage":95,"enemies":"2 Orb Walkers","floor":39,"turns":7},{"damage":0,"enemies":"Maw","floor":42,"turns":8},{"damage":3,"enemies":"Spire Growth","floor":47,"turns":3},{"damage":9,"enemies":"Writhing Mass","floor":48,"turns":6},{"damage":52,"enemies":"Awakened One","floor":50,"turns":12}],"seed_played":"-1741172635895309212","potions_obtained":[{"floor":1,"key":"LiquidBronze"},{"floor":7,"key":"Block Potion"},{"floor":13,"key":"Regen Potion"},{"floor":18,"key":"SpeedPotion"},{"floor":27,"key":"AttackPotion"},{"floor":28,"key":"PowerPotion"},{"floor":35,"key":"AttackPotion"},{"floor":39,"key":"SkillPotion"},{"floor":47,"key":"EntropicBrew"}],"is_trial":false,"path_per_floor":["M","?","$","?","?","R","M","$","T","?","T","R","M","M","R","B",null,"M","?","M","$","M","?","?","?","T","M","M","R","M","$","R","B",null,"M","M","?","M","?","R","T","M","T","$","R","$","M","M","R","B",null],"character_chosen":"IRONCLAD","items_purchased":["Impervious","Perfected Strike","Body Slam","Shockwave","Explosive Potion","Block Potion","Heavy Blade"],"campfire_rested":2,"item_purchase_floors":[21,31,44,44,44,44,46],"current_hp_per_floor":[95,95,95,95,95,95,96,96,96,96,96,96,96,96,96,66,96,96,96,96,96,96,82,82,82,87,74,70,96,96,96,96,71,96,90,91,91,64,59,87,87,96,96,96,96,96,96,96,96,79],"gold":106,"neow_bonus":"TWENTY_PERCENT_HP_BONUS","is_prod":false,"is_daily":false,"chose_seed":false,"campfire_upgraded":6,"win_rate":0.0,"timestamp":1562023287,"path_taken":["M","?","$","?","?","R","?","$","T","?","?","R","M","M","R","BOSS","M","?","M","?","M","?","?","?","T","M","M","R","?","?","R","BOSS","M","M","?","M","?","R","?","?","T","?","R","$","M","M","R","BOSS"],"build_version":"2019-07-01","purchased_purges":2,"victory":true,"max_hp_per_floor":[96,96,96,96,96,96,96,96,96,96,96,96,96,96,96,96,96,96,96,96,96,96,96,96,96,96,96,96,96,96,96,96,96,96,96,96,96,96,96,96,96,96,96,96,96,96,96,96,96,96],"card_choices":[{"not_picked":["Metallicize","Pommel Strike"],"picked":"Anger","floor":1},{"not_picked":["Wild Strike","True Grit"],"picked":"Headbutt","floor":7},{"not_picked":["Headbutt","Sever Soul"],"picked":"Flame Barrier","floor":13},{"not_picked":["Thunderclap","Fire Breathing"],"picked":"Cleave","floor":14},{"not_picked":["Juggernaut","Double Tap"],"picked":"Reaper","floor":16},{"not_picked":["Clothesline+1","Thunderclap"],"picked":"Heavy Blade","floor":18},{"not_picked":["Anger","Flex"],"picked":"Sword Boomerang","floor":20},{"not_picked":["Entrench","Headbutt"],"picked":"Clothesline","floor":22},{"not_picked":["Clothesline+1","Battle Trance"],"picked":"Juggernaut","floor":23},{"not_picked":["Uppercut","Warcry"],"picked":"Perfected Strike+1","floor":27},{"not_picked":["Flex+1","True Grit+1"],"picked":"Wild Strike","floor":28},{"not_picked":["Shrug It Off+1","True Grit+1"],"picked":"Shockwave+1","floor":30},{"not_picked":["Brutality","Double Tap"],"picked":"Barricade","floor":33},{"not_picked":["True Grit","Inflame"],"picked":"Armaments+1","floor":35},{"not_picked":["Second Wind","Metallicize"],"picked":"Thunderclap+1","floor":36},{"not_picked":["Trip","Forethought"],"picked":"Dark Shackles","floor":37},{"not_picked":["Flex","Thunderclap+1"],"picked":"Heavy Blade+1","floor":38},{"not_picked":["Clothesline+1","Searing Blow+1"],"picked":"Heavy Blade","floor":39},{"not_picked":["Seeing Red+1","Infernal Blade"],"picked":"Dual Wield+1","floor":42},{"not_picked":["True Grit","Flex+1"],"picked":"Disarm","floor":47},{"not_picked":["Thunderclap","Juggernaut"],"picked":"Headbutt","floor":48}],"player_experience":27125,"relics_obtained":[{"floor":9,"key":"Boot"},{"floor":9,"key":"Lantern"},{"floor":11,"key":"Bag of Preparation"},{"floor":11,"key":"Pantograph"},{"floor":23,"key":"Red Mask"},{"floor":26,"key":"Oddly Smooth Stone"},{"floor":39,"key":"Charon\u0027s Ashes"},{"floor":41,"key":"Gremlin Horn"},{"floor":43,"key":"Meat on the Bone"}],"event_choices":[{"damage_healed":0,"gold_gain":0,"player_choice":"Take Wound","damage_taken":0,"relics_obtained":["Golden Idol"],"max_hp_gain":0,"max_hp_loss":0,"event_name":"Golden Idol","floor":2,"gold_loss":0,"cards_obtained":["Injury"]},{"damage_healed":0,"gold_gain":0,"player_choice":"Left Gold","damage_taken":0,"max_hp_gain":0,"max_hp_loss":0,"event_name":"World of Goop","floor":4,"gold_loss":24},{"cards_removed":["Anger"],"damage_healed":0,"gold_gain":0,"player_choice":"Gave Card","damage_taken":0,"relics_obtained":["Matryoshka"],"max_hp_gain":0,"max_hp_loss":0,"event_name":"WeMeetAgain","floor":5,"gold_loss":0},{"cards_removed":["Clumsy"],"damage_healed":0,"gold_gain":0,"player_choice":"Forget","damage_taken":0,"max_hp_gain":0,"max_hp_loss":0,"event_name":"Living Wall","floor":10,"gold_loss":0},{"damage_healed":0,"gold_gain":0,"player_choice":"Obtain J.A.X.","damage_taken":0,"max_hp_gain":0,"max_hp_loss":0,"event_name":"Drug Dealer","floor":19,"gold_loss":0,"cards_obtained":["J.A.X."]},{"damage_healed":0,"gold_gain":0,"player_choice":"Fought Bandits","damage_taken":0,"max_hp_gain":0,"max_hp_loss":0,"event_name":"Masked Bandits","floor":23,"gold_loss":0},{"damage_healed":0,"gold_gain":0,"player_choice":"Gave Idol","damage_taken":0,"relics_obtained":["Bloody Idol"],"max_hp_gain":0,"max_hp_loss":0,"event_name":"Forgotten Altar","floor":24,"relics_lost":["Golden Idol"],"gold_loss":0},{"damage_healed":0,"gold_gain":0,"player_choice":"Rummage","damage_taken":0,"relics_obtained":["WarpedTongs"],"max_hp_gain":0,"max_hp_loss":0,"event_name":"Accursed Blacksmith","floor":25,"gold_loss":0,"cards_obtained":["Pain"]},{"damage_healed":0,"gold_gain":0,"player_choice":"Memory 1","damage_taken":0,"max_hp_gain":0,"max_hp_loss":0,"event_name":"SensoryStone","floor":37,"gold_loss":0},{"damage_healed":0,"gold_gain":0,"player_choice":"Fight","damage_taken":0,"max_hp_gain":0,"max_hp_loss":0,"event_name":"Mysterious Sphere","floor":39,"gold_loss":0}],"is_beta":false,"boss_relics":[{"not_picked":["Runic Cube","Coffee Dripper"],"picked":"Snecko Eye"},{"not_picked":["Runic Dome","Cursed Key"],"picked":"Lizard Tail"}],"items_purged_floors":[3,31],"is_endless":false,"potions_floor_spawned":[1,7,13,18,27,28,30,35,39,47],"ascension_level":0}