{"gold_per_floor":[15,15,35,35,35,35,68,68,93,109,109,152,172,207,207,296,296,310,331,39,59,334,359,359],"floor_reached":24,"playtime":870,"items_purged":[],"score":482,"play_id":"293fe65f-8108-437e-8a42-500ea6b41ee0","local_time":"20190702011454","is_ascension_mode":true,"campfire_choices":[{"data":"Sweeping Beam","floor":6,"key":"SMITH"},{"data":"Zap","floor":8,"key":"SMITH"},{"floor":11,"key":"REST"},{"data":"Defragment","floor":15,"key":"SMITH"}],"neow_cost":"NO_GOLD","seed_source_timestamp":656274869279596,"circlet_count":0,"master_deck":["AscendersBane","Strike_B","Strike_B","Defend_B","Defend_B","Defend_B","Defend_B","Zap+1","Dualcast","Sweeping Beam+1","Conserve Battery","Ball Lightning","Cold Snap","Defragment+1","Melter","All For One","Buffer","Gash","Reinforced Body","Biased Cognition","Conserve Battery+1","Static Discharge","Sweeping Beam+1","Regret"],"relics":["Cracked Core","Golden Idol","Blood Vial","Du-Vu Doll","Centennial Puzzle","Prayer Wheel","Vajra","Philosopher\u0027s Stone","Lee\u0027s Waffle"],"potions_floor_usage":[14,19,23,23,24],"damage_taken":[{"damage":7,"enemies":"Small Slimes","floor":1,"turns":4},{"damage":0,"enemies":"2 Louse","floor":3,"turns":1},{"damage":35,"enemies":"3 Sentries","floor":7,"turns":7},{"damage":0,"enemies":"Cultist","floor":10,"turns":3},{"damage":16,"enemies":"Lagavulin","floor":12,"turns":6},{"damage":1,"enemies":"Looter","floor":13,"turns":3},{"damage":0,"enemies":"Gremlin Nob","floor":14,"turns":2},{"damage":8,"enemies":"The Guardian","floor":16,"turns":10},{"damage":19,"enemies":"Chosen","floor":18,"turns":4},{"damage":9,"enemies":"3 Byrds","floor":19,"turns":2},{"damage":44,"enemies":"Shelled Parasite and Fungi","floor":21,"turns":4},{"damage":15,"enemies":"Centurion and Healer","floor":23,"turns":4},{"damage":22,"enemies":"Slavers","floor":24,"turns":2}],"seed_played":"-8961804723408884902","potions_obtained":[{"floor":7,"key":"Dexterity Potion"},{"floor":10,"key":"LiquidBronze"},{"floor":12,"key":"Poison Potion"},{"floor":13,"key":"PowerPotion"},{"floor":16,"key":"SkillPotion"},{"floor":19,"key":"Fire Potion"},{"floor":23,"key":"AttackPotion"}],"is_trial":false,"path_per_floor":["M","?","M","?","?","R","E","R","T","M","R","E","M","E","R","B",null,"M","M","$","M","?","M","E"],"character_chosen":"DEFECT","items_purchased":["Lee\u0027s Waffle","Static Discharge"],"campfire_rested":1,"item_purchase_floors":[20,20],"current_hp_per_floor":[57,57,57,62,57,57,24,24,24,26,46,32,33,35,35,29,59,42,35,76,32,32,19,0],"gold":359,"neow_bonus":"REMOVE_TWO","is_prod":false,"is_daily":false,"chose_seed":false,"campfire_upgraded":3,"win_rate":0,"timestamp":1562048094,"path_taken":["M","?","M","?","?","R","E","R","T","M","R","E","M","E","R","BOSS","M","M","$","M","?","?","E"],"build_version":"2019-06-30","purchased_purges":0,"victory":false,"max_hp_per_floor":[71,64,64,69,69,69,69,69,69,69,69,69,69,69,69,69,69,69,69,76,76,76,76,76],"card_choices":[{"not_picked":["Gash","Conserve Battery"],"picked":"Sweeping Beam","floor":1},{"not_picked":["Undo","Steam Power"],"picked":"Conserve Battery","floor":3},{"not_picked":["Rebound","Compile Driver"],"picked":"Ball Lightning","floor":7},{"not_picked":["Auto Shields","Stack"],"picked":"Cold Snap","floor":10},{"not_picked":["Turbo","Reprogram"],"picked":"Defragment","floor":12},{"not_picked":["Tempest","Doom and Gloom"],"picked":"Melter","floor":13},{"not_picked":["Beam Cell","Hello World","Storm"],"picked":"SKIP","floor":13},{"not_picked":["Leap","Turbo"],"picked":"All For One","floor":14},{"not_picked":["Rainbow","Reboot"],"picked":"Buffer","floor":16},{"not_picked":["Redo","Cold Snap"],"picked":"Gash","floor":18},{"not_picked":["Blizzard","Ball Lightning"],"picked":"Reinforced Body","floor":18},{"not_picked":["Sweeping Beam+1","Compile Driver+1"],"picked":"Biased Cognition","floor":19},{"not_picked":["Go for the Eyes","Storm"],"picked":"Conserve Battery+1","floor":19},{"not_picked":["Recycle","Steam Power"],"picked":"Sweeping Beam+1","floor":21},{"not_picked":["Rebound+1","Aggregate","Streamline"],"picked":"SKIP","floor":21},{"not_picked":["Fusion","Scrape","Steam"],"picked":"SKIP","floor":23},{"not_picked":["Meteor Strike","Beam Cell","Streamline"],"picked":"SKIP","floor":23}],"player_experience":1644382,"relics_obtained":[{"floor":7,"key":"Du-Vu Doll"},{"floor":9,"key":"Centennial Puzzle"},{"floor":12,"key":"Prayer Wheel"},{"floor":14,"key":"Vajra"}],"event_choices":[{"damage_healed":0,"gold_gain":0,"player_choice":"Lose Max HP","damage_taken":0,"relics_obtained":["Golden Idol"],"max_hp_gain":0,"max_hp_loss":7,"event_name":"Golden Idol","floor":2,"gold_loss":0},{"damage_healed":0,"gold_gain":0,"player_choice":"Donut","damage_taken":0,"max_hp_gain":5,"max_hp_loss":0,"event_name":"Big Fish","floor":4,"gold_loss":0},{"damage_healed":0,"gold_gain":0,"player_choice":"Success","damage_taken":5,"relics_obtained":["Blood Vial"],"max_hp_gain":0,"max_hp_loss":0,"event_name":"Scrap Ooze","floor":5,"gold_loss":0},{"damage_healed":0,"gold_gain":275,"player_choice":"Desecrate","damage_taken":0,"max_hp_gain":0,"max_hp_loss":0,"event_name":"Golden Shrine","floor":22,"gold_loss":0,"cards_obtained":["Regret"]}],"is_beta":true,"boss_relics":[{"not_picked":["Velvet Choker","Pandora\u0027s Box"],"picked":"Philosopher\u0027s Stone"}],"items_purged_floors":[],"is_endless":false,"potions_floor_spawned":[7,10,12,13,16,19,23],"killed_by":"Slavers","ascension_level":20}