{"gold_per_floor":[117,135,148,159,159,188,201,218,218,238,238,255,255,266,266,367,367,378,378,41,56,56,66,66,98,98,128,128,143,43,78,78,78],"floor_reached":33,"playtime":1442,"items_purged":["Strike_R","Shame"],"score":316,"play_id":"c597a708-6e29-4595-bb26-8d036e3c5745","local_time":"20190702174342","is_ascension_mode":false,"campfire_choices":[{"data":"Rampage","floor":11,"key":"SMITH"},{"data":"Dual Wield","floor":13,"key":"SMITH"},{"data":"Pommel Strike","floor":15,"key":"SMITH"},{"floor":32,"key":"REST"}],"neow_cost":"NONE","seed_source_timestamp":144912280623952,"circlet_count":0,"master_deck":["Strike_R+1","Strike_R+1","Strike_R+1","Strike_R+1","Defend_R+1","Defend_R+1","Defend_R+1","Defend_R+1","Bash+1","Pommel Strike+1","Combust","Twin Strike","Rampage+1","Shrug It Off","Spot Weakness","Twin Strike","Dual Wield+1","Clash","Berserk","Flex+1","Ghostly","Ghostly","Ghostly","Ghostly+1","Ghostly+1","Pommel Strike+1","Headbutt+1","Perfected Strike+1","Inflame","Combust","Feed"],"relics":["Burning Blood","Matryoshka","Calipers","Strawberry","Mercury Hourglass","Fusion Hammer","Kunai","Question Card","Meat on the Bone","Anchor","War Paint","Red Mask","Oddly Smooth Stone"],"potions_floor_usage":[16,16,16],"damage_taken":[{"damage":5,"enemies":"2 Louse","floor":1,"turns":3},{"damage":5,"enemies":"Cultist","floor":2,"turns":4},{"damage":3,"enemies":"Jaw Worm","floor":3,"turns":3},{"damage":8,"enemies":"3 Louse","floor":4,"turns":4},{"damage":34,"enemies":"3 Sentries","floor":6,"turns":6},{"damage":18,"enemies":"Large Slime","floor":7,"turns":5},{"damage":8,"enemies":"Red Slaver","floor":8,"turns":3},{"damage":0,"enemies":"2 Fungi Beasts","floor":10,"turns":2},{"damage":11,"enemies":"Lots of Slimes","floor":12,"turns":3},{"damage":4,"enemies":"Blue Slaver","floor":14,"turns":3},{"damage":30,"enemies":"Hexaghost","floor":16,"turns":6},{"damage":4,"enemies":"Chosen","floor":18,"turns":4},{"damage":18,"enemies":"Shell Parasite","floor":21,"turns":4},{"damage":17,"enemies":"Cultist and Chosen","floor":23,"turns":5},{"damage":10,"enemies":"Slavers","floor":25,"turns":5},{"damage":1,"enemies":"Masked Bandits","floor":27,"turns":4},{"damage":0,"enemies":"Centurion and Healer","floor":29,"turns":4},{"damage":15,"enemies":"Gremlin Leader","floor":31,"turns":4},{"damage":77,"enemies":"Automaton","floor":33,"turns":6}],"seed_played":"-3116403839086876128","potions_obtained":[{"floor":2,"key":"LiquidBronze"},{"floor":3,"key":"PowerPotion"},{"floor":6,"key":"LiquidBronze"},{"floor":7,"key":"Explosive Potion"},{"floor":14,"key":"LiquidBronze"},{"floor":16,"key":"FearPotion"},{"floor":18,"key":"AttackPotion"},{"floor":23,"key":"SteroidPotion"},{"floor":25,"key":"Poison Potion"}],"is_trial":false,"path_per_floor":["M","M","M","M","?","E","M","M","T","M","R","M","R","M","R","B",null,"M","?","$","M","?","M","?","E","T","?","?","M","$","E","R","B"],"character_chosen":"IRONCLAD","items_purchased":["Kunai"],"campfire_rested":1,"item_purchase_floors":[20],"current_hp_per_floor":[80,80,80,78,78,50,38,36,43,49,49,44,44,46,46,22,87,87,43,43,31,31,20,20,16,16,33,33,39,39,30,42,0],"gold":78,"neow_bonus":"UPGRADE_CARD","is_prod":false,"is_daily":false,"chose_seed":false,"campfire_upgraded":3,"win_rate":0.0,"timestamp":1562053422,"path_taken":["M","M","M","M","?","E","M","M","T","M","R","M","R","?","R","BOSS","M","?","$","M","?","M","?","E","T","?","?","M","$","E","R","BOSS"],"build_version":"2019-07-01","purchased_purges":2,"victory":false,"max_hp_per_floor":[80,80,80,80,80,80,80,80,87,87,87,87,87,87,87,87,87,87,43,43,43,43,43,43,43,43,43,43,43,43,43,43,43],"card_choices":[{"not_picked":["Headbutt","Flex"],"picked":"Pommel Strike","floor":1},{"not_picked":["Sword Boomerang","Impervious"],"picked":"Combust","floor":2},{"not_picked":["Battle Trance","Clothesline"],"picked":"Twin Strike","floor":3},{"not_picked":["Clothesline","Uppercut"],"picked":"Rampage","floor":4},{"not_picked":["Iron Wave","Limit Break"],"picked":"Shrug It Off","floor":6},{"not_picked":["Inflame","Power Through"],"picked":"Spot Weakness","floor":7},{"not_picked":["Thunderclap","Uppercut"],"picked":"Twin Strike","floor":8},{"not_picked":["True Grit","Thunderclap","Sword Boomerang"],"picked":"SKIP","floor":10},{"not_picked":["Shrug It Off","Bloodletting"],"picked":"Dual Wield","floor":12},{"not_picked":["Body Slam","Searing Blow"],"picked":"Clash","floor":14},{"not_picked":["Impervious","Barricade"],"picked":"Berserk","floor":16},{"not_picked":["Warcry","Spot Weakness"],"picked":"Flex+1","floor":18},{"not_picked":["Thunderclap","Heavy Blade"],"picked":"Pommel Strike","floor":21},{"not_picked":["Armaments","Heavy Blade","Sword Boomerang"],"picked":"Headbutt+1","floor":23},{"not_picked":["Shrug It Off+1","Shockwave","Sword Boomerang"],"picked":"Perfected Strike+1","floor":25},{"not_picked":["Heavy Blade+1","Flex","Cleave"],"picked":"Inflame","floor":27},{"not_picked":["Whirlwind","Anger+1","Intimidate+1"],"picked":"Combust","floor":29},{"not_picked":["Fire Breathing","Demon Form","Anger"],"picked":"Feed","floor":31}],"player_experience":6777,"relics_obtained":[{"floor":6,"key":"Calipers"},{"floor":9,"key":"Strawberry"},{"floor":9,"key":"Mercury Hourglass"},{"floor":25,"key":"Meat on the Bone"},{"floor":26,"key":"Anchor"},{"floor":26,"key":"War Paint"},{"floor":27,"key":"Red Mask"},{"floor":31,"key":"Oddly Smooth Stone"}],"event_choices":[{"damage_healed":0,"gold_gain":0,"player_choice":"Gave Potion","damage_taken":0,"relics_obtained":["Matryoshka"],"max_hp_gain":0,"max_hp_loss":0,"event_name":"WeMeetAgain","floor":5,"gold_loss":0},{"damage_healed":0,"gold_gain":0,"player_choice":"Became a Ghost","damage_taken":0,"max_hp_gain":0,"max_hp_loss":44,"event_name":"Ghosts","floor":19,"gold_loss":0,"cards_obtained":["Ghostly","Ghostly","Ghostly","Ghostly","Ghostly"]},{"damage_healed":0,"gold_gain":0,"player_choice":"Stole Relic","damage_taken":0,"relics_obtained":["Question Card"],"max_hp_gain":0,"max_hp_loss":0,"event_name":"Addict","floor":22,"gold_loss":0,"cards_obtained":["Shame"]},{"damage_healed":0,"gold_gain":0,"player_choice":"Simplicity","damage_taken":0,"max_hp_gain":0,"max_hp_loss":0,"event_name":"Back to Basics","floor":24,"gold_loss":0,"cards_upgraded":["Strike_R","Strike_R","Strike_R","Strike_R","Defend_R","Defend_R","Defend_R","Defend_R"]},{"damage_healed":0,"gold_gain":0,"player_choice":"Fought Bandits","damage_taken":0,"max_hp_gain":0,"max_hp_loss":0,"event_name":"Masked Bandits","floor":27,"gold_loss":0},{"damage_healed":0,"gold_gain":0,"player_choice":"Forge","damage_taken":0,"max_hp_gain":0,"max_hp_loss":0,"event_name":"Accursed Blacksmith","floor":28,"gold_loss":0,"cards_upgraded":["Pommel Strike"]}],"is_beta":false,"boss_relics":[{"not_picked":["Snecko Eye","Lizard Tail"],"picked":"Fusion Hammer"}],"items_purged_floors":[20,30],"is_endless":false,"potions_floor_spawned":[2,3,6,7,14,16,18,23,25],"killed_by":"Automaton","ascension_level":0}