{"gold_per_floor":[10,10,23,37,49,49,59,59,85,85,104,35,54,64,64,167,167,185,105,105,125,137,137,148,164,164,179,179,179,197,112,112,112],"floor_reached":33,"playtime":2536,"items_purged":[],"score":270,"play_id":"bdb0d4c2-0a59-4bae-88c5-e0574b238045","local_time":"20190702225416","is_ascension_mode":false,"campfire_choices":[{"data":"Impervious","floor":6,"key":"SMITH"},{"data":"Flame Barrier","floor":8,"key":"SMITH"},{"data":"Dual Wield","floor":10,"key":"SMITH"},{"floor":15,"key":"REST"},{"floor":23,"key":"REST"},{"floor":29,"key":"REST"},{"floor":32,"key":"REST"}],"neow_cost":"NO_GOLD","seed_source_timestamp":7932271017726,"circlet_count":0,"master_deck":["Strike_R","Strike_R","Strike_R","Strike_R","Strike_R","Defend_R","Defend_R","Defend_R","Defend_R","Bash","Dual Wield+1","Perfected Strike","Impervious+1","Warcry","Flame Barrier+1","Thunderclap","Anger","Flex","Burning Pact","Headbutt","Bludgeon","Entrench+1","Intimidate","Cleave","Body Slam","Inflame+1","Anger","Armaments+1","Seeing Red"],"relics":["Burning Blood","Juzu Bracelet","Mark of Pain","Molten Egg 2","Bronze Scales"],"potions_floor_usage":[5,13,16,16,24,25,27],"damage_taken":[{"damage":1,"enemies":"Jaw Worm","floor":1,"turns":6},{"damage":5,"enemies":"Cultist","floor":3,"turns":4},{"damage":6,"enemies":"Small Slimes","floor":4,"turns":4},{"damage":10,"enemies":"Looter","floor":5,"turns":3},{"damage":22,"enemies":"Large Slime","floor":7,"turns":8},{"damage":14,"enemies":"2 Fungi Beasts","floor":11,"turns":4},{"damage":0,"enemies":"Exordium Thugs","floor":13,"turns":1},{"damage":12,"enemies":"Looter","floor":14,"turns":4},{"damage":66,"enemies":"The Guardian","floor":16,"turns":14},{"damage":6,"enemies":"Chosen","floor":18,"turns":6},{"damage":40,"enemies":"Spheric Guardian","floor":21,"turns":6},{"damage":35,"enemies":"Centurion and Healer","floor":22,"turns":7},{"damage":19,"enemies":"Sentry and Sphere","floor":24,"turns":7},{"damage":6,"enemies":"Snecko","floor":25,"turns":5},{"damage":5,"enemies":"Snake Plant","floor":27,"turns":3},{"damage":5,"enemies":"Chosen and Byrds","floor":30,"turns":4},{"damage":113,"enemies":"Champ","floor":33,"turns":10}],"seed_played":"-5000801125259614949","potions_obtained":[{"floor":2,"key":"Ancient Potion"},{"floor":2,"key":"SpeedPotion"},{"floor":2,"key":"Swift Potion"},{"floor":3,"key":"AttackPotion"},{"floor":5,"key":"Fruit Juice"},{"floor":7,"key":"Ancient Potion"},{"floor":16,"key":"FearPotion"},{"floor":24,"key":"EssenceOfSteel"},{"floor":25,"key":"Fire Potion"}],"is_trial":false,"path_per_floor":["M","?","M","M","M","R","M","R","T","R","M","$","M","M","R","B",null,"M","$","?","M","M","R","M","M","T","M","?","R","M","?","R","B"],"character_chosen":"IRONCLAD","items_purchased":["Anger","Flex","Intimidate","Cleave"],"campfire_rested":4,"item_purchase_floors":[12,12,19,19],"current_hp_per_floor":[96,96,96,96,97,97,81,81,81,81,73,73,79,73,101,41,101,101,101,101,67,38,68,55,55,55,56,36,67,68,68,99,0],"gold":112,"neow_bonus":"TWENTY_PERCENT_HP_BONUS","is_prod":false,"is_daily":false,"chose_seed":false,"campfire_upgraded":3,"win_rate":0,"timestamp":1562104456,"path_taken":["M","?","M","M","?","R","M","R","T","R","M","$","M","M","R","BOSS","M","$","?","M","M","R","M","M","T","M","?","R","M","?","R","BOSS"],"build_version":"2019-07-01","purchased_purges":0,"victory":false,"max_hp_per_floor":[96,96,96,96,101,101,101,101,101,101,101,101,101,101,101,101,101,101,101,101,101,101,101,101,101,101,101,106,106,106,106,106,106],"card_choices":[{"not_picked":["Wild Strike","Sword Boomerang"],"picked":"Dual Wield","floor":1},{"not_picked":["Intimidate","Clothesline"],"picked":"Perfected Strike","floor":3},{"not_picked":["Headbutt","Twin Strike"],"picked":"Impervious","floor":4},{"not_picked":["Entrench","Thunderclap"],"picked":"Warcry","floor":5},{"not_picked":["Perfected Strike","Wild Strike"],"picked":"Flame Barrier","floor":7},{"not_picked":["Entrench","Iron Wave"],"picked":"Thunderclap","floor":11},{"not_picked":["Reckless Charge","Clash"],"picked":"Burning Pact","floor":13},{"not_picked":["Corruption","Body Slam"],"picked":"Headbutt","floor":14},{"not_picked":["Dark Embrace","Limit Break"],"picked":"Bludgeon","floor":16},{"not_picked":["Anger","Clash+1"],"picked":"Entrench+1","floor":18},{"not_picked":["Clash","Sword Boomerang+1","Burning Pact"],"picked":"SKIP","floor":21},{"not_picked":["Corruption","Shockwave"],"picked":"Body Slam","floor":22},{"not_picked":["Shrug It Off","Rampage"],"picked":"Inflame+1","floor":24},{"not_picked":["Dual Wield+1","Perfected Strike"],"picked":"Anger","floor":25},{"not_picked":["Fire Breathing","Bloodletting"],"picked":"Armaments+1","floor":27},{"not_picked":["Evolve","Body Slam+1"],"picked":"Seeing Red","floor":30}],"player_experience":31739,"relics_obtained":[{"floor":9,"key":"Juzu Bracelet"},{"floor":26,"key":"Molten Egg 2"}],"event_choices":[{"damage_healed":0,"gold_gain":0,"player_choice":"Got Potions","damage_taken":0,"max_hp_gain":0,"max_hp_loss":0,"event_name":"Lab","floor":2,"gold_loss":0},{"damage_healed":0,"gold_gain":0,"player_choice":"Ignored","damage_taken":0,"max_hp_gain":0,"max_hp_loss":0,"event_name":"NoteForYourself","floor":20,"gold_loss":0},{"damage_healed":0,"gold_gain":0,"player_choice":"Shed Blood","damage_taken":25,"max_hp_gain":5,"max_hp_loss":0,"event_name":"Forgotten Altar","floor":28,"gold_loss":0},{"damage_healed":0,"gold_gain":0,"player_choice":"Obtained Relic","damage_taken":0,"relics_obtained":["Bronze Scales"],"max_hp_gain":0,"max_hp_loss":0,"event_name":"Addict","floor":31,"gold_loss":85}],"is_beta":false,"boss_relics":[{"not_picked":["Tiny House","Eternal Feather"],"picked":"Mark of Pain"}],"items_purged_floors":[],"is_endless":false,"potions_floor_spawned":[3,5,7,16,24,25],"killed_by":"Champ","ascension_level":0}