{"gold_per_floor":[114,114,134,144,159,159,169,131,205,68,243,243,57,67,67,167,167,179,139,156,169,169,169,186,220,220,234,234,234,46,58,58,154,154,174,174],"floor_reached":36,"playtime":3329,"items_purged":[],"score":376,"play_id":"2d562493-775f-460a-82dc-323819ed10a2","local_time":"20190704142314","is_ascension_mode":false,"campfire_choices":[{"floor":12,"key":"REST"},{"data":"Capacitor","floor":15,"key":"SMITH"},{"floor":23,"key":"REST"},{"floor":29,"key":"REST"},{"floor":32,"key":"REST"}],"neow_cost":"NONE","seed_source_timestamp":1518717208932000,"circlet_count":0,"master_deck":["Strike_B","Strike_B","Strike_B","Strike_B","Defend_B","Defend_B","Zap","Dualcast","Gash","Beam Cell","Gash","Seek+1","Coolheaded","Defragment+1","Redo","Ball Lightning","Capacitor+1","Ball Lightning","Cold Snap","Heatsinks+1","Electrodynamics","Ball Lightning+1","Conserve Battery+1","Barrage","Chill","Heatsinks+1","Heatsinks","Mayhem","Hologram","Thunder Strike","Regret","Steam Power+1","Loop+1","Melter"],"relics":["Cracked Core","Bird Faced Urn","Busted Crown","Anchor","Shuriken","Nloth\u0027s Gift","Astrolabe"],"potions_floor_usage":[14,16,18,20,25,33],"damage_taken":[{"damage":12,"enemies":"Small Slimes","floor":1,"turns":3},{"damage":11,"enemies":"Jaw Worm","floor":3,"turns":3},{"damage":7,"enemies":"2 Louse","floor":4,"turns":2},{"damage":4,"enemies":"Blue Slaver","floor":5,"turns":4},{"damage":5,"enemies":"3 Louse","floor":7,"turns":3},{"damage":3,"enemies":"Large Slime","floor":14,"turns":4},{"damage":47,"enemies":"Hexaghost","floor":16,"turns":10},{"damage":6,"enemies":"3 Byrds","floor":18,"turns":4},{"damage":21,"enemies":"Shell Parasite","floor":20,"turns":4},{"damage":33,"enemies":"Shelled Parasite and Fungi","floor":21,"turns":5},{"damage":4,"enemies":"3 Cultists","floor":24,"turns":3},{"damage":27,"enemies":"Slavers","floor":25,"turns":2},{"damage":29,"enemies":"Snake Plant","floor":27,"turns":5},{"damage":24,"enemies":"Snecko","floor":31,"turns":4},{"damage":48,"enemies":"Collector","floor":33,"turns":8},{"damage":72,"enemies":"3 Darklings","floor":35,"turns":5},{"damage":32,"enemies":"Orb Walker","floor":36,"turns":3}],"seed_played":"-7039694683340322396","potions_obtained":[{"floor":3,"key":"Block Potion"},{"floor":7,"key":"Explosive Potion"},{"floor":14,"key":"Poison Potion"},{"floor":16,"key":"Weak Potion"},{"floor":20,"key":"Explosive Potion"},{"floor":21,"key":"PowerPotion"},{"floor":27,"key":"SmokeBomb"},{"floor":35,"key":"Strength Potion"}],"is_trial":false,"path_per_floor":["M","?","M","M","M","?","M","?","T","$","?","R","$","M","R","B",null,"M","?","M","M","?","R","M","E","T","M","?","R","$","M","R","B",null,"M","M"],"character_chosen":"DEFECT","items_purchased":["Defragment","Redo","Ball Lightning","Capacitor","Ball Lightning","Cold Snap","Mayhem"],"campfire_rested":4,"item_purchase_floors":[10,10,10,13,13,13,30],"current_hp_per_floor":[70,63,52,45,41,41,36,36,36,36,36,60,60,61,61,20,82,78,78,63,38,38,62,66,45,45,26,26,50,50,40,64,30,82,18,0],"gold":174,"neow_bonus":"TEN_PERCENT_HP_BONUS","is_prod":false,"is_daily":false,"chose_seed":false,"campfire_upgraded":1,"win_rate":0.0,"timestamp":1562264594,"path_taken":["M","?","M","M","M","?","M","?","T","?","?","R","$","M","R","BOSS","M","?","M","?","?","R","M","E","T","?","?","R","$","M","R","BOSS","M","M"],"build_version":"2019-07-01","purchased_purges":0,"victory":false,"max_hp_per_floor":[82,82,82,82,82,82,82,82,82,82,82,82,82,82,82,82,82,82,82,82,82,82,82,82,82,82,82,82,82,82,82,82,82,82,82,82],"card_choices":[{"not_picked":["Steam","Consume"],"picked":"Gash","floor":1},{"not_picked":["Force Field","Ball Lightning"],"picked":"Beam Cell","floor":3},{"not_picked":["FTL","Leap"],"picked":"Gash","floor":4},{"not_picked":["Steam","Tempest"],"picked":"Seek","floor":5},{"not_picked":["BootSequence","Rip and Tear"],"picked":"Coolheaded","floor":7},{"not_picked":["Steam Power","Steam","Leap"],"picked":"Heatsinks","floor":14},{"not_picked":["Biased Cognition","Reboot","Thunder Strike"],"picked":"Electrodynamics","floor":16},{"not_picked":["Go for the Eyes+1"],"picked":"Ball Lightning+1","floor":18},{"not_picked":["Go for the Eyes"],"picked":"Conserve Battery+1","floor":20},{"not_picked":["Cold Snap"],"picked":"Barrage","floor":21},{"not_picked":["Beam Cell"],"picked":"Chill","floor":24},{"not_picked":["Cold Snap"],"picked":"Heatsinks+1","floor":25},{"not_picked":["Leap"],"picked":"Heatsinks","floor":27},{"not_picked":[],"picked":"Hologram","floor":31},{"not_picked":[],"picked":"Thunder Strike","floor":33},{"not_picked":[],"picked":"Melter","floor":35}],"player_experience":30893,"relics_obtained":[{"floor":9,"key":"Question Card"},{"floor":25,"key":"Anchor"},{"floor":26,"key":"Shuriken"}],"event_choices":[{"damage_healed":0,"gold_gain":0,"player_choice":"Success","damage_taken":7,"relics_obtained":["Bird Faced Urn"],"max_hp_gain":0,"max_hp_loss":0,"event_name":"Scrap Ooze","floor":2,"gold_loss":0},{"damage_healed":0,"gold_gain":0,"player_choice":"Grow","damage_taken":0,"max_hp_gain":0,"max_hp_loss":0,"event_name":"Living Wall","floor":6,"gold_loss":0,"cards_upgraded":["Seek"]},{"damage_healed":0,"gold_gain":0,"player_choice":"Left Gold","damage_taken":0,"max_hp_gain":0,"max_hp_loss":0,"event_name":"World of Goop","floor":8,"gold_loss":38},{"damage_healed":0,"gold_gain":175,"player_choice":"AGREE","damage_taken":0,"max_hp_gain":0,"max_hp_loss":0,"event_name":"Liars Game","floor":11,"gold_loss":0,"cards_obtained":["Doubt"]},{"damage_healed":0,"gold_gain":0,"player_choice":"Upgrade","damage_taken":0,"max_hp_gain":0,"max_hp_loss":0,"event_name":"Designer","floor":19,"gold_loss":40,"cards_upgraded":["Defragment"]},{"damage_healed":0,"gold_gain":0,"player_choice":"Upgraded","damage_taken":0,"max_hp_gain":0,"max_hp_loss":0,"event_name":"Upgrade Shrine","floor":22,"gold_loss":0,"cards_upgraded":["Heatsinks"]},{"damage_healed":0,"gold_gain":0,"player_choice":"Traded Relic","damage_taken":0,"relics_obtained":["Nloth\u0027s Gift"],"max_hp_gain":0,"max_hp_loss":0,"event_name":"N\u0027loth","floor":28,"relics_lost":["Question Card"],"gold_loss":0}],"is_beta":false,"boss_relics":[{"not_picked":["Eternal Feather","Snecko Eye"],"picked":"Busted Crown"},{"not_picked":["Sozu","Runic Pyramid"],"picked":"Astrolabe"}],"items_purged_floors":[],"is_endless":false,"potions_floor_spawned":[3,7,14,16,20,21,27,35],"killed_by":"Orb Walker","ascension_level":0}