{"gold_per_floor":[20,39,39,49,49,49,49,49,49,60,35,46,10,24,24,120,120,135,135,135,135,98,98,118,134,161,193,193,39,39,53,53,53],"floor_reached":33,"playtime":2362,"items_purged":[],"score":307,"play_id":"28b33610-64c8-44af-bf88-c13644b3ebce","local_time":"20190704003316","is_ascension_mode":false,"campfire_choices":[{"floor":6,"key":"REST"},{"data":"Dual Wield","floor":8,"key":"SMITH"},{"floor":15,"key":"REST"},{"data":"Demon Form","floor":23,"key":"SMITH"},{"floor":28,"key":"REST"},{"data":"Power Through","floor":30,"key":"SMITH"},{"floor":32,"key":"REST"}],"neow_cost":"NO_GOLD","seed_source_timestamp":19738547463870,"circlet_count":0,"master_deck":["Defend_R","Defend_R","Defend_R","Defend_R","Bash","Dual Wield+1","Headbutt","Battle Trance","Heavy Blade","Blood for Blood","Blood for Blood","Evolve","Disarm","Demon Form+1","Flex+1","Writhe","Bite","Bite","Bite","Bite","Bite","Infernal Blade","Power Through+1","Flex+1","Heavy Blade+1","Thunderclap+1"],"relics":["Burning Blood","Nunchaku","Red Skull","Ornamental Fan","Runic Cube","Mercury Hourglass","Gambling Chip","PreservedInsect","Molten Egg 2","Vajra"],"potions_floor_usage":[10,12,25,27,33],"damage_taken":[{"damage":1,"enemies":"Cultist","floor":1,"turns":4},{"damage":2,"enemies":"2 Louse","floor":2,"turns":3},{"damage":12,"enemies":"Small Slimes","floor":4,"turns":3},{"damage":8,"enemies":"Blue Slaver","floor":10,"turns":5},{"damage":14,"enemies":"Exordium Thugs","floor":11,"turns":5},{"damage":21,"enemies":"Gremlin Gang","floor":12,"turns":6},{"damage":10,"enemies":"Looter","floor":14,"turns":3},{"damage":58,"enemies":"Slime Boss","floor":16,"turns":12},{"damage":28,"enemies":"Spheric Guardian","floor":18,"turns":5},{"damage":15,"enemies":"3 Byrds","floor":24,"turns":4},{"damage":18,"enemies":"Centurion and Healer","floor":25,"turns":6},{"damage":24,"enemies":"Slavers","floor":27,"turns":4},{"damage":22,"enemies":"3 Cultists","floor":31,"turns":4},{"damage":91,"enemies":"Collector","floor":33,"turns":8}],"seed_played":"-3510325770172512041","potions_obtained":[{"floor":1,"key":"FairyPotion"},{"floor":4,"key":"Regen Potion"},{"floor":10,"key":"Fruit Juice"},{"floor":18,"key":"SkillPotion"},{"floor":25,"key":"Energy Potion"},{"floor":31,"key":"FearPotion"}],"is_trial":false,"path_per_floor":["M","M","?","M","?","R","?","R","T","M","M","M","$","M","R","B",null,"M","?","?","T","$","R","M","M","T","E","R","$","R","M","R","B"],"character_chosen":"IRONCLAD","items_purchased":["Evolve","Infernal Blade","Vajra"],"campfire_rested":4,"item_purchase_floors":[13,22,29],"current_hp_per_floor":[80,80,68,62,62,80,85,85,85,88,80,77,77,73,90,38,90,68,68,62,62,62,62,55,53,53,43,61,61,61,50,62,0],"gold":53,"neow_bonus":"ONE_RARE_RELIC","is_prod":false,"is_daily":false,"chose_seed":false,"campfire_upgraded":3,"win_rate":0,"timestamp":1562196796,"path_taken":["M","M","?","M","?","R","?","R","T","M","M","M","$","M","R","BOSS","M","?","?","?","$","R","M","?","T","E","R","$","R","M","R","BOSS"],"build_version":"2019-07-01","purchased_purges":0,"victory":false,"max_hp_per_floor":[80,80,80,80,80,80,85,85,85,90,90,90,90,90,90,90,90,90,90,62,62,62,62,62,62,62,62,62,62,62,62,62,62],"card_choices":[{"not_picked":["Body Slam","True Grit"],"picked":"Dual Wield","floor":1},{"not_picked":["Clothesline","Reckless Charge"],"picked":"Headbutt","floor":2},{"not_picked":["Headbutt","Iron Wave"],"picked":"Battle Trance","floor":4},{"not_picked":["Havoc","Wild Strike"],"picked":"Heavy Blade","floor":10},{"not_picked":["Clash","Sword Boomerang"],"picked":"Blood for Blood","floor":11},{"not_picked":["Warcry","Reckless Charge"],"picked":"Blood for Blood","floor":12},{"not_picked":["Havoc","Corruption"],"picked":"Disarm","floor":14},{"not_picked":["Dark Embrace","Berserk"],"picked":"Demon Form","floor":16},{"not_picked":["Wild Strike","Havoc"],"picked":"Flex+1","floor":18},{"not_picked":["Pommel Strike","True Grit"],"picked":"Power Through","floor":24},{"not_picked":["Burning Pact","Havoc+1"],"picked":"Flex+1","floor":25},{"not_picked":["Corruption","Fire Breathing"],"picked":"Heavy Blade","floor":27},{"not_picked":["True Grit+1","Evolve"],"picked":"Thunderclap+1","floor":31}],"player_experience":46046,"relics_obtained":[{"floor":9,"key":"Ornamental Fan"},{"floor":21,"key":"Gambling Chip"},{"floor":26,"key":"PreservedInsect"},{"floor":27,"key":"Molten Egg 2"}],"event_choices":[{"damage_healed":0,"gold_gain":0,"player_choice":"Success","damage_taken":12,"relics_obtained":["Red Skull"],"max_hp_gain":0,"max_hp_loss":0,"event_name":"Scrap Ooze","floor":3,"gold_loss":0},{"damage_healed":0,"gold_gain":0,"player_choice":"Ignored","damage_taken":0,"max_hp_gain":0,"max_hp_loss":0,"event_name":"Liars Game","floor":5,"gold_loss":0},{"damage_healed":0,"gold_gain":0,"player_choice":"Donut","damage_taken":0,"max_hp_gain":5,"max_hp_loss":0,"event_name":"Big Fish","floor":7,"gold_loss":0},{"damage_healed":0,"gold_gain":0,"player_choice":"Opened","damage_taken":0,"relics_obtained":["Mercury Hourglass"],"max_hp_gain":0,"max_hp_loss":0,"event_name":"The Mausoleum","floor":19,"gold_loss":0,"cards_obtained":["Writhe"]},{"damage_healed":0,"gold_gain":0,"player_choice":"Became a vampire","damage_taken":0,"max_hp_gain":0,"max_hp_loss":28,"event_name":"Vampires","floor":20,"gold_loss":0,"cards_obtained":["Bite","Bite","Bite","Bite","Bite"]}],"is_beta":false,"boss_relics":[{"not_picked":["Empty Cage","Sozu"],"picked":"Runic Cube"}],"items_purged_floors":[],"is_endless":false,"potions_floor_spawned":[1,4,10,18,25,31],"killed_by":"Collector","ascension_level":0}