{"gold_per_floor":[109,109,119,136,59,59,84,84,111,111,124,182,197,9,9,82,82,102,102,120,120],"floor_reached":21,"playtime":978,"items_purged":["Strike_G"],"score":378,"play_id":"dac7bbeb-477b-4571-b175-2c2b5c21e332","local_time":"20190609220559","is_ascension_mode":true,"campfire_choices":[{"floor":6,"key":"REST"},{"data":"Malaise","floor":8,"key":"SMITH"},{"floor":10,"key":"REST"},{"data":"Noxious Fumes","floor":15,"key":"SMITH"}],"neow_cost":"PERCENT_DAMAGE","seed_source_timestamp":1012656299915450,"circlet_count":0,"master_deck":["AscendersBane","Survivor","Neutralize","Malaise+1","Crippling Poison","Blur","Leg Sweep","Noxious Fumes+1","Dagger Spray","Crippling Poison","Quick Slash","Footwork","Blur","Night Terror","Slice","PiercingWail","Malaise","Distraction","Riddle With Holes","Reflex","Terror","Blade Dance","Eviscerate","Bane","Backflip"],"relics":["Ring of the Snake","Regal Pillow","Snake Skull","Omamori","Tiny Chest","Pandora\u0027s Box","NlothsMask"],"potions_floor_usage":[7,12,12],"damage_taken":[{"damage":14,"enemies":"Jaw Worm","floor":1,"turns":10},{"damage":0,"enemies":"2 Louse","floor":3,"turns":6},{"damage":2,"enemies":"Cultist","floor":4,"turns":6},{"damage":19,"enemies":"3 Sentries","floor":7,"turns":17},{"damage":7,"enemies":"3 Louse","floor":11,"turns":2},{"damage":37,"enemies":"Gremlin Nob","floor":12,"turns":6},{"damage":3,"enemies":"Lots of Slimes","floor":13,"turns":3},{"damage":2,"enemies":"Hexaghost","floor":16,"turns":10},{"damage":34,"enemies":"Chosen","floor":18,"turns":7},{"damage":11,"enemies":"Shell Parasite","floor":20,"turns":7},{"damage":11,"enemies":"Chosen and Byrds","floor":21,"turns":4}],"seed_played":"7523938896564830476","potions_obtained":[{"floor":1,"key":"Fire Potion"},{"floor":3,"key":"AttackPotion"},{"floor":11,"key":"Regen Potion"},{"floor":20,"key":"Fire Potion"}],"is_trial":false,"path_per_floor":["M","?","M","M","?","R","E","R","T","R","M","E","M","$","R","B",null,"M","?","M","M"],"character_chosen":"THE_SILENT","items_purchased":["Footwork","Blur"],"campfire_rested":2,"item_purchase_floors":[14,14],"current_hp_per_floor":[30,10,10,8,8,42,23,23,23,57,50,28,25,25,25,23,55,21,21,10,0],"gold":120,"neow_bonus":"THREE_RARE_CARDS","is_prod":false,"is_daily":false,"chose_seed":false,"campfire_upgraded":2,"win_rate":0,"timestamp":1560135959,"path_taken":["M","?","M","M","?","R","E","R","T","R","M","E","?","$","R","BOSS","M","?","M","M"],"build_version":"2019-01-23","purchased_purges":1,"victory":false,"max_hp_per_floor":[66,66,66,66,66,66,66,66,66,66,66,66,66,66,66,66,66,66,66,66,66],"card_choices":[{"not_picked":["Envenom","Unload"],"picked":"Malaise","floor":0},{"not_picked":["Outmaneuver","Escape Plan"],"picked":"Crippling Poison","floor":1},{"not_picked":["Eviscerate","Endless Agony"],"picked":"Blur","floor":3},{"not_picked":["Backflip","Crippling Poison"],"picked":"Leg Sweep","floor":4},{"not_picked":["Skewer","Finisher"],"picked":"Noxious Fumes","floor":7},{"not_picked":["Choke","Dagger Throw"],"picked":"Dagger Spray","floor":11},{"not_picked":["Eviscerate","Masterful Stab"],"picked":"Crippling Poison","floor":12},{"not_picked":["Sucker Punch","Deflect"],"picked":"Quick Slash","floor":13},{"not_picked":["Storm of Steel","Venomology"],"picked":"Night Terror","floor":16},{"not_picked":["Dodge and Roll","Setup"],"picked":"Bane","floor":18},{"not_picked":["Terror","Tactician"],"picked":"Backflip","floor":20}],"player_experience":1743962,"relics_obtained":[{"floor":7,"key":"Snake Skull"},{"floor":9,"key":"Omamori"},{"floor":12,"key":"Tiny Chest"}],"event_choices":[{"damage_healed":0,"gold_gain":0,"player_choice":"Entered Light","damage_taken":20,"max_hp_gain":0,"max_hp_loss":0,"event_name":"Shining Light","floor":2,"gold_loss":0,"cards_upgraded":["Defend_G","Strike_G"]},{"damage_healed":0,"gold_gain":0,"player_choice":"Paid Gold","damage_taken":0,"relics_obtained":["Regal Pillow"],"max_hp_gain":0,"max_hp_loss":0,"event_name":"WeMeetAgain","floor":5,"gold_loss":77},{"damage_healed":0,"gold_gain":0,"player_choice":"Trade","damage_taken":0,"relics_obtained":["NlothsMask"],"max_hp_gain":0,"max_hp_loss":0,"event_name":"FaceTrader","floor":19,"gold_loss":0}],"is_beta":false,"boss_relics":[{"not_picked":["Eternal Feather","Runic Dome"],"picked":"Pandora\u0027s Box"}],"items_purged_floors":[14],"is_endless":false,"potions_floor_spawned":[1,3,4,11,20],"killed_by":"Chosen and Byrds","ascension_level":20}