{"gold_per_floor":[18,35,185,110,35,35,35,60,85,112,112,123,134,164,164,235,235,249,449,462,462,477,477,497,523,523,541,541,566,491,87,87,159,159,176,187,287,287,17,17,50,50,50,82,94,105,2,28,28,28,28,28,28,28,54,54],"floor_reached":56,"playtime":4076,"items_purged":["Strike_B","Strike_B","Strike_B","Dramatic Entrance"],"score":2357,"play_id":"780759a1-f348-4072-837c-aeb8eeb287b3","local_time":"20190609160942","is_ascension_mode":true,"campfire_choices":[{"data":"Rebound","floor":6,"key":"SMITH"},{"floor":11,"key":"REST"},{"data":"Zap","floor":15,"key":"SMITH"},{"data":"Buffer","floor":23,"key":"SMITH"},{"data":"Ghostly","floor":28,"key":"SMITH"},{"data":"Ghostly","floor":32,"key":"SMITH"},{"data":"Ghostly","floor":40,"key":"SMITH"},{"floor":42,"key":"RECALL"},{"data":"Buffer","floor":49,"key":"SMITH"},{"data":"Seek","floor":53,"key":"SMITH"}],"neow_cost":"NO_GOLD","seed_source_timestamp":988179250190662,"circlet_count":0,"master_deck":["AscendersBane","Defend_B","Defend_B","Defend_B","Defend_B","Zap+1","Dualcast","Good Instincts","Genetic Algorithm","Rebound+1","Ball Lightning","Cold Snap+1","Coolheaded","Conserve Battery","Rebound+1","Buffer+1","Go for the Eyes+1","Ghostly+1","Ghostly+1","Ghostly+1","Electrodynamics","Undo","Coolheaded+1","Defragment+1","Glacier","Seek+1","Consume","Defragment","Coolheaded+1","Hologram+1","White Noise+1","Hologram","Buffer+1","Compile Driver"],"relics":["Cracked Core","Bag of Marbles","DataDisk","Ancient Tea Set","Meat on the Bone","Smiling Mask","Coffee Dripper","Du-Vu Doll","Thread and Needle","Bag of Preparation","ClockworkSouvenir","Philosopher\u0027s Stone","Prayer Wheel","Bronze Scales","Pantograph","Sundial","Whetstone","Gambling Chip"],"potions_floor_usage":[8,10,18,33,41,50,51],"damage_taken":[{"damage":10,"enemies":"2 Louse","floor":1,"turns":2},{"damage":0,"enemies":"Cultist","floor":2,"turns":3},{"damage":20,"enemies":"3 Sentries","floor":8,"turns":6},{"damage":9,"enemies":"Gremlin Nob","floor":10,"turns":3},{"damage":7,"enemies":"Jaw Worm","floor":12,"turns":2},{"damage":3,"enemies":"3 Louse","floor":13,"turns":2},{"damage":13,"enemies":"3 Sentries","floor":14,"turns":6},{"damage":12,"enemies":"Slime Boss","floor":16,"turns":10},{"damage":9,"enemies":"Spheric Guardian","floor":18,"turns":4},{"damage":6,"enemies":"2 Thieves","floor":20,"turns":3},{"damage":16,"enemies":"Shelled Parasite and Fungi","floor":22,"turns":9},{"damage":7,"enemies":"Centurion and Healer","floor":24,"turns":6},{"damage":10,"enemies":"Book of Stabbing","floor":25,"turns":7},{"damage":0,"enemies":"3 Cultists","floor":27,"turns":5},{"damage":0,"enemies":"Gremlin Leader","floor":29,"turns":7},{"damage":0,"enemies":"Collector","floor":33,"turns":12},{"damage":0,"enemies":"3 Shapes","floor":35,"turns":4},{"damage":0,"enemies":"3 Darklings","floor":36,"turns":5},{"damage":0,"enemies":"Mind Bloom Boss Battle","floor":37,"turns":5},{"damage":26,"enemies":"Giant Head","floor":41,"turns":14},{"damage":0,"enemies":"Reptomancer","floor":44,"turns":9},{"damage":0,"enemies":"4 Shapes","floor":45,"turns":3},{"damage":0,"enemies":"Transient","floor":46,"turns":6},{"damage":0,"enemies":"Giant Head","floor":48,"turns":16},{"damage":0,"enemies":"Time Eater","floor":50,"turns":14},{"damage":5,"enemies":"Awakened One","floor":51,"turns":36},{"damage":0,"enemies":"Shield and Spear","floor":55,"turns":12},{"damage":52,"enemies":"The Heart","floor":56,"turns":8}],"seed_played":"4966001167283233619","potions_obtained":[{"floor":1,"key":"Swift Potion"},{"floor":2,"key":"Energy Potion"},{"floor":14,"key":"SpeedPotion"},{"floor":16,"key":"FearPotion"},{"floor":20,"key":"FairyPotion"},{"floor":27,"key":"LiquidBronze"},{"floor":29,"key":"Energy Potion"},{"floor":41,"key":"FearPotion"},{"floor":44,"key":"AttackPotion"}],"is_trial":false,"path_per_floor":["M","M","?","?","$","R","?","E","T","E","R","M","M","E","R","B",null,"M","?","M","?","M","R","M","E","T","M","R","E","?","$","R","B",null,"M","M","?","?","$","R","E","R","T","E","M","M","$","E","R","B","B",null,"R","$","E","B"],"character_chosen":"DEFECT","items_purchased":["Glacier","ClockworkSouvenir","Strength Potion","Bronze Scales","Block Potion","Swift Potion"],"campfire_rested":1,"item_purchase_floors":[31,31,31,39,39,47],"current_hp_per_floor":[54,54,54,54,54,54,36,16,16,7,28,33,42,41,41,41,64,55,55,49,35,19,19,24,26,26,26,26,26,26,26,26,26,33,33,33,33,33,33,33,19,19,19,19,19,19,19,19,19,35,30,34,34,34,34,0],"gold":54,"neow_bonus":"RANDOM_COLORLESS_2","is_prod":false,"is_daily":false,"chose_seed":false,"campfire_upgraded":8,"win_rate":0,"timestamp":1560114582,"path_taken":["M","M","?","?","$","R","?","E","T","E","R","M","M","E","R","BOSS","M","?","?","?","M","R","M","E","T","M","R","E","?","$","R","BOSS","M","M","?","?","?","R","E","R","T","E","?","M","$","E","R","BOSS","BOSS","R","$","E","BOSS"],"build_version":"2019-01-23","purchased_purges":4,"victory":false,"max_hp_per_floor":[71,71,71,71,71,71,71,71,71,71,71,71,71,71,71,71,71,71,71,71,35,35,35,35,35,35,35,35,35,35,35,35,35,35,35,35,35,35,35,35,35,35,35,35,35,35,35,35,35,35,35,35,35,35,35,35],"card_choices":[{"not_picked":["Static Discharge","Leap"],"picked":"Genetic Algorithm","floor":1},{"not_picked":["Conserve Battery","Blizzard"],"picked":"Rebound","floor":2},{"not_picked":["Coolheaded","Rebound"],"picked":"Ball Lightning","floor":8},{"not_picked":["Rip and Tear","Steam Power"],"picked":"Cold Snap","floor":10},{"not_picked":["Sweeping Beam","Hologram"],"picked":"Coolheaded","floor":12},{"not_picked":["Beam Cell","Cold Snap"],"picked":"Conserve Battery","floor":13},{"not_picked":["Steam","Tempest"],"picked":"Rebound","floor":14},{"not_picked":["Rainbow","Reboot"],"picked":"Buffer","floor":16},{"not_picked":["Rebound","Lockon","Aggregate"],"picked":"SKIP","floor":18},{"not_picked":["Conserve Battery+1","Hello World"],"picked":"Go for the Eyes+1","floor":20},{"not_picked":["Leap","Ball Lightning"],"picked":"Electrodynamics","floor":22},{"not_picked":["Steam","Turbo","Sweeping Beam+1"],"picked":"SKIP","floor":24},{"not_picked":["Recycle","Static Discharge"],"picked":"Undo","floor":25},{"not_picked":["Sunder","Beam Cell"],"picked":"Coolheaded+1","floor":27},{"not_picked":["Streamline","Chaos+1"],"picked":"Defragment+1","floor":29},{"not_picked":["Hyperbeam","Meteor Strike"],"picked":"Seek","floor":33},{"not_picked":["Sweeping Beam+1","Ball Lightning","Turbo+1"],"picked":"SKIP","floor":35},{"not_picked":["Redo","Barrage","Leap+1"],"picked":"SKIP","floor":36},{"not_picked":["Barrage","Ball Lightning"],"picked":"Consume","floor":41},{"not_picked":["Streamline","Stack+1"],"picked":"Defragment","floor":44},{"not_picked":["Cold Snap+1","Chill+1"],"picked":"Coolheaded+1","floor":45},{"not_picked":["Consume","Conserve Battery"],"picked":"Hologram+1","floor":45},{"not_picked":["Self Repair","Static Discharge+1"],"picked":"White Noise+1","floor":46},{"not_picked":["Meteor Strike","Genetic Algorithm"],"picked":"Hologram","floor":46},{"not_picked":["Auto Shields+1","Cold Snap"],"picked":"Buffer","floor":48},{"not_picked":["Redo+1","Go for the Eyes+1"],"picked":"Compile Driver","floor":55}],"player_experience":1722663,"relics_obtained":[{"floor":8,"key":"DataDisk"},{"floor":9,"key":"Ancient Tea Set"},{"floor":10,"key":"Meat on the Bone"},{"floor":14,"key":"Smiling Mask"},{"floor":25,"key":"Du-Vu Doll"},{"floor":26,"key":"Thread and Needle"},{"floor":29,"key":"Bag of Preparation"},{"floor":37,"key":"Prayer Wheel"},{"floor":41,"key":"Pantograph"},{"floor":44,"key":"Sundial"},{"floor":48,"key":"Whetstone"},{"floor":55,"key":"Gambling Chip"}],"event_choices":[{"damage_healed":0,"gold_gain":150,"player_choice":"AGREE","damage_taken":0,"max_hp_gain":0,"max_hp_loss":0,"event_name":"Liars Game","floor":3,"gold_loss":0,"cards_obtained":["Doubt"]},{"cards_removed":["Doubt"],"damage_healed":0,"gold_gain":0,"player_choice":"Card Removal","damage_taken":0,"max_hp_gain":0,"max_hp_loss":0,"event_name":"The Cleric","floor":4,"gold_loss":75},{"damage_healed":0,"gold_gain":0,"player_choice":"Success","damage_taken":18,"relics_obtained":["Bag of Marbles"],"max_hp_gain":0,"max_hp_loss":0,"event_name":"Scrap Ooze","floor":7,"gold_loss":0},{"damage_healed":0,"gold_gain":250,"player_choice":"Bet on Owner","damage_taken":0,"max_hp_gain":0,"max_hp_loss":0,"event_name":"The Joust","floor":19,"gold_loss":50},{"damage_healed":0,"gold_gain":0,"player_choice":"Became a Ghost","damage_taken":0,"max_hp_gain":0,"max_hp_loss":36,"event_name":"Ghosts","floor":21,"gold_loss":0,"cards_obtained":["Ghostly","Ghostly","Ghostly"]},{"cards_removed":["Strike_B"],"damage_healed":0,"gold_gain":0,"player_choice":"Gave Gold","damage_taken":0,"max_hp_gain":0,"max_hp_loss":0,"event_name":"Beggar","floor":30,"gold_loss":75},{"damage_healed":0,"gold_gain":0,"player_choice":"Fight","damage_taken":0,"max_hp_gain":0,"max_hp_loss":0,"event_name":"MindBloom","floor":37,"gold_loss":0},{"damage_healed":0,"gold_gain":0,"player_choice":"Ignored","damage_taken":0,"max_hp_gain":0,"max_hp_loss":0,"event_name":"Tomb of Lord Red Mask","floor":38,"gold_loss":0}],"is_beta":false,"boss_relics":[{"not_picked":["Runic Dome","Velvet Choker"],"picked":"Coffee Dripper"},{"not_picked":["Sozu","Busted Crown"],"picked":"Philosopher\u0027s Stone"}],"items_purged_floors":[5,31,39,47],"is_endless":false,"potions_floor_spawned":[1,2,14,16,20,27,29,41,44,46,48],"killed_by":"The Heart","ascension_level":20}