{"gold_per_floor":[115,115,115,5,58,58,333,333,333,352,384,394,408,421,421,421],"floor_reached":16,"playtime":500,"items_purged":[],"score":100,"play_id":"f9ea472d-97ab-49d4-a095-57117e6b586c","local_time":"20190702144305","is_ascension_mode":false,"campfire_choices":[{"data":"Dark Embrace","floor":6,"key":"SMITH"},{"data":"Pommel Strike","floor":8,"key":"SMITH"},{"data":"Anger","floor":15,"key":"SMITH"}],"neow_cost":"NONE","seed_source_timestamp":135016918159406,"circlet_count":0,"master_deck":["Strike_R","Strike_R","Strike_R","Strike_R","Strike_R","Defend_R","Defend_R+1","Defend_R+1","Defend_R","Bash","Dark Embrace+1","Pommel Strike+1","Regret","Sever Soul","Feel No Pain","Regret","Warcry","Reckless Charge","Pommel Strike","Warcry","Anger+1"],"relics":["Burning Blood","War Paint","Ancient Tea Set","Bronze Scales","Bottled Flame","Red Skull"],"potions_floor_usage":[16],"damage_taken":[{"damage":4,"enemies":"2 Louse","floor":1,"turns":3},{"damage":0,"enemies":"Small Slimes","floor":10,"turns":2},{"damage":27,"enemies":"Gremlin Nob","floor":11,"turns":4},{"damage":14,"enemies":"Jaw Worm","floor":12,"turns":2},{"damage":20,"enemies":"3 Louse","floor":13,"turns":3},{"damage":11,"enemies":"Exordium Thugs","floor":14,"turns":4},{"damage":32,"enemies":"Slime Boss","floor":16,"turns":6}],"seed_played":"8286119372019013862","potions_obtained":[{"floor":10,"key":"Dexterity Potion"},{"floor":12,"key":"SpeedPotion"},{"floor":14,"key":"GamblersBrew"}],"is_trial":false,"path_per_floor":["M","?","?","$","T","R","?","R","T","M","E","M","M","M","R","B"],"character_chosen":"IRONCLAD","items_purchased":["Sever Soul","Feel No Pain"],"campfire_rested":0,"item_purchase_floors":[4,4],"current_hp_per_floor":[80,80,77,77,77,77,77,77,77,80,59,51,37,32,32,0],"gold":421,"neow_bonus":"ONE_RANDOM_RARE_CARD","is_prod":false,"is_daily":false,"chose_seed":false,"campfire_upgraded":3,"win_rate":0.0,"timestamp":1562042585,"path_taken":["M","?","?","$","?","R","?","R","T","M","E","M","?","M","R","BOSS"],"build_version":"2019-07-01","purchased_purges":0,"victory":false,"max_hp_per_floor":[80,80,80,80,80,80,80,80,80,80,80,80,80,80,80,80],"card_choices":[{"not_picked":["Pummel","Thunderclap"],"picked":"Pommel Strike","floor":1},{"not_picked":["Carnage","True Grit"],"picked":"Warcry","floor":10},{"not_picked":["Shrug It Off","Juggernaut"],"picked":"Reckless Charge","floor":11},{"not_picked":["Dual Wield","Body Slam"],"picked":"Pommel Strike","floor":12},{"not_picked":["Blood for Blood","Entrench"],"picked":"Warcry","floor":13},{"not_picked":["Body Slam","Sword Boomerang"],"picked":"Anger","floor":14}],"player_experience":1856,"relics_obtained":[{"floor":5,"key":"Bronze Scales"},{"floor":9,"key":"Bottled Flame"},{"floor":11,"key":"Red Skull"}],"event_choices":[{"damage_healed":0,"gold_gain":0,"player_choice":"Box","damage_taken":0,"relics_obtained":["War Paint"],"max_hp_gain":0,"max_hp_loss":0,"event_name":"Big Fish","floor":2,"gold_loss":0,"cards_obtained":["Regret"]},{"damage_healed":0,"gold_gain":0,"player_choice":"Success","damage_taken":3,"relics_obtained":["Ancient Tea Set"],"max_hp_gain":0,"max_hp_loss":0,"event_name":"Scrap Ooze","floor":3,"gold_loss":0},{"damage_healed":0,"gold_gain":275,"player_choice":"Desecrate","damage_taken":0,"max_hp_gain":0,"max_hp_loss":0,"event_name":"Golden Shrine","floor":7,"gold_loss":0,"cards_obtained":["Regret"]}],"is_beta":false,"boss_relics":[],"items_purged_floors":[],"is_endless":false,"potions_floor_spawned":[10,12,14],"killed_by":"Slime Boss","ascension_level":0}