{"gold_per_floor":[116,126,141,156,156,170,181,206,206,206,225,253,253,271,271,271],"floor_reached":16,"playtime":1240,"items_purged":[],"score":141,"play_id":"7c37a85e-5f7b-4c70-a507-cda9b687a319","local_time":"20190709185827","is_ascension_mode":false,"campfire_choices":[{"data":"Noxious Fumes","floor":10,"key":"SMITH"},{"data":"Dodge and Roll","floor":13,"key":"SMITH"},{"floor":15,"key":"REST"}],"neow_cost":"NONE","seed_source_timestamp":869123936971529,"circlet_count":0,"master_deck":["Strike_G","Strike_G","Strike_G","Strike_G","Defend_G","Defend_G","Defend_G","Defend_G","Defend_G","Survivor","Neutralize","Distraction","Backflip","Dodge and Roll+1","Deadly Poison","Regret","Dash","Noxious Fumes+1","Backstab","Backflip","Noxious Fumes"],"relics":["Ring of the Snake","Vajra","Juzu Bracelet","Potion Belt","Strawberry"],"potions_floor_usage":[7,8,8,12,12,12,12,16],"damage_taken":[{"damage":0,"enemies":"2 Louse","floor":1,"turns":3},{"damage":4,"enemies":"Jaw Worm","floor":2,"turns":9},{"damage":0,"enemies":"Small Slimes","floor":3,"turns":4},{"damage":3,"enemies":"Exordium Wildlife","floor":4,"turns":5},{"damage":13,"enemies":"Lots of Slimes","floor":6,"turns":7},{"damage":2,"enemies":"Looter","floor":7,"turns":4},{"damage":41,"enemies":"3 Sentries","floor":8,"turns":13},{"damage":6,"enemies":"Blue Slaver","floor":11,"turns":3},{"damage":3,"enemies":"Gremlin Nob","floor":12,"turns":4},{"damage":8,"enemies":"Exordium Wildlife","floor":14,"turns":6},{"damage":27,"enemies":"Slime Boss","floor":16,"turns":7}],"seed_played":"7439773141192412836","potions_obtained":[{"floor":1,"key":"SneckoOil"},{"floor":4,"key":"PowerPotion"},{"floor":6,"key":"EntropicBrew"},{"floor":7,"key":"Fruit Juice"},{"floor":8,"key":"SkillPotion"}],"is_trial":false,"path_per_floor":["M","M","M","M","?","M","M","E","T","R","M","E","R","M","R","B"],"character_chosen":"THE_SILENT","items_purchased":[],"campfire_rested":1,"item_purchase_floors":[],"current_hp_per_floor":[70,66,66,63,63,50,48,12,12,12,6,10,10,2,26,0],"gold":271,"neow_bonus":"TRANSFORM_CARD","is_prod":false,"is_daily":false,"chose_seed":false,"campfire_upgraded":2,"win_rate":0,"timestamp":1562666307,"path_taken":["M","M","M","M","?","M","M","E","T","R","M","E","R","M","R","BOSS"],"build_version":"2019-07-05","purchased_purges":0,"victory":false,"max_hp_per_floor":[70,70,70,70,70,70,70,75,75,75,75,82,82,82,82,82],"card_choices":[{"not_picked":["Crippling Poison","Deadly Poison"],"picked":"Backflip","floor":1},{"not_picked":["Concentrate","Calculated Gamble"],"picked":"Dodge and Roll","floor":2},{"not_picked":["Tactician","Expertise"],"picked":"Deadly Poison","floor":3},{"not_picked":["Slice","Caltrops","Outmaneuver"],"picked":"SKIP","floor":4},{"not_picked":["Dagger Throw","Prepared","Dagger Spray"],"picked":"SKIP","floor":6},{"not_picked":["Prepared","Dagger Spray"],"picked":"Dash","floor":7},{"not_picked":["Corpse Explosion","Leg Sweep"],"picked":"Noxious Fumes","floor":8},{"not_picked":["Outmaneuver","Acrobatics"],"picked":"Backstab","floor":11},{"not_picked":["Blade Dance","Distraction"],"picked":"Backflip","floor":12},{"not_picked":["Quick Slash","Flechettes"],"picked":"Noxious Fumes","floor":14}],"player_experience":129263,"relics_obtained":[{"floor":8,"key":"Juzu Bracelet"},{"floor":9,"key":"Potion Belt"},{"floor":12,"key":"Strawberry"}],"event_choices":[{"damage_healed":0,"gold_gain":0,"player_choice":"Box","damage_taken":0,"relics_obtained":["Vajra"],"max_hp_gain":0,"max_hp_loss":0,"event_name":"Big Fish","floor":5,"gold_loss":0,"cards_obtained":["Regret"]}],"is_beta":false,"boss_relics":[],"items_purged_floors":[],"is_endless":false,"potions_floor_spawned":[1,4,6,7,8],"killed_by":"Slime Boss","ascension_level":0}