{"gold_per_floor":[116,116,139,154,170,170,184,198,198,53,74,88,88,68,68,193,193,217,217,235,255,30,30,51,64,88,126,140,140,163,179,179,310,310,329,4,0,24,45,85,100,131,154,173,19,19,144,62,62,62,62,62,10,41,41],"floor_reached":56,"playtime":8762,"items_purged":["Shame","Decay","Decay"],"score":1352,"play_id":"8a1ae5bd-1813-4a30-835f-af938639e798","local_time":"20190623190512","is_ascension_mode":false,"campfire_choices":[{"floor":6,"key":"REST"},{"floor":13,"key":"REST"},{"floor":15,"key":"REST"},{"floor":23,"key":"REST"},{"floor":29,"key":"REST"},{"floor":32,"key":"REST"},{"floor":46,"key":"RECALL"},{"floor":49,"key":"REST"},{"floor":52,"key":"REST"}],"neow_cost":"NONE","seed_source_timestamp":839139142687914,"circlet_count":0,"master_deck":["Defend_G","Defend_G","Defend_G","Defend_G","Defend_G","Strike_G","Strike_G","Strike_G","Survivor","Neutralize","Catalyst","Noxious Fumes","Well Laid Plans","Prepared","Poisoned Stab","Flying Knee","Crippling Poison+1","Dodge and Roll+1","PiercingWail+1","Night Terror+1","Catalyst+1","RitualDagger","Bouncing Flask+1","Deadly Poison+1","Distraction+1","Deflect+1","Dodge and Roll+1","Calculated Gamble+1","Slice","Prepared+1","Cloak And Dagger+1","Crippling Poison+1","Outmaneuver+1","Malaise+1","After Image+1","Accuracy+1","Catalyst+1","Backflip+1","Crippling Poison+1","Crippling Poison+1","Backflip+1","Leg Sweep+1","Dodge and Roll+1","Deflect+1","Dodge and Roll+1","Deadly Poison+1","Escape Plan+1","PiercingWail+1","Bouncing Flask+1","PiercingWail+1"],"relics":["Calling Bell","Snake Skull","Shuriken","Mango","Golden Idol","Toxic Egg 2","Fusion Hammer","Art of War","Dream Catcher","Astrolabe","Strawberry","Red Mask","Torii","Blue Candle","Gambling Chip","Bottled Lightning"],"potions_floor_usage":[4,5,16,16,21,25,33,33,40,42,55,55],"damage_taken":[{"damage":0,"enemies":"2 Louse","floor":1,"turns":4},{"damage":14,"enemies":"Jaw Worm","floor":3,"turns":5},{"damage":18,"enemies":"Cultist","floor":4,"turns":6},{"damage":9,"enemies":"2 Fungi Beasts","floor":5,"turns":4},{"damage":12,"enemies":"3 Louse","floor":7,"turns":4},{"damage":4,"enemies":"Exordium Wildlife","floor":8,"turns":2},{"damage":19,"enemies":"Gremlin Gang","floor":11,"turns":3},{"damage":0,"enemies":"3 Louse","floor":12,"turns":2},{"damage":10,"enemies":"Slime Boss","floor":16,"turns":11},{"damage":27,"enemies":"3 Byrds","floor":18,"turns":5},{"damage":8,"enemies":"Spheric Guardian","floor":20,"turns":4},{"damage":9,"enemies":"Cultist and Chosen","floor":21,"turns":5},{"damage":0,"enemies":"Sentry and Sphere","floor":24,"turns":4},{"damage":2,"enemies":"Centurion and Healer","floor":25,"turns":4},{"damage":18,"enemies":"Gremlin Leader","floor":27,"turns":6},{"damage":15,"enemies":"Snake Plant","floor":28,"turns":3},{"damage":3,"enemies":"Snecko","floor":30,"turns":3},{"damage":5,"enemies":"Chosen and Byrds","floor":31,"turns":5},{"damage":67,"enemies":"Champ","floor":33,"turns":7},{"damage":5,"enemies":"3 Shapes","floor":35,"turns":4},{"damage":0,"enemies":"3 Darklings","floor":38,"turns":4},{"damage":8,"enemies":"Writhing Mass","floor":39,"turns":4},{"damage":0,"enemies":"Nemesis","floor":40,"turns":3},{"damage":1,"enemies":"Maw","floor":41,"turns":5},{"damage":0,"enemies":"Giant Head","floor":42,"turns":6},{"damage":1,"enemies":"Sphere and 2 Shapes","floor":44,"turns":5},{"damage":1,"enemies":"Mind Bloom Boss Battle","floor":47,"turns":6},{"damage":43,"enemies":"Donu and Deca","floor":50,"turns":9},{"damage":10,"enemies":"Shield and Spear","floor":54,"turns":7},{"damage":54,"enemies":"The Heart","floor":55,"turns":8}],"seed_played":"5314465042148514844","potions_obtained":[{"floor":3,"key":"SkillPotion"},{"floor":4,"key":"Poison Potion"},{"floor":7,"key":"Dexterity Potion"},{"floor":12,"key":"SpeedPotion"},{"floor":14,"key":"Weak Potion"},{"floor":16,"key":"Regen Potion"},{"floor":20,"key":"SteroidPotion"},{"floor":21,"key":"Regen Potion"},{"floor":27,"key":"Energy Potion"},{"floor":28,"key":"PowerPotion"},{"floor":30,"key":"PowerPotion"},{"floor":35,"key":"Ancient Potion"},{"floor":38,"key":"AttackPotion"},{"floor":40,"key":"SteroidPotion"},{"floor":42,"key":"Dexterity Potion"}],"is_trial":false,"path_per_floor":["M","?","M","M","M","R","M","M","T","$","M","M","R","?","R","B",null,"M","?","M","M","$","R","M","M","T","E","M","R","M","M","R","B",null,"M","$","?","M","M","E","M","E","T","M","$","R","?","$","R","B",null,"R","$","E","B",null],"character_chosen":"THE_SILENT","items_purchased":["Crippling Poison+1","Distraction+1","Deflect+1","Strawberry","Backflip+1","FairyPotion","Dodge and Roll+1","Escape Plan+1","PiercingWail+1"],"campfire_rested":8,"item_purchase_floors":[10,22,22,36,36,45,45,48,53],"current_hp_per_floor":[84,63,49,31,22,47,35,31,31,31,12,12,37,37,62,52,84,57,51,43,49,49,74,74,84,84,66,51,76,73,68,84,17,84,79,86,86,86,78,78,77,77,77,76,76,76,75,75,91,48,91,91,91,81,27],"gold":41,"neow_bonus":"BOSS_RELIC","is_prod":false,"is_daily":false,"chose_seed":false,"campfire_upgraded":0,"win_rate":0,"timestamp":1561331112,"path_taken":["M","?","M","M","M","R","M","M","T","$","M","M","R","?","R","BOSS","M","?","M","M","$","R","M","M","T","E","M","R","M","M","R","BOSS","M","$","?","M","M","E","M","E","T","M","$","R","?","?","R","BOSS","R","$","E","BOSS"],"build_version":"2019-01-23","purchased_purges":3,"victory":true,"max_hp_per_floor":[84,84,84,84,84,84,84,84,84,84,84,84,84,84,84,84,84,84,84,84,84,84,84,84,84,84,84,84,84,84,84,84,84,84,84,91,91,91,91,91,91,91,91,91,91,91,91,91,91,91,91,91,91,91,91],"card_choices":[{"not_picked":["PiercingWail","Reflex"],"picked":"Catalyst","floor":1},{"not_picked":["Choke","Bullet Time"],"picked":"Noxious Fumes","floor":3},{"not_picked":["Backflip","Slice"],"picked":"Well Laid Plans","floor":4},{"not_picked":["Flying Knee","Dash"],"picked":"Prepared","floor":5},{"not_picked":["Prepared","Bane"],"picked":"Poisoned Stab","floor":7},{"not_picked":["Choke","Finisher"],"picked":"Flying Knee","floor":8},{"not_picked":["Infinite Blades","Outmaneuver+1"],"picked":"Dodge and Roll+1","floor":11},{"not_picked":["Bane","Infinite Blades"],"picked":"PiercingWail+1","floor":12},{"not_picked":["A Thousand Cuts","Glass Knife"],"picked":"Night Terror+1","floor":16},{"not_picked":["Backflip+1","Slice"],"picked":"Catalyst+1","floor":18},{"not_picked":["Dodge and Roll+1","Deflect+1"],"picked":"Bouncing Flask+1","floor":20},{"not_picked":["Poisoned Stab","Cloak And Dagger+1"],"picked":"Deadly Poison+1","floor":21},{"not_picked":["Prepared+1","Blade Dance+1"],"picked":"Dodge and Roll+1","floor":24},{"not_picked":["Reflex+1","Heel Hook"],"picked":"Calculated Gamble+1","floor":25},{"not_picked":["Well Laid Plans","PiercingWail+1"],"picked":"Slice","floor":27},{"not_picked":["Dagger Throw","Endless Agony"],"picked":"Prepared+1","floor":28},{"not_picked":["Choke+1","A Thousand Cuts"],"picked":"Cloak And Dagger+1","floor":29},{"not_picked":["Underhanded Strike","All Out Attack"],"picked":"Crippling Poison+1","floor":30},{"not_picked":["Eviscerate+1","Accuracy+1"],"picked":"Outmaneuver+1","floor":31},{"not_picked":["Glass Knife","Envenom"],"picked":"Malaise+1","floor":33},{"not_picked":["Bouncing Flask+1","Expertise+1"],"picked":"Catalyst+1","floor":35},{"not_picked":["Catalyst+1","Underhanded Strike"],"picked":"Crippling Poison+1","floor":38},{"not_picked":["Outmaneuver+1","Poisoned Stab"],"picked":"Crippling Poison+1","floor":39},{"not_picked":["Dagger Throw+1","Quick Slash+1"],"picked":"Backflip+1","floor":40},{"not_picked":["Dagger Throw+1","Riddle With Holes"],"picked":"Leg Sweep+1","floor":41},{"not_picked":["Dash","Sucker Punch"],"picked":"Dodge and Roll+1","floor":42},{"not_picked":["Glass Knife","Setup+1"],"picked":"Deflect+1","floor":44},{"not_picked":["Prepared+1","Underhanded Strike+1"],"picked":"Deadly Poison+1","floor":47},{"not_picked":["Quick Slash","Flechettes"],"picked":"PiercingWail+1","floor":49},{"not_picked":["Tactician+1","Noxious Fumes"],"picked":"Bouncing Flask+1","floor":52},{"not_picked":["Masterful Stab","PiercingWail+1","Die Die Die"],"picked":"SKIP","floor":54}],"player_experience":198211,"relics_obtained":[{"floor":0,"key":"Snake Skull"},{"floor":0,"key":"Shuriken"},{"floor":0,"key":"Mango"},{"floor":9,"key":"Toxic Egg 2"},{"floor":26,"key":"Art of War"},{"floor":27,"key":"Dream Catcher"},{"floor":40,"key":"Torii"},{"floor":42,"key":"Blue Candle"},{"floor":47,"key":"Gambling Chip"},{"floor":54,"key":"Bottled Lightning"}],"event_choices":[{"damage_healed":0,"gold_gain":0,"player_choice":"Take Damage","damage_taken":21,"relics_obtained":["Golden Idol"],"max_hp_gain":0,"max_hp_loss":0,"event_name":"Golden Idol","floor":2,"gold_loss":0},{"damage_healed":0,"gold_gain":0,"player_choice":"Bought 1 Potion","damage_taken":0,"max_hp_gain":0,"max_hp_loss":0,"event_name":"The Woman in Blue","floor":14,"gold_loss":0},{"damage_healed":0,"gold_gain":0,"player_choice":"Joined the Cult","damage_taken":6,"max_hp_gain":0,"max_hp_loss":0,"event_name":"Nest","floor":19,"gold_loss":0,"cards_obtained":["RitualDagger"]},{"damage_healed":0,"gold_gain":0,"player_choice":"Paid","damage_taken":0,"relics_obtained":["Red Mask"],"max_hp_gain":0,"max_hp_loss":0,"event_name":"Tomb of Lord Red Mask","floor":37,"gold_loss":4},{"damage_healed":0,"gold_gain":0,"player_choice":"Fight","damage_taken":0,"max_hp_gain":0,"max_hp_loss":0,"event_name":"MindBloom","floor":47,"gold_loss":0}],"is_beta":false,"boss_relics":[{"not_picked":["Orrery","Ectoplasm"],"picked":"Fusion Hammer"},{"not_picked":["Coffee Dripper","Tiny House"],"picked":"Astrolabe"}],"items_purged_floors":[10,22,36],"is_endless":false,"potions_floor_spawned":[3,4,7,12,16,20,21,27,28,30,35,38,40,42],"ascension_level":0}