{"gold_per_floor":[359,384,265,8,27,27,56,56,56,91,35,35,60,78,78,153,153,171,171,191,7,19,52,52,80,106,106,18,30,59,70,70,148,148,163,215,227,227,1226,1226,787,812,812,812,838,838,838,848,848,848],"floor_reached":50,"playtime":2805,"items_purged":["Strike_B","Strike_B","Normality"],"score":1109,"play_id":"e4e3e55a-7eb5-4608-97a6-226c961409d3","local_time":"20190701202020","is_ascension_mode":true,"campfire_choices":[{"data":"Zap","floor":6,"key":"SMITH"},{"floor":12,"key":"REST"},{"data":"Hologram","floor":15,"key":"SMITH"},{"floor":24,"key":"REST"},{"floor":27,"key":"REST"},{"data":"Defragment","floor":32,"key":"SMITH"},{"data":"Blizzard","floor":40,"key":"SMITH"},{"floor":44,"key":"RECALL"},{"floor":49,"key":"REST"}],"neow_cost":"TEN_PERCENT_HP_LOSS","seed_source_timestamp":636664210183736,"circlet_count":0,"master_deck":["AscendersBane","Strike_B","Strike_B","Defend_B","Defend_B","Defend_B","Defend_B","Zap+1","Dualcast","Compile Driver","Capacitor","Cold Snap","Barrage","Hologram+1","Undo","Core Surge","Glacier","Compile Driver","Coolheaded","Blizzard+1","Defragment+1","Coolheaded","Conserve Battery","Barrage","Chill","Electrodynamics","Buffer","Writhe","Normality","Self Repair","Storm","Panacea","Discovery"],"relics":["Cracked Core","Art of War","Pen Nib","Matryoshka","Centennial Puzzle","DataDisk","Cables","Mango","Inserter","Oddly Smooth Stone","Bag of Preparation","Juzu Bracelet","Blood Vial","Lantern","Sozu","WingedGreaves","Sling","Mummified Hand","Regal Pillow"],"potions_floor_usage":[7,16,23,30,30],"damage_taken":[{"damage":0,"enemies":"Cultist","floor":1,"turns":3},{"damage":1,"enemies":"Small Slimes","floor":5,"turns":3},{"damage":19,"enemies":"Lagavulin","floor":7,"turns":8},{"damage":25,"enemies":"3 Sentries","floor":10,"turns":9},{"damage":16,"enemies":"Lagavulin","floor":13,"turns":5},{"damage":2,"enemies":"Jaw Worm","floor":14,"turns":2},{"damage":11,"enemies":"Hexaghost","floor":16,"turns":8},{"damage":8,"enemies":"Shell Parasite","floor":18,"turns":6},{"damage":9,"enemies":"2 Thieves","floor":20,"turns":4},{"damage":9,"enemies":"Snake Plant","floor":22,"turns":7},{"damage":23,"enemies":"Slavers","floor":23,"turns":5},{"damage":5,"enemies":"Book of Stabbing","floor":25,"turns":6},{"damage":0,"enemies":"Centurion and Healer","floor":29,"turns":7},{"damage":20,"enemies":"Slavers","floor":30,"turns":3},{"damage":0,"enemies":"Sentry and Sphere","floor":31,"turns":8},{"damage":12,"enemies":"Automaton","floor":33,"turns":12},{"damage":0,"enemies":"3 Shapes","floor":35,"turns":2},{"damage":5,"enemies":"2 Orb Walkers","floor":36,"turns":6},{"damage":43,"enemies":"3 Darklings","floor":37,"turns":4},{"damage":14,"enemies":"Nemesis","floor":42,"turns":13},{"damage":0,"enemies":"4 Shapes","floor":48,"turns":6},{"damage":89,"enemies":"Awakened One","floor":50,"turns":6}],"seed_played":"-8079512230695496768","potions_obtained":[{"floor":5,"key":"SkillPotion"},{"floor":7,"key":"Strength Potion"},{"floor":14,"key":"SkillPotion"},{"floor":23,"key":"Block Potion"},{"floor":25,"key":"SkillPotion"},{"floor":29,"key":"Weak Potion"},{"floor":30,"key":"Ancient Potion"},{"floor":31,"key":"SneckoOil"}],"is_trial":false,"path_per_floor":["M","T","$","$","M","R","E","?","T","E","$","R","E","M","R","B",null,"M","?","M","$","M","E","R","E","T","R","$","M","E","M","R","B",null,"M","?","M","?","?","R","$","E","T","R","T","?","?","M","R","B"],"character_chosen":"DEFECT","items_purchased":["Capacitor","Pen Nib","Explosive Potion","Blizzard","Defragment","Coolheaded","Chill","Sling","Self Repair"],"campfire_rested":4,"item_purchase_floors":[3,4,11,21,21,21,28,41,41],"current_hp_per_floor":[64,64,64,64,63,63,44,33,33,8,8,27,25,23,23,12,62,54,54,45,45,36,13,36,31,31,54,54,56,38,40,40,30,66,68,65,24,40,40,40,40,35,35,35,35,25,25,34,72,0],"gold":848,"neow_bonus":"TWO_FIFTY_GOLD","is_prod":false,"is_daily":false,"chose_seed":false,"campfire_upgraded":4,"win_rate":0,"timestamp":1562030420,"path_taken":["M","?","?","$","M","R","E","?","T","E","?","R","E","M","R","BOSS","M","?","?","$","M","E","R","E","T","R","$","M","E","M","R","BOSS","M","?","M","?","?","R","$","E","T","R","?","?","?","M","R","BOSS"],"build_version":"2019-06-30","purchased_purges":3,"victory":false,"max_hp_per_floor":[64,64,64,64,64,64,64,64,64,64,64,64,78,78,78,78,78,78,78,78,78,78,78,78,78,78,78,78,78,78,78,78,78,78,78,78,78,78,78,78,78,78,78,78,78,78,78,78,78,78],"card_choices":[{"not_picked":["Rip and Tear","Streamline"],"picked":"Compile Driver","floor":1},{"not_picked":["Leap","Loop"],"picked":"Cold Snap","floor":5},{"not_picked":["Streamline","Stack","Aggregate"],"picked":"SKIP","floor":7},{"not_picked":["Leap","Hologram"],"picked":"Barrage","floor":10},{"not_picked":["Reboot","Steam"],"picked":"Hologram","floor":13},{"not_picked":["Redo","Gash"],"picked":"Undo","floor":14},{"not_picked":["Thunder Strike","Rainbow"],"picked":"Core Surge","floor":16},{"not_picked":["Cold Snap","Consume"],"picked":"Glacier","floor":18},{"not_picked":["Turbo","Hologram+1"],"picked":"Coolheaded","floor":20},{"not_picked":["Heatsinks","Beam Cell"],"picked":"Conserve Battery","floor":22},{"not_picked":["All For One","Stack"],"picked":"Barrage","floor":23},{"not_picked":["Darkness","Heatsinks","Hologram"],"picked":"SKIP","floor":25},{"not_picked":["Recycle","Gash"],"picked":"Electrodynamics","floor":29},{"not_picked":["Lockon","Reprogram","Stack"],"picked":"SKIP","floor":30},{"not_picked":["Auto Shields","Tempest","BootSequence"],"picked":"SKIP","floor":31},{"not_picked":["Machine Learning","Rainbow"],"picked":"Buffer","floor":33},{"not_picked":["Stack","Recycle","Hello World"],"picked":"SKIP","floor":35},{"not_picked":["Beam Cell","Leap","Reboot"],"picked":"SKIP","floor":37},{"not_picked":["Stack","Lockon+1"],"picked":"Storm","floor":42},{"not_picked":["PanicButton","Magnetism"],"picked":"Panacea","floor":46},{"not_picked":["Bandage Up","Panacea"],"picked":"Discovery","floor":46},{"not_picked":["Ball Lightning","Steam","Redo"],"picked":"SKIP","floor":48}],"player_experience":1632789,"relics_obtained":[{"floor":2,"key":"Art of War"},{"floor":7,"key":"Matryoshka"},{"floor":9,"key":"Centennial Puzzle"},{"floor":9,"key":"DataDisk"},{"floor":10,"key":"Cables"},{"floor":13,"key":"Mango"},{"floor":23,"key":"Oddly Smooth Stone"},{"floor":25,"key":"Bag of Preparation"},{"floor":26,"key":"Juzu Bracelet"},{"floor":26,"key":"Blood Vial"},{"floor":30,"key":"Lantern"},{"floor":36,"key":"WingedGreaves"},{"floor":42,"key":"Mummified Hand"},{"floor":45,"key":"Regal Pillow"}],"event_choices":[{"damage_healed":0,"gold_gain":0,"player_choice":"Fled","damage_taken":11,"max_hp_gain":0,"max_hp_loss":0,"event_name":"Scrap Ooze","floor":8,"gold_loss":0},{"damage_healed":0,"gold_gain":0,"player_choice":"1 cards matched","damage_taken":0,"max_hp_gain":0,"max_hp_loss":0,"event_name":"Match and Keep!","floor":19,"gold_loss":0,"cards_obtained":["Compile Driver"]},{"damage_healed":0,"gold_gain":0,"player_choice":"Fight","damage_taken":0,"max_hp_gain":0,"max_hp_loss":0,"event_name":"Mysterious Sphere","floor":36,"gold_loss":0},{"damage_healed":16,"gold_gain":0,"player_choice":"Writhe","damage_taken":0,"max_hp_gain":0,"max_hp_loss":0,"event_name":"Winding Halls","floor":38,"gold_loss":0,"cards_obtained":["Writhe"]},{"damage_healed":0,"gold_gain":999,"player_choice":"Gold","damage_taken":0,"max_hp_gain":0,"max_hp_loss":0,"event_name":"MindBloom","floor":39,"gold_loss":0,"cards_obtained":["Normality","Normality"]},{"damage_healed":0,"gold_gain":0,"player_choice":"Memory 3","damage_taken":10,"max_hp_gain":0,"max_hp_loss":0,"event_name":"SensoryStone","floor":46,"gold_loss":0},{"damage_healed":0,"gold_gain":0,"player_choice":"Ignored","damage_taken":0,"max_hp_gain":0,"max_hp_loss":0,"event_name":"Tomb of Lord Red Mask","floor":47,"gold_loss":0}],"is_beta":true,"boss_relics":[{"not_picked":["Coffee Dripper","Orrery"],"picked":"Inserter"},{"not_picked":["Empty Cage","White Beast Statue"],"picked":"Sozu"}],"items_purged_floors":[3,4,41],"is_endless":false,"potions_floor_spawned":[5,7,14,23,25,29,30,31,35,48],"killed_by":"Awakened One","ascension_level":20}