{"gold_per_floor":[116,37,48,48,60,77,90,102,126,138,225,257,298,329,341,450,462,490,171,68,81,99,99,114,114,114,125,144,161,161,172,172,172],"floor_reached":33,"playtime":5747,"items_purged":[],"score":284,"play_id":"a6bc10ac-79fa-4213-b851-5e1dbfdc2c65","local_time":"20190708211032","is_ascension_mode":false,"campfire_choices":[{"data":"Perfected Strike","floor":10,"key":"SMITH"},{"floor":15,"key":"REST"},{"data":"Armaments","floor":23,"key":"SMITH"},{"data":"Armaments","floor":25,"key":"SMITH"},{"data":"Shrug It Off","floor":30,"key":"SMITH"},{"data":"Entrench","floor":32,"key":"SMITH"}],"neow_cost":"","seed_source_timestamp":1201263138250100,"circlet_count":0,"master_deck":["Strike_R","Strike_R","Strike_R","Strike_R","Strike_R","Defend_R","Defend_R","Defend_R","Defend_R","Bash","Infernal Blade","Shrug It Off+1","Uppercut","Armaments+1","Second Wind","Body Slam","Body Slam","Perfected Strike+1","Dropkick","True Grit","Armaments","Shrug It Off","Juggernaut","Pommel Strike","Finesse","Iron Wave","Perfected Strike+1","Armaments+1","Metallicize","Infernal Blade+1","Warcry","Warcry","Perfected Strike","Iron Wave","True Grit","Entrench+1"],"relics":["Burning Blood","MawBank","Ginger","Coffee Dripper","DollysMirror","Dream Catcher"],"potions_floor_usage":[16,16,16,28,29,33],"damage_taken":[{"damage":13,"enemies":"Small Slimes","floor":1,"turns":4},{"damage":0,"enemies":"Cultist","floor":3,"turns":3},{"damage":1,"enemies":"2 Louse","floor":4,"turns":3},{"damage":0,"enemies":"2 Fungi Beasts","floor":5,"turns":4},{"damage":2,"enemies":"Looter","floor":6,"turns":3},{"damage":1,"enemies":"Exordium Thugs","floor":7,"turns":6},{"damage":20,"enemies":"Exordium Wildlife","floor":8,"turns":6},{"damage":4,"enemies":"Blue Slaver","floor":12,"turns":4},{"damage":23,"enemies":"Gremlin Nob","floor":13,"turns":5},{"damage":0,"enemies":"Large Slime","floor":14,"turns":5},{"damage":46,"enemies":"The Guardian","floor":16,"turns":10},{"damage":26,"enemies":"3 Byrds","floor":18,"turns":5},{"damage":7,"enemies":"2 Thieves","floor":21,"turns":4},{"damage":23,"enemies":"Centurion and Healer","floor":22,"turns":4},{"damage":17,"enemies":"Snake Plant","floor":24,"turns":4},{"damage":10,"enemies":"Snecko","floor":27,"turns":4},{"damage":9,"enemies":"Centurion and Healer","floor":28,"turns":3},{"damage":3,"enemies":"Shelled Parasite and Fungi","floor":29,"turns":5},{"damage":24,"enemies":"3 Cultists","floor":31,"turns":7},{"damage":14,"enemies":"Champ","floor":33,"turns":5}],"seed_played":"9205357443536967399","potions_obtained":[{"floor":1,"key":"Poison Potion"},{"floor":3,"key":"FearPotion"},{"floor":7,"key":"Ancient Potion"},{"floor":13,"key":"GamblersBrew"},{"floor":22,"key":"Fire Potion"},{"floor":28,"key":"Block Potion"},{"floor":29,"key":"LiquidBronze"}],"is_trial":false,"path_per_floor":["M","$","M","M","M","M","M","M","T","R","?","M","E","M","R","B",null,"M","$","$","M","M","R","M","R","T","M","M","M","R","M","R","B"],"character_chosen":"IRONCLAD","items_purchased":["Shrug It Off","Uppercut","Finesse","Iron Wave","DollysMirror","Armaments","Metallicize"],"campfire_rested":1,"item_purchase_floors":[2,2,19,19,19,20,20],"current_hp_per_floor":[73,73,79,80,80,80,80,66,66,66,58,60,43,49,73,33,80,60,60,60,59,42,42,31,31,31,27,24,27,27,9,9,0],"gold":172,"neow_bonus":"","is_prod":false,"is_daily":false,"chose_seed":false,"campfire_upgraded":5,"win_rate":0.0,"timestamp":1562634632,"path_taken":["M","$","M","M","M","M","M","M","T","R","?","?","E","M","R","BOSS","M","?","$","M","M","R","M","R","T","M","M","?","R","M","R","BOSS"],"build_version":"2019-07-05","purchased_purges":0,"victory":false,"max_hp_per_floor":[80,80,80,80,80,80,80,80,80,80,80,80,80,80,80,80,80,80,80,80,80,80,80,80,80,80,80,80,80,80,80,80,80],"card_choices":[{"not_picked":["Power Through","Dual Wield"],"picked":"Infernal Blade","floor":1},{"not_picked":["True Grit","Carnage"],"picked":"Armaments","floor":3},{"not_picked":["Clothesline","Pommel Strike"],"picked":"Second Wind","floor":4},{"not_picked":["Bloodletting","Sword Boomerang"],"picked":"Body Slam","floor":5},{"not_picked":["Clothesline","Hemokinesis"],"picked":"Body Slam","floor":6},{"not_picked":["Battle Trance","Warcry"],"picked":"Perfected Strike","floor":7},{"not_picked":["Headbutt","Berserk"],"picked":"Dropkick","floor":8},{"not_picked":["Headbutt","Rupture"],"picked":"True Grit","floor":12},{"not_picked":["Sword Boomerang","Thunderclap"],"picked":"Armaments","floor":13},{"not_picked":["Uppercut","Whirlwind"],"picked":"Shrug It Off","floor":14},{"not_picked":["Feed","Bludgeon"],"picked":"Juggernaut","floor":16},{"not_picked":["Twin Strike","Hemokinesis"],"picked":"Pommel Strike","floor":18},{"not_picked":["Perfected Strike","Twin Strike"],"picked":"Infernal Blade+1","floor":21},{"not_picked":["Pommel Strike","Headbutt+1"],"picked":"Warcry","floor":22},{"not_picked":["Perfected Strike","Anger+1"],"picked":"Warcry","floor":24},{"not_picked":["Flex","Pommel Strike"],"picked":"Perfected Strike","floor":27},{"not_picked":["Bludgeon","Inflame+1"],"picked":"Iron Wave","floor":28},{"not_picked":["Reckless Charge+1","Cleave"],"picked":"True Grit","floor":29},{"not_picked":["Warcry+1","Uppercut"],"picked":"Entrench","floor":31}],"player_experience":0,"relics_obtained":[{"floor":9,"key":"MawBank"},{"floor":13,"key":"Ginger"},{"floor":26,"key":"Dream Catcher"}],"event_choices":[{"damage_healed":0,"gold_gain":75,"player_choice":"Touch","damage_taken":8,"max_hp_gain":0,"max_hp_loss":0,"event_name":"FaceTrader","floor":11,"gold_loss":0}],"is_beta":false,"boss_relics":[{"not_picked":["Runic Dome","Eternal Feather"],"picked":"Coffee Dripper"}],"items_purged_floors":[],"is_endless":false,"potions_floor_spawned":[1,3,7,13,14,22,28,29],"killed_by":"Champ","ascension_level":0}