{"gold_per_floor":[360,360,360,535,6,6,31,31,31,31,62,62,62,78,78,201,201,217,211,211],"floor_reached":20,"playtime":1488,"items_purged":["Doubt"],"score":170,"play_id":"4a51a825-4eea-4a72-bef0-e3177b1547ed","local_time":"20190707090114","is_ascension_mode":false,"campfire_choices":[{"data":"Coolheaded","floor":6,"key":"SMITH"},{"data":"Barrage","floor":8,"key":"SMITH"},{"data":"FTL","floor":10,"key":"SMITH"},{"data":"Loop","floor":15,"key":"SMITH"}],"neow_cost":"PERCENT_DAMAGE","seed_source_timestamp":660238013910825,"circlet_count":0,"master_deck":["Strike_B","Strike_B","Strike_B","Defend_B","Defend_B","Defend_B","Defend_B","Zap","Dualcast","Coolheaded+1","FTL+1","Barrage+1","Loop+1","Gash","Echo Form","Parasite","Pain","Parasite","Force Field"],"relics":["Cracked Core","Golden Idol","Toy Ornithopter","Singing Bowl","Bottled Flame","Pantograph","Calling Bell","Oddly Smooth Stone","Kunai","Incense Burner"],"potions_floor_usage":[11,19],"damage_taken":[{"damage":8,"enemies":"Jaw Worm","floor":1,"turns":4},{"damage":0,"enemies":"Small Slimes","floor":7,"turns":5},{"damage":32,"enemies":"Gremlin Nob","floor":11,"turns":4},{"damage":0,"enemies":"Cultist","floor":14,"turns":2},{"damage":3,"enemies":"Slime Boss","floor":16,"turns":9},{"damage":24,"enemies":"Chosen","floor":18,"turns":6},{"damage":37,"enemies":"2 Thieves","floor":19,"turns":5},{"damage":21,"enemies":"Shelled Parasite and Fungi","floor":20,"turns":3}],"seed_played":"3239128832394033904","potions_obtained":[{"floor":7,"key":"PowerPotion"},{"floor":18,"key":"Energy Potion"}],"is_trial":false,"path_per_floor":["M","?","?","?","$","R","M","R","T","R","E","$","?","M","R","B",null,"M","M","M"],"character_chosen":"DEFECT","items_purchased":["Toy Ornithopter","Singing Bowl"],"campfire_rested":0,"item_purchase_floors":[5,5],"current_hp_per_floor":[46,46,28,28,28,28,28,28,28,28,1,1,26,26,26,48,75,53,21,0],"gold":211,"neow_bonus":"TWO_FIFTY_GOLD","is_prod":false,"is_daily":false,"chose_seed":false,"campfire_upgraded":4,"win_rate":0,"timestamp":1562457674,"path_taken":["M","?","?","?","$","R","M","R","T","R","E","$","?","M","R","BOSS","M","M","M"],"build_version":"2019-07-05","purchased_purges":1,"victory":false,"max_hp_per_floor":[75,75,75,75,75,75,75,75,75,75,75,75,75,75,75,75,75,77,77,77],"card_choices":[{"not_picked":["Beam Cell","Conserve Battery"],"picked":"Coolheaded","floor":1},{"not_picked":["Streamline","Double Energy"],"picked":"Barrage","floor":7},{"not_picked":["Gash","Blizzard"],"picked":"Loop","floor":11},{"not_picked":["Heatsinks","Sweeping Beam"],"picked":"Gash","floor":14},{"not_picked":["Buffer","Seek"],"picked":"Echo Form","floor":16},{"not_picked":["Steam","Reprogram","Rip and Tear"],"picked":"Singing Bowl","floor":18},{"not_picked":["Consume","Blizzard"],"picked":"Force Field","floor":19}],"player_experience":82073,"relics_obtained":[{"floor":9,"key":"Bottled Flame"},{"floor":11,"key":"Pantograph"},{"floor":17,"key":"Oddly Smooth Stone"},{"floor":17,"key":"Kunai"},{"floor":17,"key":"Incense Burner"}],"event_choices":[{"damage_healed":0,"gold_gain":0,"cards_transformed":["Strike_B"],"player_choice":"Change","damage_taken":0,"max_hp_gain":0,"max_hp_loss":0,"event_name":"Living Wall","floor":2,"gold_loss":0,"cards_obtained":["FTL"]},{"damage_healed":0,"gold_gain":0,"player_choice":"Take Damage","damage_taken":18,"relics_obtained":["Golden Idol"],"max_hp_gain":0,"max_hp_loss":0,"event_name":"Golden Idol","floor":3,"gold_loss":0},{"damage_healed":0,"gold_gain":175,"player_choice":"AGREE","damage_taken":0,"max_hp_gain":0,"max_hp_loss":0,"event_name":"Liars Game","floor":4,"gold_loss":0,"cards_obtained":["Doubt"]},{"damage_healed":25,"gold_gain":0,"player_choice":"Banana","damage_taken":0,"max_hp_gain":0,"max_hp_loss":0,"event_name":"Big Fish","floor":13,"gold_loss":0}],"is_beta":false,"boss_relics":[{"not_picked":["Tiny House","Ectoplasm"],"picked":"Calling Bell"}],"items_purged_floors":[5],"is_endless":false,"potions_floor_spawned":[7,18],"killed_by":"Shelled Parasite and Fungi","ascension_level":0}