{"gold_per_floor":[115,40,40,40,40,65,65,99,125,141,174,174,188,28,28,104,104,123,123,142,161,174,174,203,213,239,27,27,56,56,71,71,150,150,161,179,179,189,208,208,234,234,234,234,251,280,280,17,17,17,17],"floor_reached":51,"playtime":2772,"items_purged":["Strike_G"],"score":1626,"play_id":"9ea890be-9ed5-4286-915d-4cfb68aa7e4d","local_time":"20190601201341","is_ascension_mode":true,"campfire_choices":[{"data":"Footwork","floor":7,"key":"SMITH"},{"data":"Catalyst","floor":12,"key":"SMITH"},{"data":"Crippling Poison","floor":15,"key":"SMITH"},{"data":"After Image","floor":23,"key":"SMITH"},{"floor":28,"key":"REST"},{"data":"Malaise","floor":30,"key":"SMITH"},{"floor":32,"key":"REST"},{"data":"Crippling Poison","floor":40,"key":"SMITH"},{"floor":42,"key":"REST"},{"floor":49,"key":"RECALL"}],"neow_cost":"NONE","seed_source_timestamp":312924179212216,"circlet_count":0,"master_deck":["AscendersBane","Defend_G","Defend_G","Defend_G","Defend_G","Survivor","Neutralize+1","Blur+1","Footwork+1","Catalyst+1","Poisoned Stab+1","Poisoned Stab+1","Glass Knife+1","Backflip","Crippling Poison+1","After Image+1","PiercingWail","Glass Knife+1","Deflect","Cloak And Dagger","Backflip","Malaise+1","Backflip+1","Infinite Blades","Dodge and Roll","Corpse Explosion","Crippling Poison+1","Panache","Finesse","Night Terror"],"relics":["Ring of the Snake","NeowsBlessing","Whetstone","Molten Egg 2","Lantern","Anchor","Empty Cage","Blood Vial","Omamori","Chemical X","Centennial Puzzle","Sozu","Orichalcum","Mercury Hourglass","Pantograph"],"potions_floor_usage":[11,11,24,29,33,50],"damage_taken":[{"damage":0,"enemies":"Small Slimes","floor":1,"turns":1},{"damage":0,"enemies":"Gremlin Nob","floor":6,"turns":1},{"damage":0,"enemies":"3 Sentries","floor":8,"turns":2},{"damage":1,"enemies":"Jaw Worm","floor":10,"turns":3},{"damage":0,"enemies":"Lagavulin","floor":11,"turns":5},{"damage":0,"enemies":"Cultist","floor":13,"turns":2},{"damage":10,"enemies":"Hexaghost","floor":16,"turns":8},{"damage":0,"enemies":"3 Byrds","floor":18,"turns":3},{"damage":0,"enemies":"Chosen","floor":20,"turns":4},{"damage":10,"enemies":"Shelled Parasite and Fungi","floor":21,"turns":4},{"damage":4,"enemies":"Snecko","floor":22,"turns":4},{"damage":26,"enemies":"Slavers","floor":24,"turns":8},{"damage":0,"enemies":"Centurion and Healer","floor":25,"turns":6},{"damage":21,"enemies":"Gremlin Leader","floor":29,"turns":13},{"damage":6,"enemies":"Sentry and Sphere","floor":31,"turns":6},{"damage":13,"enemies":"Champ","floor":33,"turns":18},{"damage":1,"enemies":"3 Darklings","floor":35,"turns":6},{"damage":0,"enemies":"Orb Walker","floor":36,"turns":4},{"damage":0,"enemies":"Sphere and 2 Shapes","floor":38,"turns":6},{"damage":12,"enemies":"Spire Growth","floor":39,"turns":5},{"damage":42,"enemies":"Reptomancer","floor":41,"turns":10},{"damage":0,"enemies":"4 Shapes","floor":45,"turns":3},{"damage":0,"enemies":"Nemesis","floor":46,"turns":8},{"damage":29,"enemies":"Awakened One","floor":50,"turns":27},{"damage":51,"enemies":"Donu and Deca","floor":51,"turns":9}],"seed_played":"-125121687598760327","potions_obtained":[{"floor":6,"key":"Strength Potion"},{"floor":10,"key":"Regen Potion"},{"floor":21,"key":"GhostInAJar"},{"floor":22,"key":"SkillPotion"},{"floor":29,"key":"Energy Potion"},{"floor":31,"key":"GhostInAJar"},{"floor":33,"key":"SpeedPotion"}],"is_trial":false,"path_per_floor":["M","$","?","$","?","E","R","E","T","M","E","R","M","$","R","B",null,"M","?","M","M","M","R","E","M","T","$","R","E","R","M","R","B",null,"M","M","?","M","M","R","E","R","T","?","M","E","?","$","R","B","B"],"character_chosen":"THE_SILENT","items_purchased":["Footwork","Crippling Poison","Chemical X","Pantograph"],"campfire_rested":3,"item_purchase_floors":[2,14,27,48],"current_hp_per_floor":[59,59,39,39,39,39,39,39,39,38,52,52,52,52,52,42,60,60,60,60,50,46,46,20,22,22,22,41,22,22,18,37,26,56,57,59,49,51,41,41,1,20,20,20,22,24,24,24,24,22,0],"gold":17,"neow_bonus":"THREE_ENEMY_KILL","is_prod":false,"is_daily":false,"chose_seed":false,"campfire_upgraded":6,"win_rate":0,"timestamp":1559438021,"path_taken":["M","$","?","$","?","E","R","E","T","M","E","R","?","$","R","BOSS","M","?","M","M","?","R","E","M","T","$","R","E","R","M","R","BOSS","M","M","?","M","M","R","E","R","T","?","M","E","?","?","R","BOSS","BOSS"],"build_version":"2019-01-23","purchased_purges":1,"victory":false,"max_hp_per_floor":[66,66,66,66,66,66,66,66,66,66,66,66,66,66,66,66,66,66,66,66,66,66,66,66,66,66,66,66,66,66,66,66,66,66,66,66,66,66,66,66,66,66,66,66,66,66,66,66,66,66,66],"card_choices":[{"not_picked":["Cloak And Dagger","Setup"],"picked":"Blur","floor":1},{"not_picked":["Quick Slash","Cloak And Dagger"],"picked":"Catalyst","floor":6},{"not_picked":["Choke","Sucker Punch"],"picked":"Poisoned Stab","floor":8},{"not_picked":["Dagger Spray+1","Bane+1"],"picked":"Poisoned Stab+1","floor":10},{"not_picked":["Blade Dance","All Out Attack+1"],"picked":"Glass Knife+1","floor":11},{"not_picked":["Deadly Poison","Cloak And Dagger"],"picked":"Backflip","floor":13},{"not_picked":["Night Terror","A Thousand Cuts"],"picked":"After Image","floor":16},{"not_picked":["Dagger Throw+1","Bane+1"],"picked":"PiercingWail","floor":18},{"not_picked":["Predator+1","Flying Knee+1"],"picked":"Deflect","floor":20},{"not_picked":["Slice+1","Dash+1"],"picked":"Cloak And Dagger","floor":21},{"not_picked":["Outmaneuver","Prepared"],"picked":"Backflip","floor":22},{"not_picked":["Slice+1","Bane+1"],"picked":"Malaise","floor":24},{"not_picked":["Dash+1","Prepared"],"picked":"Backflip+1","floor":25},{"not_picked":["Expertise","Slice+1"],"picked":"Infinite Blades","floor":29},{"not_picked":["Prepared","Setup+1"],"picked":"Dodge and Roll","floor":31},{"not_picked":["Phantasmal Killer","Grand Finale+1"],"picked":"Corpse Explosion","floor":33},{"not_picked":["Slice+1","Flying Knee+1"],"picked":"Crippling Poison","floor":35},{"not_picked":["Flechettes+1","Acrobatics","Blade Dance+1"],"picked":"SKIP","floor":36},{"not_picked":["Sadistic Nature","Good Instincts"],"picked":"Panache","floor":37},{"not_picked":["Madness","Chrysalis"],"picked":"Finesse","floor":37},{"not_picked":["All Out Attack+1","Dagger Throw+1","Cloak And Dagger"],"picked":"SKIP","floor":38},{"not_picked":["Prepared+1","Dagger Spray+1","Quick Slash+1"],"picked":"SKIP","floor":39},{"not_picked":["Setup","Flying Knee+1","Sucker Punch+1"],"picked":"SKIP","floor":41},{"not_picked":["Slice+1","Deadly Poison","Deflect"],"picked":"SKIP","floor":45},{"not_picked":["Prepared","Accuracy"],"picked":"Night Terror","floor":46}],"player_experience":1660975,"relics_obtained":[{"floor":6,"key":"Whetstone"},{"floor":8,"key":"Molten Egg 2"},{"floor":9,"key":"Lantern"},{"floor":11,"key":"Anchor"},{"floor":24,"key":"Blood Vial"},{"floor":26,"key":"Omamori"},{"floor":29,"key":"Centennial Puzzle"},{"floor":41,"key":"Orichalcum"},{"floor":46,"key":"Mercury Hourglass"}],"event_choices":[{"damage_healed":0,"gold_gain":0,"player_choice":"Entered Light","damage_taken":20,"max_hp_gain":0,"max_hp_loss":0,"event_name":"Shining Light","floor":3,"gold_loss":0,"cards_upgraded":["Strike_G","Blur"]},{"cards_removed":["Strike_G"],"damage_healed":0,"gold_gain":0,"player_choice":"Offered Basic","damage_taken":0,"max_hp_gain":0,"max_hp_loss":0,"event_name":"Bonfire Elementals","floor":5,"gold_loss":0},{"damage_healed":0,"gold_gain":0,"cards_transformed":["Strike_G"],"player_choice":"Transformed","damage_taken":0,"max_hp_gain":0,"max_hp_loss":0,"event_name":"Transmorgrifier","floor":19,"gold_loss":0,"cards_obtained":["Glass Knife"]},{"damage_healed":0,"gold_gain":0,"player_choice":"Memory 3","damage_taken":10,"max_hp_gain":0,"max_hp_loss":0,"event_name":"SensoryStone","floor":37,"gold_loss":0},{"damage_healed":0,"gold_gain":0,"player_choice":"Ignored","damage_taken":0,"max_hp_gain":0,"max_hp_loss":0,"event_name":"Tomb of Lord Red Mask","floor":44,"gold_loss":0},{"cards_removed":["Strike_G"],"damage_healed":0,"gold_gain":0,"player_choice":"Removed Attack","damage_taken":0,"max_hp_gain":0,"max_hp_loss":0,"event_name":"Falling","floor":47,"gold_loss":0}],"is_beta":false,"boss_relics":[{"not_picked":["Tiny House","Coffee Dripper"],"picked":"Empty Cage"},{"not_picked":["Busted Crown","WristBlade"],"picked":"Sozu"}],"items_purged_floors":[14],"is_endless":false,"potions_floor_spawned":[6,10,21,22,29,31,33,38,41,46],"killed_by":"Donu and Deca","ascension_level":20}