{"gold_per_floor":[109,109,20,20,20,20,47,57,109,109,125,125,157,174,174,248,248,261,261,186,206,206],"floor_reached":22,"playtime":490,"items_purged":[],"score":434,"play_id":"6b602f8f-22a2-4976-9c98-1bb57ea3476d","local_time":"20190614022333","is_ascension_mode":true,"campfire_choices":[{"data":"All Out Attack","floor":6,"key":"SMITH"},{"data":"Neutralize","floor":10,"key":"SMITH"},{"data":"Glass Knife","floor":15,"key":"SMITH"}],"neow_cost":"NONE","seed_source_timestamp":1374198535587534,"circlet_count":0,"master_deck":["AscendersBane","Defend_G","Defend_G+1","Defend_G","Defend_G","Defend_G","Strike_G","Strike_G","Strike_G","Strike_G","Strike_G","Survivor","Neutralize+1","All Out Attack+1","Footwork","Footwork","Deadly Poison+1","Glass Knife+1","All Out Attack","Malaise","Normality","Decay","Backstab+1","Backstab"],"relics":["Ring of the Snake","NeowsBlessing","Pantograph","Bag of Preparation","Snake Skull","Mercury Hourglass","War Paint","Calling Bell","PreservedInsect","Dodecahedron","Ginger"],"potions_floor_usage":[13,21,22],"damage_taken":[{"damage":0,"enemies":"Small Slimes","floor":1,"turns":1},{"damage":0,"enemies":"Lagavulin","floor":7,"turns":1},{"damage":0,"enemies":"2 Louse","floor":8,"turns":1},{"damage":0,"enemies":"Cultist","floor":11,"turns":4},{"damage":8,"enemies":"Gremlin Nob","floor":13,"turns":3},{"damage":0,"enemies":"3 Louse","floor":14,"turns":3},{"damage":18,"enemies":"The Guardian","floor":16,"turns":9},{"damage":11,"enemies":"Chosen","floor":18,"turns":5},{"damage":31,"enemies":"Shell Parasite","floor":21,"turns":6},{"damage":23,"enemies":"Centurion and Healer","floor":22,"turns":2}],"seed_played":"-6297757965554039791","potions_obtained":[{"floor":1,"key":"FearPotion"},{"floor":13,"key":"Regen Potion"},{"floor":21,"key":"Weak Potion"}],"is_trial":false,"path_per_floor":["M","?","$","?","?","R","E","M","T","R","M","T","E","M","R","B",null,"M","?","?","M","M"],"character_chosen":"THE_SILENT","items_purchased":["Footwork"],"campfire_rested":0,"item_purchase_floors":[3],"current_hp_per_floor":[59,64,64,64,46,46,46,46,46,46,46,46,38,38,38,45,65,54,34,34,17,0],"gold":206,"neow_bonus":"THREE_ENEMY_KILL","is_prod":false,"is_daily":false,"chose_seed":false,"campfire_upgraded":3,"win_rate":0,"timestamp":1560497013,"path_taken":["M","?","$","?","?","R","E","M","T","R","M","?","E","M","R","BOSS","M","?","?","M","M"],"build_version":"2019-01-23","purchased_purges":0,"victory":false,"max_hp_per_floor":[66,71,71,71,71,71,71,71,71,71,71,71,71,71,71,71,71,71,76,76,76,76],"card_choices":[{"not_picked":["Catalyst","Accuracy"],"picked":"All Out Attack","floor":1},{"not_picked":["Slice","Tactician","Accuracy"],"picked":"SKIP","floor":7},{"not_picked":["Prepared","Skewer"],"picked":"Footwork","floor":8},{"not_picked":["All Out Attack","Heel Hook"],"picked":"Deadly Poison","floor":11},{"not_picked":["Dagger Spray","Calculated Gamble"],"picked":"Glass Knife","floor":13},{"not_picked":["Bane","Deadly Poison"],"picked":"All Out Attack","floor":14},{"not_picked":["Corpse Explosion","A Thousand Cuts"],"picked":"Malaise","floor":16},{"not_picked":["Backflip","Dagger Spray"],"picked":"Backstab+1","floor":18},{"not_picked":["Deflect","Blade Dance"],"picked":"Backstab","floor":21}],"player_experience":1781242,"relics_obtained":[{"floor":7,"key":"Bag of Preparation"},{"floor":9,"key":"Snake Skull"},{"floor":12,"key":"Mercury Hourglass"},{"floor":13,"key":"War Paint"},{"floor":17,"key":"PreservedInsect"},{"floor":17,"key":"Dodecahedron"},{"floor":17,"key":"Ginger"}],"event_choices":[{"damage_healed":0,"gold_gain":0,"player_choice":"Donut","damage_taken":0,"max_hp_gain":5,"max_hp_loss":0,"event_name":"Big Fish","floor":2,"gold_loss":0},{"damage_healed":0,"gold_gain":0,"player_choice":"Leave","damage_taken":0,"max_hp_gain":0,"max_hp_loss":0,"event_name":"The Cleric","floor":4,"gold_loss":0},{"damage_healed":0,"gold_gain":0,"player_choice":"Success","damage_taken":18,"relics_obtained":["Pantograph"],"max_hp_gain":0,"max_hp_loss":0,"event_name":"Scrap Ooze","floor":5,"gold_loss":0},{"damage_healed":0,"gold_gain":0,"player_choice":"Shed Blood","damage_taken":25,"max_hp_gain":5,"max_hp_loss":0,"event_name":"Forgotten Altar","floor":19,"gold_loss":0},{"cards_removed":["Pain"],"damage_healed":0,"gold_gain":0,"player_choice":"Gave Gold","damage_taken":0,"max_hp_gain":0,"max_hp_loss":0,"event_name":"Beggar","floor":20,"gold_loss":75}],"is_beta":false,"boss_relics":[{"not_picked":["Runic Dome","Eternal Feather"],"picked":"Calling Bell"}],"items_purged_floors":[],"is_endless":false,"potions_floor_spawned":[1,13,21],"killed_by":"Centurion and Healer","ascension_level":20}