{"gold_per_floor":[113,113,126,126,23,59,83,83,83,119,119,119,152,172,172,172],"floor_reached":16,"playtime":461,"items_purged":["Strike_B"],"score":286,"play_id":"dfe21cd4-59df-405d-9c1d-90466966dcd4","local_time":"20190630213515","is_ascension_mode":true,"campfire_choices":[{"data":"Zap","floor":8,"key":"SMITH"},{"data":"Hologram","floor":11,"key":"SMITH"},{"data":"Coolheaded","floor":15,"key":"SMITH"}],"neow_cost":"NONE","seed_source_timestamp":557105065618579,"circlet_count":0,"master_deck":["AscendersBane","Strike_B","Strike_B","Strike_B","Defend_B","Defend_B","Defend_B","Defend_B","Zap+1","Dualcast","Gash","Cold Snap","Sweeping Beam","Hologram+1","Coolheaded+1","Compile Driver"],"relics":["Cracked Core","NeowsBlessing","Golden Idol","Vajra","Torii","FaceOfCleric","Pantograph"],"potions_floor_usage":[10,16],"damage_taken":[{"damage":0,"enemies":"Jaw Worm","floor":1,"turns":1},{"damage":0,"enemies":"2 Louse","floor":3,"turns":1},{"damage":0,"enemies":"Gremlin Nob","floor":6,"turns":1},{"damage":0,"enemies":"Small Slimes","floor":7,"turns":2},{"damage":24,"enemies":"3 Sentries","floor":10,"turns":7},{"damage":30,"enemies":"Gremlin Nob","floor":13,"turns":4},{"damage":1,"enemies":"Red Slaver","floor":14,"turns":3},{"damage":63,"enemies":"Hexaghost","floor":16,"turns":11}],"seed_played":"7671777008227536029","potions_obtained":[{"floor":3,"key":"Regen Potion"},{"floor":7,"key":"GamblersBrew"}],"is_trial":false,"path_per_floor":["M","?","M","?","$","E","M","R","T","E","R","?","E","M","R","B"],"character_chosen":"DEFECT","items_purchased":["Sweeping Beam"],"campfire_rested":0,"item_purchase_floors":[5],"current_hp_per_floor":[64,64,64,69,69,69,69,69,69,60,60,60,31,31,31,0],"gold":172,"neow_bonus":"THREE_ENEMY_KILL","is_prod":false,"is_daily":false,"chose_seed":false,"campfire_upgraded":3,"win_rate":0,"timestamp":1561948515,"path_taken":["M","?","M","?","?","E","M","R","T","E","R","?","E","?","R","BOSS"],"build_version":"2019-06-29","purchased_purges":1,"victory":false,"max_hp_per_floor":[71,64,64,69,69,69,69,69,69,69,69,69,70,71,71,71],"card_choices":[{"not_picked":["Redo","Compile Driver"],"picked":"Gash","floor":1},{"not_picked":["Melter","Reinforced Body"],"picked":"Cold Snap","floor":3},{"not_picked":["Rebound","Tempest"],"picked":"Hologram","floor":6},{"not_picked":["Storm","Aggregate","Rebound"],"picked":"SKIP","floor":7},{"not_picked":["Blizzard","Hello World"],"picked":"Coolheaded","floor":10},{"not_picked":["Conserve Battery","Go for the Eyes"],"picked":"Compile Driver","floor":13}],"player_experience":1613143,"relics_obtained":[{"floor":6,"key":"Vajra"},{"floor":10,"key":"Torii"},{"floor":13,"key":"Pantograph"}],"event_choices":[{"damage_healed":0,"gold_gain":0,"player_choice":"Lose Max HP","damage_taken":0,"relics_obtained":["Golden Idol"],"max_hp_gain":0,"max_hp_loss":7,"event_name":"Golden Idol","floor":2,"gold_loss":0},{"damage_healed":0,"gold_gain":0,"player_choice":"Donut","damage_taken":0,"max_hp_gain":5,"max_hp_loss":0,"event_name":"Big Fish","floor":4,"gold_loss":0},{"damage_healed":0,"gold_gain":0,"player_choice":"Trade","damage_taken":0,"relics_obtained":["FaceOfCleric"],"max_hp_gain":0,"max_hp_loss":0,"event_name":"FaceTrader","floor":12,"gold_loss":0}],"is_beta":true,"boss_relics":[],"items_purged_floors":[5],"is_endless":false,"potions_floor_spawned":[3,7],"killed_by":"Hexaghost","ascension_level":20}