{"gold_per_floor":[117,127,137,137,151,151,185,44,44,64,64,64,64,81,81,156,156,169,183,198,198,213,213,226,71,71,98,117,132,132,144,144,216,216,229,241,22,22,36,36,55,55,55,55,65,96,96,114,114,114],"floor_reached":51,"playtime":6237,"items_purged":[],"score":1231,"play_id":"c0c13975-6283-4b0c-80b4-e885428ca351","local_time":"20190712225348","is_ascension_mode":true,"campfire_choices":[{"data":"Shockwave","floor":6.0,"key":"SMITH"},{"data":"Twin Strike","floor":11.0,"key":"SMITH"},{"data":"Shrug It Off","floor":13.0,"key":"SMITH"},{"data":"Discovery","floor":15.0,"key":"SMITH"},{"data":"Uppercut","floor":23.0,"key":"SMITH"},{"data":"Shrug It Off","floor":30.0,"key":"SMITH"},{"data":"Inflame","floor":32.0,"key":"SMITH"},{"data":"Shrug It Off","floor":40.0,"key":"SMITH"},{"data":"Uppercut","floor":42.0,"key":"SMITH"},{"data":"Rampage","floor":44.0,"key":"SMITH"},{"data":"Heavy Blade","floor":49,"key":"SMITH"}],"neow_cost":"NONE","seed_source_timestamp":229998934963660,"circlet_count":0,"master_deck":["AscendersBane","Defend_R","Defend_R","Defend_R","Defend_R","Bash","Shockwave+1","Reckless Charge","Twin Strike","Feed","Twin Strike+1","Ghostly Armor","Shrug It Off+1","Discovery+1","Spot Weakness","Reaper","Shrug It Off+1","Body Slam+1","Rampage+1","Bite","Bite","Bite","Bite","Bite","Uppercut+1","Inflame+1","Headbutt","Inflame+1","Shrug It Off+1","Juggernaut+1","Inflame+1","Feel No Pain+1","Uppercut+1","Heavy Blade+1","Dual Wield+1","Clothesline+1"],"special_seed":0,"relics":["Burning Blood","Paper Frog","Mummified Hand","Coffee Dripper","Frozen Egg 2","Bottled Lightning","Lizard Tail","Vajra","Letter Opener","Shovel"],"potions_floor_usage":[46,50],"damage_taken":[{"damage":2.0,"enemies":"Small Slimes","floor":1.0,"turns":5.0},{"damage":6.0,"enemies":"Cultist","floor":2.0,"turns":4.0},{"damage":2.0,"enemies":"Jaw Worm","floor":3.0,"turns":4.0},{"damage":14.0,"enemies":"Looter","floor":5.0,"turns":3.0},{"damage":20.0,"enemies":"3 Sentries","floor":7.0,"turns":6.0},{"damage":13.0,"enemies":"Gremlin Gang","floor":10.0,"turns":3.0},{"damage":0.0,"enemies":"Large Slime","floor":14.0,"turns":5.0},{"damage":32.0,"enemies":"Slime Boss","floor":16.0,"turns":12.0},{"damage":11.0,"enemies":"2 Thieves","floor":18.0,"turns":5.0},{"damage":11.0,"enemies":"3 Byrds","floor":19.0,"turns":6.0},{"damage":12.0,"enemies":"Snake Plant","floor":20.0,"turns":3.0},{"damage":0.0,"enemies":"3 Cultists","floor":22.0,"turns":4.0},{"damage":19.0,"enemies":"Centurion and Healer","floor":24.0,"turns":7.0},{"damage":0.0,"enemies":"Book of Stabbing","floor":27.0,"turns":4.0},{"damage":44.0,"enemies":"Snecko","floor":28.0,"turns":5.0},{"damage":42.0,"enemies":"Cultist and Chosen","floor":29.0,"turns":6.0},{"damage":0.0,"enemies":"Snake Plant","floor":31.0,"turns":3.0},{"damage":74.0,"enemies":"Collector","floor":33.0,"turns":9.0},{"damage":14.0,"enemies":"3 Shapes","floor":35.0,"turns":3.0},{"damage":10.0,"enemies":"Orb Walker","floor":36.0,"turns":4.0},{"damage":0.0,"enemies":"Transient","floor":39.0,"turns":5.0},{"damage":19.0,"enemies":"Maw","floor":41.0,"turns":6.0},{"damage":11.0,"enemies":"Jaw Worm Horde","floor":45.0,"turns":4.0},{"damage":9,"enemies":"Giant Head","floor":46,"turns":6},{"damage":12,"enemies":"3 Darklings","floor":48,"turns":6},{"damage":85,"enemies":"Donu and Deca","floor":50,"turns":8}],"seed_played":"-7149746608385764613","potions_obtained":[{"floor":1.0,"key":"SteroidPotion"},{"floor":10.0,"key":"Strength Potion"},{"floor":16.0,"key":"Fire Potion"},{"floor":18.0,"key":"Regen Potion"},{"floor":22.0,"key":"SpeedPotion"},{"floor":27.0,"key":"LiquidBronze"},{"floor":29.0,"key":"SteroidPotion"},{"floor":33.0,"key":"SkillPotion"},{"floor":36.0,"key":"GamblersBrew"},{"floor":41.0,"key":"Swift Potion"}],"is_trial":false,"path_per_floor":["M","M","M","?","M","R","E","$","T","M","R","$","R","M","R","B",null,"M","M","M","?","M","R","M","$","T","E","M","M","R","M","R","B",null,"M","M","$","?","M","R","M","R","T","R","M","E","?","M","R","B",null],"character_chosen":"IRONCLAD","items_purchased":["Shrug It Off","Discovery","Reaper","Inflame","Feel No Pain+1","Vajra"],"campfire_rested":0,"item_purchase_floors":[8,8,25,25,37,37],"current_hp_per_floor":[79,79,82,82,74,74,63,63,63,56,56,56,56,65,65,42,79,77,82,90,67,70,70,71,71,71,73,44,30,30,40,40,33,68,82,82,82,82,82,82,82,82,82,82,82,85,95,96,96,25],"gold":114,"neow_bonus":"TEN_PERCENT_HP_BONUS","is_prod":false,"is_daily":false,"chose_seed":false,"campfire_upgraded":11,"win_rate":0,"timestamp":1562986428,"path_taken":["M","M","M","?","M","R","E","$","T","M","R","$","R","M","R","BOSS","M","M","M","?","M","R","M","$","T","E","M","M","R","M","R","BOSS","M","M","$","?","M","R","M","R","T","R","M","E","?","?","R","BOSS"],"build_version":"2019-07-05","purchased_purges":0,"victory":true,"max_hp_per_floor":[82,82,82,82,82,82,85,85,85,85,85,85,85,88,88,91,91,94,97,97,67,70,70,73,73,73,73,76,79,79,79,79,79,79,82,82,82,82,82,82,82,82,82,82,82,85,95,98,98,98],"card_choices":[{"not_picked":["Flex","Warcry"],"picked":"Shockwave","floor":1.0},{"not_picked":["Thunderclap","Sword Boomerang"],"picked":"Reckless Charge","floor":2.0},{"not_picked":["Fire Breathing","Evolve"],"picked":"Twin Strike","floor":3.0},{"not_picked":["Corruption","Rage"],"picked":"Twin Strike","floor":5.0},{"not_picked":["Impervious","Combust"],"picked":"Ghostly Armor","floor":7.0},{"not_picked":["Blood for Blood","Dropkick","Fire Breathing"],"picked":"SKIP","floor":10.0},{"not_picked":["Uppercut","Sentinel"],"picked":"Spot Weakness","floor":14.0},{"not_picked":["Fiend Fire","Feed"],"picked":"Reaper","floor":16.0},{"not_picked":["Heavy Blade","Hemokinesis"],"picked":"Shrug It Off","floor":18.0},{"not_picked":["Twin Strike","Rupture"],"picked":"Body Slam+1","floor":19.0},{"not_picked":["Clothesline","Sentinel"],"picked":"Rampage","floor":20.0},{"not_picked":["Sword Boomerang","Iron Wave"],"picked":"Uppercut","floor":22.0},{"not_picked":["Armaments","Combust","Anger"],"picked":"SKIP","floor":24.0},{"not_picked":["Warcry","Barricade+1","Twin Strike"],"picked":"SKIP","floor":27.0},{"not_picked":["Seeing Red+1","Perfected Strike"],"picked":"Headbutt","floor":28.0},{"not_picked":["Body Slam","Anger"],"picked":"Inflame+1","floor":29.0},{"not_picked":["Blood for Blood","Twin Strike"],"picked":"Shrug It Off","floor":31.0},{"not_picked":["Fiend Fire","Bludgeon"],"picked":"Juggernaut+1","floor":33.0},{"not_picked":["Cleave","Sword Boomerang","True Grit"],"picked":"SKIP","floor":35.0},{"not_picked":["Flame Barrier","True Grit+1"],"picked":"Inflame+1","floor":36.0},{"not_picked":["Wild Strike","Havoc","Dropkick"],"picked":"SKIP","floor":39.0},{"not_picked":["Havoc","Infernal Blade"],"picked":"Uppercut","floor":41.0},{"not_picked":["Armaments+1","Warcry"],"picked":"Heavy Blade","floor":45},{"not_picked":["Armaments","Barricade+1"],"picked":"Dual Wield+1","floor":46},{"not_picked":["Anger","Warcry+1"],"picked":"Clothesline+1","floor":48}],"player_experience":503382,"relics_obtained":[{"floor":7.0,"key":"Paper Frog"},{"floor":9.0,"key":"Mummified Hand"},{"floor":26.0,"key":"Frozen Egg 2"},{"floor":27.0,"key":"Bottled Lightning"},{"floor":43.0,"key":"Letter Opener"},{"floor":46,"key":"Shovel"}],"event_choices":[{"damage_healed":0.0,"max_hp_gain":0.0,"max_hp_loss":0.0,"gold_gain":0.0,"cards_transformed":["Strike_R"],"event_name":"Transmorgrifier","player_choice":"Transformed","floor":4.0,"gold_loss":0.0,"damage_taken":0.0,"cards_obtained":["Feed"]},{"damage_healed":0.0,"max_hp_gain":0.0,"max_hp_loss":30.0,"gold_gain":0.0,"event_name":"Vampires","player_choice":"Became a vampire","floor":21.0,"gold_loss":0.0,"damage_taken":0.0,"cards_obtained":["Bite","Bite","Bite","Bite","Bite"]},{"damage_healed":0.0,"max_hp_gain":0.0,"max_hp_loss":0.0,"gold_gain":0.0,"event_name":"Mysterious Sphere","player_choice":"Ignored","floor":38.0,"gold_loss":0.0,"damage_taken":0.0},{"cards_removed":["Reaper"],"damage_healed":0,"gold_gain":0,"player_choice":"Offered Rare","damage_taken":0,"max_hp_gain":10,"max_hp_loss":0,"event_name":"Bonfire Elementals","floor":47,"gold_loss":0}],"is_beta":false,"boss_relics":[{"not_picked":["Astrolabe","Black Star"],"picked":"Coffee Dripper"},{"not_picked":["Calling Bell","Sozu"],"picked":"Lizard Tail"}],"items_purged_floors":[],"is_endless":false,"potions_floor_spawned":[1,10,16,18,22,27,29,33,36,41,45],"ascension_level":14}