{"gold_per_floor":[117,136,156,156,156,156,173,198,198,209,209],"floor_reached":11,"playtime":225,"items_purged":[],"score":150,"play_id":"b34fe91d-7b7c-4ca1-b366-e18e19b8e407","local_time":"20190609205351","is_ascension_mode":true,"campfire_choices":[{"data":"Melter","floor":6.0,"key":"SMITH"}],"neow_cost":"NONE","seed_source_timestamp":1009051499671699,"circlet_count":0,"master_deck":["AscendersBane","Strike_B","Strike_B","Strike_B","Defend_B","Defend_B","Defend_B","Defend_B","Zap+1","Dualcast","Capacitor","Melter+1","Genetic Algorithm","Loop","Sweeping Beam","Ball Lightning"],"special_seed":0,"relics":["Cracked Core","Orichalcum"],"potions_floor_usage":[11],"damage_taken":[{"damage":7.0,"enemies":"Jaw Worm","floor":1.0,"turns":3.0},{"damage":1.0,"enemies":"Cultist","floor":2.0,"turns":3.0},{"damage":14.0,"enemies":"2 Louse","floor":3.0,"turns":2.0},{"damage":3.0,"enemies":"Blue Slaver","floor":7.0,"turns":3.0},{"damage":36.0,"enemies":"Gremlin Nob","floor":8.0,"turns":4.0},{"damage":6.0,"enemies":"3 Louse","floor":10.0,"turns":2.0},{"damage":4,"enemies":"3 Sentries","floor":11,"turns":1}],"seed_played":"-8942357179139151881","potions_obtained":[{"floor":1.0,"key":"SkillPotion"},{"floor":3.0,"key":"Fire Potion"},{"floor":10.0,"key":"SteroidPotion"}],"is_trial":false,"path_per_floor":["M","M","M","?","?","R","M","E","T","M","E"],"character_chosen":"DEFECT","items_purchased":[],"campfire_rested":0,"item_purchase_floors":[],"current_hp_per_floor":[64,63,49,49,49,49,46,10,10,4,0],"gold":209,"neow_bonus":"TEN_PERCENT_HP_BONUS","is_prod":false,"is_daily":false,"chose_seed":false,"campfire_upgraded":1,"win_rate":0,"timestamp":1560131631,"path_taken":["M","M","M","?","?","R","M","E","T","M","E"],"build_version":"2019-01-23","purchased_purges":0,"victory":false,"max_hp_per_floor":[78,78,78,78,78,78,78,78,78,78,78],"card_choices":[{"not_picked":["Reprogram","Aggregate"],"picked":"Capacitor","floor":1.0},{"not_picked":["Skim","Go for the Eyes"],"picked":"Melter","floor":2.0},{"not_picked":["Compile Driver","Gash"],"picked":"Genetic Algorithm","floor":3.0},{"not_picked":["Rebound","Hologram"],"picked":"Loop","floor":7.0},{"not_picked":["Fusion","Double Energy"],"picked":"Sweeping Beam","floor":8.0},{"not_picked":["Barrage","Fusion"],"picked":"Ball Lightning","floor":10.0}],"player_experience":1743151,"relics_obtained":[{"floor":8.0,"key":"Orichalcum"}],"event_choices":[{"damage_healed":0.0,"max_hp_gain":0.0,"max_hp_loss":0.0,"gold_gain":0.0,"event_name":"Living Wall","player_choice":"Grow","floor":4.0,"gold_loss":0.0,"damage_taken":0.0,"cards_upgraded":["Zap"]},{"cards_removed":["Strike_B"],"damage_healed":0.0,"max_hp_gain":0.0,"max_hp_loss":0.0,"gold_gain":0.0,"event_name":"Purifier","player_choice":"Purged","floor":5.0,"gold_loss":0.0,"damage_taken":0.0}],"is_beta":false,"boss_relics":[],"items_purged_floors":[],"is_endless":false,"potions_floor_spawned":[1,3,10],"killed_by":"3 Sentries","ascension_level":20}