{"gold_per_floor":[110,125,142,142,162,162,194,44,44,44,72,72,72,145,145,145],"floor_reached":16,"playtime":663,"items_purged":["Pain"],"score":236,"play_id":"d194ce71-3cf3-4f66-94c6-9ea912694154","local_time":"20190701190454","is_ascension_mode":true,"campfire_choices":[{"floor":6.0,"key":"REST"},{"floor":10.0,"key":"REST"},{"data":"Noxious Fumes","floor":12.0,"key":"SMITH"},{"data":"Footwork","floor":15,"key":"SMITH"}],"neow_cost":"TEN_PERCENT_HP_LOSS","seed_source_timestamp":634267623171752,"circlet_count":0,"master_deck":["AscendersBane","Strike_G","Strike_G","Strike_G","Defend_G","Defend_G","Defend_G","Defend_G","Defend_G","Survivor","Neutralize","Choke","Dash","Dagger Spray","After Image","Backstab","Noxious Fumes+1","Footwork+1"],"special_seed":0,"relics":["Ring of the Snake","WarpedTongs","Ninja Scroll","Bottled Tornado","Gremlin Horn","Golden Idol","Tiny Chest"],"potions_floor_usage":[14,16,16],"damage_taken":[{"damage":9.0,"enemies":"Cultist","floor":1.0,"turns":7.0},{"damage":7.0,"enemies":"Small Slimes","floor":2.0,"turns":5.0},{"damage":1.0,"enemies":"2 Louse","floor":3.0,"turns":4.0},{"damage":8.0,"enemies":"Exordium Wildlife","floor":5.0,"turns":8.0},{"damage":23.0,"enemies":"Gremlin Nob","floor":7.0,"turns":4.0},{"damage":6.0,"enemies":"3 Sentries","floor":11.0,"turns":6.0},{"damage":11,"enemies":"Lagavulin","floor":14,"turns":5},{"damage":47,"enemies":"Slime Boss","floor":16,"turns":9}],"seed_played":"-6374802080891361046","potions_obtained":[{"floor":1.0,"key":"FearPotion"},{"floor":3.0,"key":"PowerPotion"},{"floor":11.0,"key":"SkillPotion"},{"floor":14,"key":"Regen Potion"}],"is_trial":false,"path_per_floor":["M","M","M","?","M","R","E","$","T","R","E","R","?","E","R","B"],"character_chosen":"THE_SILENT","items_purchased":["Backstab"],"campfire_rested":2,"item_purchase_floors":[8],"current_hp_per_floor":[50,43,42,42,34,52,29,29,29,47,41,41,41,30,30,0],"gold":145,"neow_bonus":"REMOVE_TWO","is_prod":false,"is_daily":false,"chose_seed":false,"campfire_upgraded":2,"win_rate":0,"timestamp":1562025894,"path_taken":["M","?","M","?","M","R","E","?","T","R","E","R","?","E","R","BOSS"],"build_version":"2019-06-30","purchased_purges":1,"victory":false,"max_hp_per_floor":[60,60,60,60,60,60,60,60,60,60,60,60,54,54,54,54],"card_choices":[{"not_picked":["Eviscerate","Tactician"],"picked":"Choke","floor":1.0},{"not_picked":["Choke","Tactician","Riddle With Holes"],"picked":"SKIP","floor":2.0},{"not_picked":["Dagger Spray","Blade Dance"],"picked":"Dash","floor":3.0},{"not_picked":["Dodge and Roll","Bane"],"picked":"Dagger Spray","floor":5.0},{"not_picked":["Masterful Stab","Deadly Poison"],"picked":"After Image","floor":7.0},{"not_picked":["Dodge and Roll","Expertise"],"picked":"Noxious Fumes","floor":11.0},{"not_picked":["Leg Sweep","Acrobatics"],"picked":"Footwork","floor":14}],"player_experience":1630446,"relics_obtained":[{"floor":7.0,"key":"Ninja Scroll"},{"floor":9.0,"key":"Bottled Tornado"},{"floor":11.0,"key":"Gremlin Horn"},{"floor":14,"key":"Tiny Chest"}],"event_choices":[{"damage_healed":0.0,"max_hp_gain":0.0,"max_hp_loss":0.0,"gold_gain":0.0,"event_name":"Accursed Blacksmith","player_choice":"Rummage","floor":4.0,"gold_loss":0.0,"damage_taken":0.0,"relics_obtained":["WarpedTongs"],"cards_obtained":["Pain"]},{"damage_healed":0.0,"max_hp_gain":0.0,"max_hp_loss":6.0,"gold_gain":0.0,"event_name":"Golden Idol","player_choice":"Lose Max HP","floor":13.0,"gold_loss":0.0,"damage_taken":0.0,"relics_obtained":["Golden Idol"]}],"is_beta":true,"boss_relics":[],"items_purged_floors":[8],"is_endless":false,"potions_floor_spawned":[1,3,11,14],"killed_by":"Slime Boss","ascension_level":20}