{"gold_per_floor":[116,131,147,22,22,22,51,51,51,63,73,102,119,148,148,227,227,243,257,277,311,311,311,340,340,388,422,439,450,782,782,782,857,857,876,283,338,338,353,353,373,406,455,455,455,455,455,475,475,475,475,475,475,25,56,56],"floor_reached":57,"playtime":3909,"items_purged":["Strike_R","Pain"],"score":2870,"play_id":"61d5f54c-8f2d-4524-b8de-876dff7e2fe9","local_time":"20190701021810","is_ascension_mode":true,"campfire_choices":[{"data":"Immolate","floor":6,"key":"SMITH"},{"data":"Bash","floor":8,"key":"SMITH"},{"floor":15,"key":"REST"},{"data":"Limit Break","floor":23,"key":"SMITH"},{"data":"Spot Weakness","floor":25,"key":"SMITH"},{"data":"Feed","floor":32,"key":"SMITH"},{"floor":40,"key":"RECALL"},{"data":"Ghostly","floor":45,"key":"SMITH"},{"data":"Ghostly","floor":47,"key":"SMITH"},{"data":"Ghostly","floor":49,"key":"SMITH"},{"data":"True Grit","floor":53,"key":"SMITH"}],"neow_cost":"NONE","seed_source_timestamp":570616940360896,"circlet_count":0,"master_deck":["AscendersBane","Strike_R","Strike_R","Defend_R","Defend_R","Defend_R","Defend_R","Bash+1","Immolate+1","Feel No Pain","Spot Weakness+1","Anger","Thunderclap","Metallicize","Pommel Strike","Burning Pact","Offering","Shockwave","Rage","Limit Break+1","Shrug It Off","Battle Trance","Burning Pact","True Grit+1","Impervious","Clumsy","Feed+1","Ghostly+1","Ghostly+1","Ghostly+1","Reaper","True Grit+1","Corruption+1","Exhume","Shrug It Off","Feel No Pain","True Grit","Shrug It Off"],"relics":["Burning Blood","WarpedTongs","Mango","Paper Frog","Dead Branch","Cursed Key","Red Mask","Nloth\u0027s Gift","Question Card","Juzu Bracelet","Old Coin","Snecko Eye","Singing Bowl","Ancient Tea Set","Gambling Chip","Omamori","Potion Belt","FossilizedHelix","Shuriken"],"potions_floor_usage":[12,16,29,30,37,56],"damage_taken":[{"damage":0,"enemies":"2 Louse","floor":1,"turns":2},{"damage":7,"enemies":"Cultist","floor":2,"turns":4},{"damage":7,"enemies":"Jaw Worm","floor":3,"turns":3},{"damage":38,"enemies":"Gremlin Nob","floor":7,"turns":4},{"damage":13,"enemies":"Lots of Slimes","floor":10,"turns":3},{"damage":11,"enemies":"Large Slime","floor":11,"turns":5},{"damage":20,"enemies":"Lagavulin","floor":12,"turns":6},{"damage":10,"enemies":"Exordium Wildlife","floor":13,"turns":3},{"damage":8,"enemies":"Gremlin Nob","floor":14,"turns":2},{"damage":27,"enemies":"Slime Boss","floor":16,"turns":6},{"damage":22,"enemies":"2 Thieves","floor":18,"turns":3},{"damage":11,"enemies":"3 Byrds","floor":19,"turns":3},{"damage":1,"enemies":"3 Cultists","floor":20,"turns":2},{"damage":2,"enemies":"Masked Bandits","floor":21,"turns":2},{"damage":24,"enemies":"Gremlin Leader","floor":24,"turns":6},{"damage":20,"enemies":"Slavers","floor":27,"turns":2},{"damage":0,"enemies":"Chosen and Byrds","floor":28,"turns":4},{"damage":6,"enemies":"Snake Plant","floor":29,"turns":2},{"damage":3,"enemies":"Gremlin Leader","floor":30,"turns":6},{"damage":36,"enemies":"Automaton","floor":33,"turns":10},{"damage":24,"enemies":"3 Darklings","floor":35,"turns":10},{"damage":6,"enemies":"2 Orb Walkers","floor":37,"turns":4},{"damage":0,"enemies":"Orb Walker","floor":39,"turns":4},{"damage":12,"enemies":"4 Shapes","floor":41,"turns":4},{"damage":11,"enemies":"Giant Head","floor":42,"turns":6},{"damage":3,"enemies":"Transient","floor":48,"turns":5},{"damage":17,"enemies":"Donu and Deca","floor":50,"turns":4},{"damage":6,"enemies":"Awakened One","floor":51,"turns":4},{"damage":25,"enemies":"Shield and Spear","floor":55,"turns":14},{"damage":25,"enemies":"The Heart","floor":56,"turns":7}],"seed_played":"317209828919393812","potions_obtained":[{"floor":1,"key":"PowerPotion"},{"floor":10,"key":"Dexterity Potion"},{"floor":13,"key":"FearPotion"},{"floor":14,"key":"AttackPotion"},{"floor":18,"key":"SteroidPotion"},{"floor":29,"key":"Fruit Juice"},{"floor":33,"key":"BloodPotion"},{"floor":35,"key":"Regen Potion"},{"floor":48,"key":"Ancient Potion"}],"is_trial":false,"path_per_floor":["M","M","M","$","?","R","E","R","T","M","M","E","M","E","R","B",null,"M","M","M","?","?","R","E","R","T","E","M","M","E","?","R","B",null,"M","$","?","?","M","R","M","E","T","?","R","?","R","M","R","B","B",null,"R","$","E","B",null],"character_chosen":"IRONCLAD","items_purchased":["Thunderclap","True Grit","Singing Bowl","Ancient Tea Set","FossilizedHelix","Feel No Pain","True Grit"],"campfire_rested":1,"item_purchase_floors":[4,36,36,36,54,54,54],"current_hp_per_floor":[74,73,72,72,72,72,54,54,54,47,42,28,24,22,48,27,74,58,53,58,62,62,62,44,44,44,30,36,41,44,44,44,14,39,33,33,55,51,67,67,73,72,72,72,72,72,72,81,81,85,85,85,85,85,75,93],"gold":56,"neow_bonus":"ONE_RANDOM_RARE_CARD","is_prod":false,"is_daily":false,"chose_seed":false,"campfire_upgraded":9,"win_rate":0,"timestamp":1561965490,"path_taken":["M","M","M","$","?","R","E","R","T","M","M","E","M","E","R","BOSS","M","M","?","?","?","R","E","R","T","E","M","M","E","?","R","BOSS","M","$","?","?","M","R","M","E","T","?","R","?","R","M","R","BOSS","BOSS","R","$","E","BOSS"],"build_version":"2019-06-29","purchased_purges":2,"victory":true,"max_hp_per_floor":[75,75,75,75,75,75,89,89,89,89,89,89,89,89,89,89,89,89,89,89,89,89,89,89,89,89,89,89,94,94,47,47,47,47,51,51,55,61,67,67,73,77,77,77,77,77,77,81,81,85,85,85,85,85,93,93],"card_choices":[{"not_picked":["Evolve","Twin Strike"],"picked":"Feel No Pain","floor":1},{"not_picked":["Armaments","Shrug It Off"],"picked":"Spot Weakness","floor":2},{"not_picked":["Perfected Strike","Dropkick"],"picked":"Anger","floor":3},{"not_picked":["Warcry","Cleave"],"picked":"Metallicize","floor":7},{"not_picked":["Sword Boomerang","Clothesline"],"picked":"Pommel Strike","floor":10},{"not_picked":["Sword Boomerang","Perfected Strike"],"picked":"Burning Pact","floor":11},{"not_picked":["Body Slam","Havoc"],"picked":"Offering","floor":12},{"not_picked":["Clash","Rampage"],"picked":"Shockwave","floor":13},{"not_picked":["Iron Wave","Metallicize"],"picked":"Rage","floor":14},{"not_picked":["Demon Form","Exhume"],"picked":"Limit Break","floor":16},{"not_picked":["Perfected Strike","Flex"],"picked":"Shrug It Off","floor":18},{"not_picked":["Intimidate","Infernal Blade"],"picked":"Battle Trance","floor":19},{"not_picked":["Second Wind","Sword Boomerang"],"picked":"Burning Pact","floor":20},{"not_picked":["Pommel Strike","Clash"],"picked":"True Grit+1","floor":21},{"not_picked":["Demon Form","Spot Weakness"],"picked":"Impervious","floor":24},{"not_picked":["Clash","Metallicize","Bloodletting","Barricade"],"picked":"SKIP","floor":27},{"not_picked":["Second Wind","Blood for Blood","Twin Strike","Body Slam"],"picked":"SKIP","floor":28},{"not_picked":["Dual Wield","Clash","Flex+1","Warcry"],"picked":"SKIP","floor":29},{"not_picked":["Demon Form","Offering","Fire Breathing"],"picked":"Feed","floor":30},{"not_picked":["Impervious","Offering","Bludgeon"],"picked":"Reaper","floor":33},{"not_picked":["Flex","Clothesline","Rage","Warcry+1"],"picked":"SKIP","floor":35},{"not_picked":["Impervious","Power Through","Headbutt"],"picked":"Corruption+1","floor":37},{"not_picked":["PanicButton","Sadistic Nature","Dark Shackles","Bandage Up"],"picked":"Singing Bowl","floor":38},{"not_picked":["Jack Of All Trades","Madness","Magnetism","Transmutation"],"picked":"Singing Bowl","floor":38},{"not_picked":["Thinking Ahead","Madness","Deep Breath","Mayhem"],"picked":"Singing Bowl","floor":38},{"not_picked":["Sentinel","Warcry","Cleave","Clothesline"],"picked":"Singing Bowl","floor":39},{"not_picked":["Iron Wave","True Grit","Pommel Strike","Clash"],"picked":"Singing Bowl","floor":41},{"not_picked":["True Grit","Evolve","Burning Pact"],"picked":"Exhume","floor":42},{"not_picked":["Body Slam","Rage","Ghostly Armor"],"picked":"Shrug It Off","floor":48},{"not_picked":["Warcry","Rage","Dual Wield"],"picked":"Shrug It Off","floor":55}],"player_experience":1626537,"relics_obtained":[{"floor":7,"key":"Mango"},{"floor":9,"key":"Letter Opener"},{"floor":12,"key":"Paper Frog"},{"floor":14,"key":"Dead Branch"},{"floor":21,"key":"Red Mask"},{"floor":24,"key":"Question Card"},{"floor":27,"key":"Juzu Bracelet"},{"floor":30,"key":"Old Coin"},{"floor":37,"key":"Gambling Chip"},{"floor":42,"key":"Omamori"},{"floor":43,"key":"Potion Belt"},{"floor":55,"key":"Shuriken"}],"event_choices":[{"damage_healed":0,"gold_gain":0,"player_choice":"Rummage","damage_taken":0,"relics_obtained":["WarpedTongs"],"max_hp_gain":0,"max_hp_loss":0,"event_name":"Accursed Blacksmith","floor":5,"gold_loss":0,"cards_obtained":["Pain"]},{"damage_healed":0,"gold_gain":0,"player_choice":"Fought Bandits","damage_taken":0,"max_hp_gain":0,"max_hp_loss":0,"event_name":"Masked Bandits","floor":21,"gold_loss":0},{"damage_healed":0,"gold_gain":0,"player_choice":"Traded Relic","damage_taken":0,"relics_obtained":["Nloth\u0027s Gift"],"max_hp_gain":0,"max_hp_loss":0,"event_name":"N\u0027loth","floor":22,"relics_lost":["Letter Opener"],"gold_loss":0},{"damage_healed":0,"gold_gain":0,"player_choice":"Became a Ghost","damage_taken":0,"max_hp_gain":0,"max_hp_loss":47,"event_name":"Ghosts","floor":31,"gold_loss":0,"cards_obtained":["Ghostly","Ghostly","Ghostly"]},{"damage_healed":0,"gold_gain":0,"player_choice":"Fight","damage_taken":0,"max_hp_gain":0,"max_hp_loss":0,"event_name":"Mysterious Sphere","floor":37,"gold_loss":0},{"damage_healed":0,"gold_gain":0,"player_choice":"Memory 3","damage_taken":10,"max_hp_gain":0,"max_hp_loss":0,"event_name":"SensoryStone","floor":38,"gold_loss":0},{"cards_removed":["Strike_R"],"damage_healed":0,"gold_gain":0,"player_choice":"Purged","damage_taken":0,"max_hp_gain":0,"max_hp_loss":0,"event_name":"Purifier","floor":44,"gold_loss":0},{"cards_removed":["Strike_R"],"damage_healed":0,"gold_gain":0,"player_choice":"Removed Attack","damage_taken":0,"max_hp_gain":0,"max_hp_loss":0,"event_name":"Falling","floor":46,"gold_loss":0}],"is_beta":true,"boss_relics":[{"not_picked":["Orrery","Fusion Hammer"],"picked":"Cursed Key"},{"not_picked":["Tiny House","Lizard Tail"],"picked":"Snecko Eye"}],"items_purged_floors":[4,36],"is_endless":false,"potions_floor_spawned":[1,10,13,14,18,27,29,33,35,48],"ascension_level":20}