{"gold_per_floor":[218,218,218,318,329,329,339,352,352,11,11,30,42,59,59,138,138,154,73,23,43,4,4,36,36,63,163,197,197],"floor_reached":29,"playtime":1338,"items_purged":["Strike_B"],"score":566,"play_id":"b38f93e8-a7fe-482d-8abd-f75732efaeb9","local_time":"20190531221751","is_ascension_mode":true,"campfire_choices":[{"data":"Zap","floor":6.0,"key":"SMITH"},{"floor":15.0,"key":"REST"},{"data":"Chill","floor":23.0,"key":"SMITH"},{"floor":25.0,"key":"REST"}],"neow_cost":"NONE","seed_source_timestamp":235181738243426,"circlet_count":0,"master_deck":["AscendersBane","Strike_B","Strike_B","Defend_B","Defend_B","Defend_B","Defend_B","Zap+1","Dualcast","Sweeping Beam","Coolheaded","Echo Form","Compile Driver","Static Discharge","Cold Snap","Echo Form","Capacitor+1","Electrodynamics","Steam","Leap","Reinforced Body","Core Surge","Barrage","Defragment","Chill+1","Conserve Battery","Genetic Algorithm","Hologram","Conserve Battery"],"special_seed":0,"relics":["Cracked Core","Prayer Wheel","Torii","DollysMirror","Runic Pyramid","Emotion Chip","DataDisk","Unceasing Top","Bottled Tornado","Red Mask"],"potions_floor_usage":[29],"damage_taken":[{"damage":1.0,"enemies":"Small Slimes","floor":1.0,"turns":3.0},{"damage":9.0,"enemies":"Jaw Worm","floor":5.0,"turns":4.0},{"damage":4.0,"enemies":"Cultist","floor":7.0,"turns":4.0},{"damage":19.0,"enemies":"Exordium Wildlife","floor":8.0,"turns":4.0},{"damage":7.0,"enemies":"Red Slaver","floor":12.0,"turns":3.0},{"damage":1.0,"enemies":"Lots of Slimes","floor":13.0,"turns":2.0},{"damage":9.0,"enemies":"Large Slime","floor":14.0,"turns":5.0},{"damage":0.0,"enemies":"The Guardian","floor":16.0,"turns":11.0},{"damage":0.0,"enemies":"Chosen","floor":18.0,"turns":7.0},{"damage":3.0,"enemies":"3 Byrds","floor":21.0,"turns":3.0},{"damage":29.0,"enemies":"Slavers","floor":24.0,"turns":6.0},{"damage":16.0,"enemies":"Colosseum Slavers","floor":27.0,"turns":3.0},{"damage":15.0,"enemies":"Colosseum Nobs","floor":27.0,"turns":4.0},{"damage":17.0,"enemies":"Masked Bandits","floor":28.0,"turns":4.0},{"damage":8,"enemies":"Book of Stabbing","floor":29,"turns":4}],"seed_played":"-3081145898427674612","potions_obtained":[{"floor":8.0,"key":"GamblersBrew"},{"floor":12.0,"key":"SteroidPotion"},{"floor":14.0,"key":"Regen Potion"},{"floor":16.0,"key":"LiquidBronze"},{"floor":21.0,"key":"GamblersBrew"},{"floor":24.0,"key":"Strength Potion"},{"floor":28.0,"key":"Dexterity Potion"}],"is_trial":false,"path_per_floor":["M","?","T","?","M","R","M","M","T","$","?","M","M","M","R","B",null,"M","$","?","M","$","R","E","R","T","?","?","E"],"character_chosen":"DEFECT","items_purchased":["DollysMirror","Capacitor","Defragment","Genetic Algorithm"],"campfire_rested":2,"item_purchase_floors":[10,10,19,22],"current_hp_per_floor":[63,56,56,56,47,47,43,24,24,24,24,17,16,7,28,43,64,64,64,64,61,61,61,32,53,53,22,5,0],"gold":197,"neow_bonus":"HUNDRED_GOLD","is_prod":false,"is_daily":false,"chose_seed":false,"campfire_upgraded":2,"win_rate":0,"timestamp":1559359071,"path_taken":["M","?","?","?","M","R","M","?","T","$","?","?","?","M","R","BOSS","M","$","?","M","?","R","E","R","T","?","?","E"],"build_version":"2019-01-23","purchased_purges":1,"victory":false,"max_hp_per_floor":[71,71,71,71,71,71,71,71,71,71,71,71,71,71,71,71,71,71,71,71,71,71,71,71,71,71,71,71,71],"card_choices":[{"not_picked":["Go for the Eyes","Beam Cell"],"picked":"Sweeping Beam","floor":1.0},{"not_picked":["Scrape","Hologram"],"picked":"Coolheaded","floor":5.0},{"not_picked":["Compile Driver","Ball Lightning"],"picked":"Echo Form","floor":5.0},{"not_picked":["Sweeping Beam","Rebound"],"picked":"Compile Driver","floor":7.0},{"not_picked":["Barrage","Beam Cell"],"picked":"Static Discharge","floor":7.0},{"not_picked":["Beam Cell","Static Discharge"],"picked":"Cold Snap","floor":8.0},{"not_picked":["Rebound","Go for the Eyes","Hello World"],"picked":"SKIP","floor":8.0},{"not_picked":["Turbo","Glacier"],"picked":"Electrodynamics","floor":12.0},{"not_picked":["Beam Cell","Steam Power"],"picked":"Steam","floor":12.0},{"not_picked":["Sweeping Beam","Static Discharge","Turbo"],"picked":"SKIP","floor":13.0},{"not_picked":["Aggregate","Go for the Eyes","Rebound"],"picked":"SKIP","floor":13.0},{"not_picked":["Sweeping Beam","BootSequence"],"picked":"Leap","floor":14.0},{"not_picked":["Leap","Steam Power"],"picked":"Reinforced Body","floor":14.0},{"not_picked":["Meteor Strike","Rainbow"],"picked":"Core Surge","floor":16.0},{"not_picked":["Loop","Doom and Gloom"],"picked":"Barrage","floor":18.0},{"not_picked":["Go for the Eyes","Hello World","Gash"],"picked":"SKIP","floor":18.0},{"not_picked":["Heatsinks","Coolheaded"],"picked":"Chill","floor":21.0},{"not_picked":["Undo","FTL"],"picked":"Conserve Battery","floor":21.0},{"not_picked":["Electrodynamics","Fusion"],"picked":"Hologram","floor":24.0},{"not_picked":["Static Discharge","Barrage"],"picked":"Conserve Battery","floor":28.0}],"player_experience":1627360,"relics_obtained":[{"floor":3.0,"key":"Prayer Wheel"},{"floor":9.0,"key":"Torii"},{"floor":24.0,"key":"Emotion Chip"},{"floor":26.0,"key":"DataDisk"},{"floor":27.0,"key":"Unceasing Top"},{"floor":27.0,"key":"Bottled Tornado"},{"floor":28.0,"key":"Red Mask"}],"event_choices":[{"cards_removed":["Strike_B"],"damage_healed":0.0,"max_hp_gain":0.0,"max_hp_loss":0.0,"gold_gain":0.0,"event_name":"Golden Wing","player_choice":"Card Removal","floor":2.0,"gold_loss":0.0,"damage_taken":7.0},{"damage_healed":0.0,"max_hp_gain":0.0,"max_hp_loss":0.0,"gold_gain":100.0,"event_name":"Wheel of Change","player_choice":"Gold","floor":4.0,"gold_loss":0.0,"damage_taken":0.0},{"damage_healed":0.0,"max_hp_gain":0.0,"max_hp_loss":0.0,"gold_gain":0.0,"event_name":"Upgrade Shrine","player_choice":"Upgraded","floor":11.0,"gold_loss":0.0,"damage_taken":0.0,"cards_upgraded":["Capacitor"]},{"damage_healed":0.0,"max_hp_gain":0.0,"max_hp_loss":0.0,"gold_gain":0.0,"event_name":"The Joust","player_choice":"Bet on Murderer","floor":20.0,"gold_loss":50.0,"damage_taken":0.0},{"damage_healed":0.0,"max_hp_gain":0.0,"max_hp_loss":0.0,"gold_gain":0.0,"event_name":"Colosseum","player_choice":"Fight","floor":27.0,"gold_loss":0.0,"damage_taken":0.0},{"damage_healed":0.0,"max_hp_gain":0.0,"max_hp_loss":0.0,"gold_gain":0.0,"event_name":"Colosseum","player_choice":"Fought Nobs","floor":27.0,"gold_loss":0.0,"damage_taken":0.0},{"damage_healed":0.0,"max_hp_gain":0.0,"max_hp_loss":0.0,"gold_gain":0.0,"event_name":"Masked Bandits","player_choice":"Fought Bandits","floor":28.0,"gold_loss":0.0,"damage_taken":0.0}],"is_beta":false,"boss_relics":[{"not_picked":["White Beast Statue","Lizard Tail"],"picked":"Runic Pyramid"}],"items_purged_floors":[10],"is_endless":false,"potions_floor_spawned":[8,12,14,16,21,24,27,28],"killed_by":"Book of Stabbing","ascension_level":20}