{"gold_per_floor":[110,121,19,19,37,37,70,70,70,102,102,120,120,131,131,234,234,246,258,81,94,94,94,108,23,23,38,38,38,51,51,51,146,146,161,161,261,261,276,276,303,303,342,367,398,439,470,499,511,523],"floor_reached":51,"playtime":8138,"items_purged":["Shame","Defend_G"],"score":813,"play_id":"3048409d-07c4-4a18-99f1-a60f92890814","local_time":"20190709173347","is_ascension_mode":true,"campfire_choices":[{"data":"Dodge and Roll","floor":6.0,"key":"SMITH"},{"floor":8.0,"key":"REST"},{"floor":13.0,"key":"REST"},{"data":"Wraith Form v2","floor":15.0,"key":"SMITH"},{"data":"Flechettes","floor":23.0,"key":"SMITH"},{"floor":29.0,"key":"REST"},{"data":"Dash","floor":32.0,"key":"SMITH"},{"floor":40.0,"key":"RECALL"},{"floor":49,"key":"REST"}],"neow_cost":"CURSE","seed_source_timestamp":0,"circlet_count":0,"master_deck":["Defend_G+1","Defend_G+1","Defend_G+1","Defend_G+1","Survivor","Neutralize","Flying Knee","Dodge and Roll+1","Dodge and Roll","Blur","Caltrops","Wraith Form v2+1","Dash+1","Venomology","Dodge and Roll+1","Prepared+1","Flechettes+1","Crippling Poison","Necronomicurse","Sucker Punch+1","Choke+1","Calculated Gamble","Bite+1","Bite+1","Bite+1","Bite+1","Bite+1","Envenom","Dagger Throw+1","Riddle With Holes+1","Phantasmal Killer","Dagger Throw+1","Concentrate+1","Caltrops+1","PiercingWail+1","Deadly Poison+1","Riddle With Holes+1","Slice+1"],"special_seed":0,"relics":["Ring of the Snake","StoneCalendar","Snake Skull","Mummified Hand","Question Card","Potion Belt","Runic Pyramid","Necronomicon","Molten Egg 2","Fusion Hammer","Gambling Chip","Shuriken","MawBank","Centennial Puzzle","Unceasing Top"],"potions_floor_usage":[41,45,47,50],"damage_taken":[{"damage":12.0,"enemies":"Jaw Worm","floor":1.0,"turns":7.0},{"damage":0.0,"enemies":"2 Louse","floor":2.0,"turns":3.0},{"damage":0.0,"enemies":"Small Slimes","floor":5.0,"turns":3.0},{"damage":19.0,"enemies":"Lagavulin","floor":7.0,"turns":10.0},{"damage":17.0,"enemies":"3 Sentries","floor":10.0,"turns":7.0},{"damage":0.0,"enemies":"Looter","floor":12.0,"turns":4.0},{"damage":5.0,"enemies":"2 Fungi Beasts","floor":14.0,"turns":5.0},{"damage":9.0,"enemies":"The Guardian","floor":16.0,"turns":13.0},{"damage":3.0,"enemies":"Spheric Guardian","floor":18.0,"turns":7.0},{"damage":0.0,"enemies":"Chosen","floor":19.0,"turns":6.0},{"damage":12.0,"enemies":"Centurion and Healer","floor":21.0,"turns":7.0},{"damage":13.0,"enemies":"Sentry and Sphere","floor":24.0,"turns":7.0},{"damage":8.0,"enemies":"3 Cultists","floor":27.0,"turns":6.0},{"damage":0.0,"enemies":"Cultist and Chosen","floor":30.0,"turns":7.0},{"damage":17.0,"enemies":"Automaton","floor":33.0,"turns":8.0},{"damage":11.0,"enemies":"3 Shapes","floor":35.0,"turns":5.0},{"damage":0.0,"enemies":"Mind Bloom Boss Battle","floor":37.0,"turns":6.0},{"damage":0.0,"enemies":"Orb Walker","floor":39.0,"turns":2.0},{"damage":0,"enemies":"Nemesis","floor":41,"turns":7},{"damage":6,"enemies":"Jaw Worm Horde","floor":44,"turns":4},{"damage":4,"enemies":"3 Darklings","floor":45,"turns":4},{"damage":6,"enemies":"Reptomancer","floor":46,"turns":6},{"damage":20,"enemies":"4 Shapes","floor":47,"turns":4},{"damage":1,"enemies":"Jaw Worm Horde","floor":48,"turns":3},{"damage":32,"enemies":"Time Eater","floor":50,"turns":8}],"seed_played":"2328468839029391109","potions_obtained":[{"floor":2.0,"key":"EssenceOfSteel"},{"floor":5.0,"key":"SkillPotion"},{"floor":12.0,"key":"Explosive Potion"},{"floor":14.0,"key":"Strength Potion"},{"floor":18.0,"key":"FearPotion"},{"floor":21.0,"key":"GhostInAJar"},{"floor":24.0,"key":"AttackPotion"},{"floor":33.0,"key":"Strength Potion"},{"floor":39.0,"key":"GhostInAJar"},{"floor":41,"key":"Poison Potion"}],"is_trial":false,"path_per_floor":["M","M","$","?","M","R","E","R","T","E","?","M","R","M","R","B",null,"M","M","$","M","?","R","M","?","T","M","?","R","M","?","R","B",null,"M","?","?","?","M","R","E","?","T","M","M","E","M","M","R","B",null],"character_chosen":"THE_SILENT","items_purchased":["Dodge and Roll","Flechettes"],"campfire_rested":4,"item_purchase_floors":[3,20],"current_hp_per_floor":[58,58,58,51,51,51,32,53,53,36,41,41,63,58,58,49,75,72,72,72,60,44,44,31,31,31,25,25,47,49,49,49,47,75,75,75,75,75,75,75,75,75,75,75,75,75,64,69,75,61],"gold":535,"neow_bonus":"ONE_RARE_RELIC","is_prod":false,"is_daily":false,"chose_seed":false,"campfire_upgraded":4,"win_rate":0,"timestamp":1562708027,"path_taken":["M","M","$","?","M","R","E","R","T","E","?","M","R","M","R","BOSS","M","M","$","M","?","R","M","?","T","M","?","R","M","?","R","BOSS","M","?","?","?","?","R","E","?","T","?","M","E","M","M","R","BOSS"],"build_version":"2019-07-05","purchased_purges":2,"victory":true,"max_hp_per_floor":[70,70,70,70,70,70,70,70,70,70,75,75,75,75,75,75,75,75,75,75,75,75,75,75,75,75,75,75,75,75,75,75,75,75,75,75,75,75,75,75,75,75,75,75,75,75,75,75,75,75],"card_choices":[{"not_picked":["Blade Dance","Dagger Spray"],"picked":"Flying Knee","floor":1.0},{"not_picked":["Acrobatics","Calculated Gamble"],"picked":"Dodge and Roll","floor":2.0},{"not_picked":["Acrobatics","Slice"],"picked":"Blur","floor":5.0},{"not_picked":["PiercingWail","Dagger Spray"],"picked":"Caltrops","floor":7.0},{"not_picked":["Reflex","Acrobatics","Sucker Punch"],"picked":"Wraith Form v2","floor":10.0},{"not_picked":["Prepared","Dodge and Roll","Bane"],"picked":"Dash","floor":12.0},{"not_picked":["Bane","Distraction","Underhanded Strike"],"picked":"Deadly Poison","floor":14.0},{"not_picked":["Phantasmal Killer","Corpse Explosion","Tools of the Trade"],"picked":"Venomology","floor":16.0},{"not_picked":["Leg Sweep","Quick Slash","Slice"],"picked":"Dodge and Roll+1","floor":18.0},{"not_picked":["Expertise","Predator","Backflip"],"picked":"Prepared+1","floor":19.0},{"not_picked":["Caltrops","Blade Dance","Dagger Throw"],"picked":"Crippling Poison","floor":21.0},{"not_picked":["Well Laid Plans+1","Masterful Stab+1","Eviscerate"],"picked":"Sucker Punch+1","floor":24.0},{"not_picked":["Escape Plan","Expertise","Masterful Stab+1"],"picked":"Choke+1","floor":27.0},{"not_picked":["Acrobatics","Heel Hook+1","Prepared"],"picked":"Calculated Gamble","floor":30.0},{"not_picked":["Unload+1","A Thousand Cuts","Bullet Time"],"picked":"Envenom","floor":33.0},{"not_picked":["Blur","Masterful Stab+1","Tactician"],"picked":"Dagger Throw+1","floor":35.0},{"not_picked":["Bane+1","Sucker Punch+1","Poisoned Stab+1"],"picked":"Riddle With Holes+1","floor":37.0},{"not_picked":["Acrobatics","Finisher+1","Quick Slash+1"],"picked":"Dagger Throw+1","floor":39.0},{"not_picked":["Eviscerate+1","Cloak And Dagger+1","Slice+1"],"picked":"Concentrate+1","floor":41},{"not_picked":["Deadly Poison","Bullet Time","Backflip"],"picked":"Caltrops+1","floor":44},{"not_picked":["Reflex","Skewer+1","Well Laid Plans+1"],"picked":"PiercingWail+1","floor":45},{"not_picked":["Quick Slash+1","Dagger Throw+1","Die Die Die+1"],"picked":"Deadly Poison+1","floor":46},{"not_picked":["Dodge and Roll+1","Outmaneuver","Skewer+1"],"picked":"Riddle With Holes+1","floor":47},{"not_picked":["Dodge and Roll","Quick Slash+1","Outmaneuver"],"picked":"Slice+1","floor":48}],"player_experience":423461,"relics_obtained":[{"floor":7.0,"key":"Mummified Hand"},{"floor":9.0,"key":"Question Card"},{"floor":10.0,"key":"Potion Belt"},{"floor":22.0,"key":"Necronomicon"},{"floor":26.0,"key":"Molten Egg 2"},{"floor":37.0,"key":"Gambling Chip"},{"floor":41,"key":"Shuriken"},{"floor":43,"key":"Centennial Puzzle"},{"floor":46,"key":"Unceasing Top"}],"event_choices":[{"damage_healed":0.0,"max_hp_gain":0.0,"max_hp_loss":0.0,"gold_gain":0.0,"event_name":"Scrap Ooze","player_choice":"Success","floor":4.0,"gold_loss":0.0,"damage_taken":7.0,"relics_obtained":["Snake Skull"]},{"damage_healed":0.0,"max_hp_gain":5.0,"max_hp_loss":0.0,"gold_gain":0.0,"event_name":"Big Fish","player_choice":"Donut","floor":11.0,"gold_loss":0.0,"damage_taken":0.0},{"damage_healed":0.0,"max_hp_gain":0.0,"max_hp_loss":0.0,"gold_gain":0.0,"event_name":"Cursed Tome","player_choice":"Obtained Book","floor":22.0,"gold_loss":0.0,"damage_taken":16.0},{"damage_healed":0.0,"max_hp_gain":0.0,"max_hp_loss":0.0,"gold_gain":0.0,"event_name":"Addict","player_choice":"Obtained Relic","floor":25.0,"gold_loss":85.0,"damage_taken":0.0,"relics_obtained":["Blood Vial"]},{"damage_healed":0.0,"max_hp_gain":0.0,"max_hp_loss":0.0,"gold_gain":0.0,"event_name":"Back to Basics","player_choice":"Simplicity","floor":28.0,"gold_loss":0.0,"damage_taken":0.0,"cards_upgraded":["Strike_G","Strike_G","Strike_G","Strike_G","Strike_G","Defend_G","Defend_G","Defend_G","Defend_G"]},{"damage_healed":0.0,"max_hp_gain":0.0,"max_hp_loss":0.0,"gold_gain":0.0,"event_name":"Vampires","player_choice":"Became a vampire (Vial)","floor":31.0,"relics_lost":["Blood Vial"],"gold_loss":0.0,"damage_taken":0.0,"cards_obtained":["Bite","Bite","Bite","Bite","Bite"]},{"damage_healed":0.0,"max_hp_gain":0.0,"max_hp_loss":0.0,"gold_gain":0.0,"event_name":"Tomb of Lord Red Mask","player_choice":"Ignored","floor":36.0,"gold_loss":0.0,"damage_taken":0.0},{"damage_healed":0.0,"max_hp_gain":0.0,"max_hp_loss":0.0,"gold_gain":0.0,"event_name":"MindBloom","player_choice":"Fight","floor":37.0,"gold_loss":0.0,"damage_taken":0.0},{"damage_healed":0.0,"max_hp_gain":0.0,"max_hp_loss":0.0,"gold_gain":0.0,"cards_transformed":["Deadly Poison"],"event_name":"Transmorgrifier","player_choice":"Transformed","floor":38.0,"gold_loss":0.0,"damage_taken":0.0,"cards_obtained":["Phantasmal Killer"]},{"damage_healed":0,"gold_gain":0,"player_choice":"Gave Potion","damage_taken":0,"relics_obtained":["MawBank"],"max_hp_gain":0,"max_hp_loss":0,"event_name":"WeMeetAgain","floor":42,"gold_loss":0}],"is_beta":false,"boss_relics":[{"not_picked":["Coffee Dripper","White Beast Statue"],"picked":"Runic Pyramid"},{"not_picked":["Philosopher\u0027s Stone","Tiny House"],"picked":"Fusion Hammer"}],"items_purged_floors":[3,20],"is_endless":false,"potions_floor_spawned":[2,5,12,14,18,21,24,33,39,41,45,46],"ascension_level":2}