{"gold_per_floor":[112,112,127,147,157,157,170,199,199,199,215,235,261,271,271,348,348,348,348,69,69,69,69,69,69,69,69,69,69,69,69,69,69,69,69,69,69,69,69,69,69,69,69,69,69,69,12,12,12,12],"floor_reached":51,"playtime":3446,"items_purged":[],"score":1340,"play_id":"6b0ab17d-8001-4f04-bdd2-813d22d78976","local_time":"20190712212759","is_ascension_mode":true,"campfire_choices":[{"data":"Hemokinesis","floor":6.0,"key":"SMITH"},{"data":"Shockwave","floor":10.0,"key":"SMITH"},{"data":"Armaments","floor":15.0,"key":"SMITH"},{"data":"Blind","floor":23.0,"key":"SMITH"},{"floor":25.0,"key":"REST"},{"floor":32.0,"key":"REST"},{"floor":40.0,"key":"REST"},{"data":"Demon Form","floor":42.0,"key":"SMITH"},{"data":"Disarm","floor":44.0,"key":"SMITH"},{"data":"Sword Boomerang","floor":49,"key":"SMITH"}],"neow_cost":"NONE","seed_source_timestamp":44601213245957,"circlet_count":0,"master_deck":["AscendersBane","Strike_R","Defend_R","Defend_R","Defend_R","Defend_R","Bash","Anger","Shrug It Off","Dropkick","Wild Strike","Hemokinesis+1","Disarm+1","Shockwave+1","Feel No Pain","Battle Trance","Armaments+1","Immolate","True Grit","True Grit","Blind+1","Rupture","Fiend Fire","Shrug It Off","Ghostly Armor","Armaments+1","Sword Boomerang+1","Sword Boomerang+1","Demon Form+1","Bandage Up","Iron Wave+1","Parasite","Havoc+1"],"special_seed":0,"relics":["Burning Blood","Question Card","Ginger","Charon\u0027s Ashes","Ectoplasm","Red Skull","Peace Pipe","Oddly Smooth Stone","Orichalcum","Busted Crown","Dead Branch","Frozen Egg 2","Toxic Egg 2","MawBank"],"potions_floor_usage":[50,50],"damage_taken":[{"damage":12.0,"enemies":"Jaw Worm","floor":1.0,"turns":4.0},{"damage":0.0,"enemies":"Cultist","floor":3.0,"turns":2.0},{"damage":3.0,"enemies":"2 Louse","floor":4.0,"turns":2.0},{"damage":12.0,"enemies":"Lots of Slimes","floor":5.0,"turns":4.0},{"damage":13.0,"enemies":"3 Louse","floor":7.0,"turns":4.0},{"damage":22.0,"enemies":"Gremlin Nob","floor":8.0,"turns":4.0},{"damage":2.0,"enemies":"2 Fungi Beasts","floor":11.0,"turns":2.0},{"damage":2.0,"enemies":"Looter","floor":12.0,"turns":2.0},{"damage":26.0,"enemies":"3 Sentries","floor":13.0,"turns":6.0},{"damage":16.0,"enemies":"Exordium Thugs","floor":14.0,"turns":4.0},{"damage":17.0,"enemies":"Hexaghost","floor":16.0,"turns":11.0},{"damage":24.0,"enemies":"Spheric Guardian","floor":18.0,"turns":4.0},{"damage":0.0,"enemies":"Chosen","floor":19.0,"turns":5.0},{"damage":37.0,"enemies":"Slavers","floor":24.0,"turns":8.0},{"damage":9.0,"enemies":"Centurion and Healer","floor":27.0,"turns":6.0},{"damage":3.0,"enemies":"Gremlin Leader","floor":28.0,"turns":5.0},{"damage":7.0,"enemies":"Cultist and Chosen","floor":29.0,"turns":6.0},{"damage":19.0,"enemies":"3 Cultists","floor":30.0,"turns":5.0},{"damage":2.0,"enemies":"Snake Plant","floor":31.0,"turns":4.0},{"damage":15.0,"enemies":"Collector","floor":33.0,"turns":5.0},{"damage":4.0,"enemies":"3 Shapes","floor":35.0,"turns":5.0},{"damage":7.0,"enemies":"3 Darklings","floor":38.0,"turns":5.0},{"damage":57.0,"enemies":"Transient","floor":39.0,"turns":6.0},{"damage":2.0,"enemies":"Mind Bloom Boss Battle","floor":41.0,"turns":6.0},{"damage":21.0,"enemies":"Nemesis","floor":45.0,"turns":8.0},{"damage":0,"enemies":"Writhing Mass","floor":46,"turns":7},{"damage":34,"enemies":"Reptomancer","floor":48,"turns":6},{"damage":40,"enemies":"Awakened One","floor":50,"turns":9}],"seed_played":"-6948636583496232778","potions_obtained":[{"floor":5.0,"key":"Poison Potion"},{"floor":11.0,"key":"Energy Potion"},{"floor":12.0,"key":"Poison Potion"},{"floor":13.0,"key":"LiquidBronze"},{"floor":27.0,"key":"SpeedPotion"},{"floor":30.0,"key":"EntropicBrew"},{"floor":35.0,"key":"Regen Potion"},{"floor":41.0,"key":"SpeedPotion"},{"floor":46,"key":"Regen Potion"}],"is_trial":false,"path_per_floor":["M","?","M","M","M","R","M","E","T","R","M","M","E","M","R","B",null,"M","M","$","?","?","R","E","R","T","M","E","M","M","M","R","B",null,"M","?","?","M","M","R","?","R","T","R","E","M","$","E","R","B",null],"character_chosen":"IRONCLAD","items_purchased":["Blind","Red Skull","Strength Potion"],"campfire_rested":3,"item_purchase_floors":[20,20,47],"current_hp_per_floor":[69,69,75,78,72,72,65,49,49,49,53,57,37,27,27,16,66,48,54,54,54,54,54,23,47,47,44,47,46,33,37,61,52,75,77,77,77,82,31,55,80,80,80,80,67,77,77,53,53,38],"gold":12,"neow_bonus":"TEN_PERCENT_HP_BONUS","is_prod":false,"is_daily":false,"chose_seed":false,"campfire_upgraded":7,"win_rate":0,"timestamp":1562984879,"path_taken":["M","?","M","M","?","R","M","E","T","R","M","M","E","M","R","BOSS","M","M","$","?","?","R","E","R","T","M","E","?","M","M","R","BOSS","M","?","?","M","M","R","?","R","T","R","E","M","$","E","R","BOSS"],"build_version":"2019-07-05","purchased_purges":0,"victory":true,"max_hp_per_floor":[82,82,82,82,82,82,82,82,82,82,82,82,82,82,82,82,82,82,82,82,82,82,82,82,82,82,82,82,82,82,82,82,82,82,82,82,82,82,82,82,82,82,82,82,82,82,82,82,82,82],"card_choices":[{"not_picked":["Wild Strike","Clash"],"picked":"Anger","floor":1.0},{"not_picked":["Clothesline","Second Wind"],"picked":"Wild Strike","floor":3.0},{"not_picked":["Warcry","Flex"],"picked":"Hemokinesis","floor":4.0},{"not_picked":["Hemokinesis","Pommel Strike"],"picked":"Disarm","floor":5.0},{"not_picked":["Juggernaut","Clash","Thunderclap"],"picked":"SKIP","floor":7.0},{"not_picked":["Intimidate","Iron Wave"],"picked":"Shockwave","floor":8.0},{"not_picked":["Sword Boomerang","Evolve","Clothesline"],"picked":"Feel No Pain","floor":11.0},{"not_picked":["Flame Barrier","Warcry","Shrug It Off"],"picked":"Battle Trance","floor":12.0},{"not_picked":["Twin Strike","Wild Strike","Whirlwind","Reckless Charge"],"picked":"SKIP","floor":13.0},{"not_picked":["Body Slam","Searing Blow","Wild Strike"],"picked":"Armaments","floor":14.0},{"not_picked":["Impervious","Brutality","Double Tap"],"picked":"Immolate","floor":16.0},{"not_picked":["Flex","Cleave","Thunderclap"],"picked":"True Grit","floor":18.0},{"not_picked":["Pommel Strike","Dual Wield","Perfected Strike"],"picked":"True Grit","floor":19.0},{"not_picked":["Feed","Headbutt","Clothesline"],"picked":"Shrug It Off","floor":24.0},{"not_picked":["Power Through","Heavy Blade","Pommel Strike"],"picked":"Ghostly Armor","floor":27.0},{"not_picked":["Heavy Blade","Shrug It Off","Anger"],"picked":"Armaments+1","floor":28.0},{"not_picked":["Searing Blow+1","Hemokinesis","Thunderclap"],"picked":"Sword Boomerang","floor":29.0},{"not_picked":["Body Slam","Feed","Havoc","Burning Pact"],"picked":"SKIP","floor":30.0},{"not_picked":["Second Wind+1","Body Slam","Perfected Strike"],"picked":"Sword Boomerang+1","floor":31.0},{"not_picked":["Double Tap","Impervious","Brutality"],"picked":"Demon Form","floor":33.0},{"not_picked":["Sword Boomerang","Feel No Pain"],"picked":"SKIP","floor":35.0},{"not_picked":["Dramatic Entrance"],"picked":"Bandage Up","floor":36.0},{"not_picked":["Cleave"],"picked":"Iron Wave+1","floor":38.0},{"not_picked":["Clash","Blood for Blood"],"picked":"SKIP","floor":39.0},{"not_picked":["Clothesline","Second Wind+1"],"picked":"SKIP","floor":45.0},{"not_picked":["Cleave"],"picked":"Havoc+1","floor":46},{"not_picked":["Cleave+1","Second Wind+1"],"picked":"SKIP","floor":48}],"player_experience":182791,"relics_obtained":[{"floor":8.0,"key":"Question Card"},{"floor":9.0,"key":"Ginger"},{"floor":13.0,"key":"Charon\u0027s Ashes"},{"floor":24.0,"key":"Peace Pipe"},{"floor":26.0,"key":"Oddly Smooth Stone"},{"floor":28.0,"key":"Orichalcum"},{"floor":41.0,"key":"Dead Branch"},{"floor":43.0,"key":"Frozen Egg 2"},{"floor":45.0,"key":"Toxic Egg 2"},{"floor":48,"key":"MawBank"}],"event_choices":[{"damage_healed":0.0,"max_hp_gain":0.0,"max_hp_loss":0.0,"gold_gain":0.0,"event_name":"Match and Keep!","player_choice":"2 cards matched","floor":2.0,"gold_loss":0.0,"damage_taken":0.0,"cards_obtained":["Shrug It Off","Dropkick"]},{"damage_healed":0.0,"max_hp_gain":0.0,"max_hp_loss":0.0,"gold_gain":0.0,"cards_transformed":["Strike_R","Strike_R"],"event_name":"Drug Dealer","player_choice":"Became Test Subject","floor":21.0,"gold_loss":0.0,"damage_taken":0.0,"cards_obtained":["Rupture","Fiend Fire"]},{"cards_removed":["Strike_R"],"damage_healed":0.0,"max_hp_gain":0.0,"max_hp_loss":0.0,"gold_gain":0.0,"event_name":"Purifier","player_choice":"Purged","floor":22.0,"gold_loss":0.0,"damage_taken":0.0},{"damage_healed":0.0,"max_hp_gain":0.0,"max_hp_loss":0.0,"gold_gain":0.0,"event_name":"SensoryStone","player_choice":"Memory 1","floor":36.0,"gold_loss":0.0,"damage_taken":0.0},{"cards_removed":["Strike_R"],"damage_healed":0.0,"max_hp_gain":0.0,"max_hp_loss":0.0,"gold_gain":0.0,"event_name":"Falling","player_choice":"Removed Attack","floor":37.0,"gold_loss":0.0,"damage_taken":0.0},{"damage_healed":0.0,"max_hp_gain":0.0,"max_hp_loss":0.0,"gold_gain":0.0,"event_name":"MindBloom","player_choice":"Fight","floor":41.0,"gold_loss":0.0,"damage_taken":0.0}],"is_beta":false,"boss_relics":[{"not_picked":["Philosopher\u0027s Stone","Orrery"],"picked":"Ectoplasm"},{"not_picked":["Black Star","Coffee Dripper"],"picked":"Busted Crown"}],"items_purged_floors":[],"is_endless":false,"potions_floor_spawned":[5,11,12,13,19,27,29,30,31,35,41,46],"ascension_level":17}