{"gold_per_floor":[217,105,105,115,85,85,115,115,165,193,207,207,50,50,50,125,125,142,160,5,55,67,67,82,82,133,133,148,148,167,199,199,273,273,283,1282,1298,1004,1004,1024,1024],"floor_reached":41,"playtime":1956,"items_purged":["Strike_B","Strike_B","Normality"],"score":863,"play_id":"8b933a3e-6e0b-4b8b-b9ed-aa4eeb0f5eca","local_time":"20190619022813","is_ascension_mode":true,"campfire_choices":[{"data":"Zap","floor":6,"key":"SMITH"},{"floor":8,"key":"REST"},{"data":"Barrage","floor":12,"key":"SMITH"},{"data":"White Noise","floor":15,"key":"SMITH"},{"floor":23,"key":"REST"},{"data":"Consume","floor":25,"key":"SMITH"},{"data":"Fusion","floor":27,"key":"SMITH"},{"floor":29,"key":"REST"},{"floor":32,"key":"REST"}],"neow_cost":"NONE","seed_source_timestamp":1805012542783742,"circlet_count":0,"master_deck":["AscendersBane","Strike_B","Defend_B+1","Defend_B","Defend_B","Defend_B+1","Zap+1","Dualcast","Conserve Battery","Glacier","Compile Driver","Rainbow","Barrage+1","White Noise+1","Electrodynamics","Undo","Fusion+1","Coolheaded","Consume+1","Compile Driver","Hologram","Darkness+1","Ball Lightning","Echo Form","Reinforced Body","Normality","Capacitor","Panacea","Secret Technique","Impatience"],"relics":["Cracked Core","Darkstone Periapt","War Paint","Dream Catcher","PreservedInsect","Inserter","Bag of Preparation","Unceasing Top","Fusion Hammer","Oddly Smooth Stone"],"potions_floor_usage":[7,16,31,33,41],"damage_taken":[{"damage":12,"enemies":"Jaw Worm","floor":1,"turns":4},{"damage":0,"enemies":"Small Slimes","floor":4,"turns":5},{"damage":24,"enemies":"3 Sentries","floor":7,"turns":15},{"damage":5,"enemies":"Lagavulin","floor":10,"turns":7},{"damage":0,"enemies":"Cultist","floor":11,"turns":3},{"damage":34,"enemies":"The Guardian","floor":16,"turns":14},{"damage":0,"enemies":"Spheric Guardian","floor":18,"turns":4},{"damage":13,"enemies":"2 Thieves","floor":19,"turns":4},{"damage":25,"enemies":"Shelled Parasite and Fungi","floor":22,"turns":7},{"damage":7,"enemies":"Snecko","floor":24,"turns":7},{"damage":11,"enemies":"Chosen and Byrds","floor":28,"turns":7},{"damage":9,"enemies":"Centurion and Healer","floor":30,"turns":8},{"damage":21,"enemies":"Slavers","floor":31,"turns":4},{"damage":21,"enemies":"Champ","floor":33,"turns":14},{"damage":10,"enemies":"Orb Walker","floor":35,"turns":5},{"damage":0,"enemies":"3 Shapes","floor":37,"turns":4},{"damage":11,"enemies":"Sphere and 2 Shapes","floor":40,"turns":4},{"damage":16,"enemies":"Reptomancer","floor":41,"turns":2}],"seed_played":"-8329151757298051010","potions_obtained":[{"floor":4,"key":"Block Potion"},{"floor":5,"key":"Dexterity Potion"},{"floor":10,"key":"SteroidPotion"},{"floor":16,"key":"FairyPotion"},{"floor":24,"key":"AttackPotion"},{"floor":31,"key":"PowerPotion"},{"floor":33,"key":"FearPotion"},{"floor":40,"key":"PowerPotion"}],"is_trial":false,"path_per_floor":["M","$","?","M","?","R","E","R","T","E","M","R","$","?","R","B",null,"M","M","$","?","M","R","M","R","T","R","M","R","M","E","R","B",null,"M","?","M","$","?","M","E"],"character_chosen":"DEFECT","items_purchased":["Glacier","PreservedInsect","Coolheaded","Oddly Smooth Stone"],"campfire_rested":4,"item_purchase_floors":[2,13,20,38],"current_hp_per_floor":[52,52,45,45,45,45,21,42,42,37,37,37,37,37,37,3,54,54,41,41,41,16,37,30,30,30,30,19,40,31,10,31,10,56,46,58,58,58,48,37,21],"gold":1024,"neow_bonus":"HUNDRED_GOLD","is_prod":false,"is_daily":false,"chose_seed":false,"campfire_upgraded":5,"win_rate":0,"timestamp":1560929293,"path_taken":["M","$","?","M","?","R","E","R","T","E","?","R","$","?","R","BOSS","M","M","?","?","M","R","M","R","T","R","?","R","M","E","R","BOSS","M","?","M","$","?","M","E"],"build_version":"2019-01-23","purchased_purges":3,"victory":false,"max_hp_per_floor":[71,71,71,71,71,71,71,71,71,71,71,71,71,71,71,71,71,71,71,71,71,71,71,71,71,71,71,71,71,71,71,71,71,71,71,83,83,83,83,83,83],"card_choices":[{"not_picked":["Barrage","Leap"],"picked":"Conserve Battery","floor":1},{"not_picked":["Storm","Double Energy","Turbo"],"picked":"SKIP","floor":4},{"not_picked":["Rip and Tear","Static Discharge"],"picked":"Compile Driver","floor":7},{"not_picked":["Hologram","FTL"],"picked":"Rainbow","floor":10},{"not_picked":["Turbo","Streamline"],"picked":"Barrage","floor":11},{"not_picked":["Machine Learning","Thunder Strike"],"picked":"Electrodynamics","floor":16},{"not_picked":["Darkness","Cold Snap"],"picked":"Undo","floor":18},{"not_picked":["Tempest","Go for the Eyes"],"picked":"Fusion","floor":19},{"not_picked":["Go for the Eyes","Cold Snap","Rebound"],"picked":"SKIP","floor":22},{"not_picked":["Scrape","Rebound"],"picked":"Consume","floor":23},{"not_picked":["Turbo","Steam","Lockon+1"],"picked":"SKIP","floor":24},{"not_picked":["Undo","Consume","Compile Driver"],"picked":"SKIP","floor":28},{"not_picked":["Turbo","Stack"],"picked":"Compile Driver","floor":29},{"not_picked":["Melter","Recycle"],"picked":"Hologram","floor":30},{"not_picked":["Electrodynamics","Tempest"],"picked":"Darkness+1","floor":31},{"not_picked":["Beam Cell","Sweeping Beam"],"picked":"Ball Lightning","floor":32},{"not_picked":["Buffer","Seek"],"picked":"Echo Form","floor":33},{"not_picked":["Cold Snap+1","Ball Lightning+1"],"picked":"Reinforced Body","floor":35},{"not_picked":["Sweeping Beam+1","Scrape"],"picked":"Capacitor","floor":37},{"not_picked":["Dramatic Entrance","Blind"],"picked":"Panacea","floor":39},{"not_picked":["Finesse","Sadistic Nature"],"picked":"Secret Technique","floor":39},{"not_picked":["Forethought","Madness"],"picked":"Impatience","floor":39},{"not_picked":["Beam Cell","Leap","Sweeping Beam"],"picked":"SKIP","floor":40}],"player_experience":1806112,"relics_obtained":[{"floor":7,"key":"Darkstone Periapt"},{"floor":9,"key":"War Paint"},{"floor":10,"key":"Dream Catcher"},{"floor":26,"key":"Bag of Preparation"},{"floor":31,"key":"Unceasing Top"}],"event_choices":[{"cards_removed":["Strike_B"],"damage_healed":0,"gold_gain":0,"player_choice":"Card Removal","damage_taken":7,"max_hp_gain":0,"max_hp_loss":0,"event_name":"Golden Wing","floor":3,"gold_loss":0},{"damage_healed":0,"gold_gain":0,"player_choice":"Bought 2 Potions","damage_taken":0,"max_hp_gain":0,"max_hp_loss":0,"event_name":"The Woman in Blue","floor":5,"gold_loss":0},{"damage_healed":0,"gold_gain":0,"player_choice":"1 cards matched","damage_taken":0,"max_hp_gain":0,"max_hp_loss":0,"event_name":"Match and Keep!","floor":14,"gold_loss":0,"cards_obtained":["White Noise"]},{"damage_healed":0,"gold_gain":50,"player_choice":"Stole From Cult","damage_taken":0,"max_hp_gain":0,"max_hp_loss":0,"event_name":"Nest","floor":21,"gold_loss":0},{"damage_healed":0,"gold_gain":999,"player_choice":"Gold","damage_taken":0,"max_hp_gain":0,"max_hp_loss":0,"event_name":"MindBloom","floor":36,"gold_loss":0,"cards_obtained":["Normality","Normality"]},{"damage_healed":0,"gold_gain":0,"player_choice":"Memory 3","damage_taken":10,"max_hp_gain":0,"max_hp_loss":0,"event_name":"SensoryStone","floor":39,"gold_loss":0}],"is_beta":false,"boss_relics":[{"not_picked":["Runic Pyramid","Eternal Feather"],"picked":"Inserter"},{"not_picked":["FrozenCore","Sozu"],"picked":"Fusion Hammer"}],"items_purged_floors":[2,20,38],"is_endless":false,"potions_floor_spawned":[4,10,16,22,24,31,33,35,40],"killed_by":"Reptomancer","ascension_level":20}