{"gold_per_floor":[110,110,125,142,142,142,165,195,195,195,209,224,250,18,18,18],"floor_reached":16,"playtime":626,"items_purged":["Strike_G"],"score":220,"play_id":"96d04c77-b354-4639-a7e9-3ed62d1f0cc9","local_time":"20190609134532","is_ascension_mode":true,"campfire_choices":[{"data":"Noxious Fumes","floor":6,"key":"SMITH"},{"data":"Neutralize","floor":10,"key":"SMITH"},{"data":"Wraith Form v2","floor":15,"key":"SMITH"}],"neow_cost":"PERCENT_DAMAGE","seed_source_timestamp":982981910566222,"circlet_count":0,"master_deck":["AscendersBane","Defend_G","Defend_G","Defend_G","Defend_G","Defend_G","Strike_G","Strike_G","Strike_G","Survivor","Neutralize+1","After Image","Quick Slash","Noxious Fumes+1","Poisoned Stab","Wraith Form v2+1","Backstab+1","Flying Knee+1","All Out Attack+1","Caltrops"],"relics":["Ring of the Snake","Odd Mushroom","Molten Egg 2","Dream Catcher","Ornamental Fan","Lantern"],"potions_floor_usage":[7,13],"damage_taken":[{"damage":0,"enemies":"Small Slimes","floor":1,"turns":4},{"damage":4,"enemies":"Cultist","floor":3,"turns":4},{"damage":1,"enemies":"2 Louse","floor":4,"turns":4},{"damage":15,"enemies":"The Mushroom Lair","floor":7,"turns":4},{"damage":8,"enemies":"Lagavulin","floor":8,"turns":9},{"damage":0,"enemies":"2 Fungi Beasts","floor":11,"turns":3},{"damage":12,"enemies":"Exordium Wildlife","floor":12,"turns":5},{"damage":6,"enemies":"3 Sentries","floor":13,"turns":6},{"damage":20,"enemies":"The Guardian","floor":16,"turns":9}],"seed_played":"3737686289488919374","potions_obtained":[{"floor":1,"key":"PowerPotion"},{"floor":7,"key":"Dexterity Potion"},{"floor":8,"key":"Dexterity Potion"},{"floor":12,"key":"Ancient Potion"}],"is_trial":false,"path_per_floor":["M","?","M","M","?","R","?","E","T","R","M","M","E","$","R","B"],"character_chosen":"THE_SILENT","items_purchased":["Lantern"],"campfire_rested":0,"item_purchase_floors":[14],"current_hp_per_floor":[44,44,40,39,61,61,46,38,38,38,38,26,20,20,20,0],"gold":18,"neow_bonus":"THREE_RARE_CARDS","is_prod":false,"is_daily":false,"chose_seed":false,"campfire_upgraded":3,"win_rate":0,"timestamp":1560105932,"path_taken":["M","?","?","M","?","R","?","E","T","R","M","M","E","$","R","BOSS"],"build_version":"2019-01-23","purchased_purges":1,"victory":false,"max_hp_per_floor":[66,66,66,66,66,66,66,66,66,66,66,66,66,66,66,66],"card_choices":[{"not_picked":["A Thousand Cuts","Bullet Time"],"picked":"After Image","floor":0},{"not_picked":["Masterful Stab","Dodge and Roll"],"picked":"Quick Slash","floor":1},{"not_picked":["Blade Dance","Flying Knee"],"picked":"Noxious Fumes","floor":3},{"not_picked":["Flying Knee","Prepared"],"picked":"Poisoned Stab","floor":4},{"not_picked":["Skewer","Slice"],"picked":"Wraith Form v2","floor":7},{"not_picked":["Slice","Sucker Punch"],"picked":"Backstab","floor":8},{"not_picked":["Deadly Poison","Masterful Stab+1"],"picked":"Flying Knee+1","floor":11},{"not_picked":["Blur","Infinite Blades"],"picked":"All Out Attack+1","floor":12},{"not_picked":["Tools of the Trade","Quick Slash+1"],"picked":"Caltrops","floor":13}],"player_experience":1717503,"relics_obtained":[{"floor":7,"key":"Odd Mushroom"},{"floor":8,"key":"Molten Egg 2"},{"floor":9,"key":"Dream Catcher"},{"floor":13,"key":"Ornamental Fan"}],"event_choices":[{"cards_removed":["Strike_G"],"damage_healed":0,"gold_gain":0,"player_choice":"Purged","damage_taken":0,"max_hp_gain":0,"max_hp_loss":0,"event_name":"Purifier","floor":2,"gold_loss":0},{"damage_healed":22,"gold_gain":0,"player_choice":"Banana","damage_taken":0,"max_hp_gain":0,"max_hp_loss":0,"event_name":"Big Fish","floor":5,"gold_loss":0},{"damage_healed":0,"gold_gain":0,"player_choice":"Fought Mushrooms","damage_taken":0,"max_hp_gain":0,"max_hp_loss":0,"event_name":"Mushrooms","floor":7,"gold_loss":0}],"is_beta":false,"boss_relics":[],"items_purged_floors":[14],"is_endless":false,"potions_floor_spawned":[1,7,8,12],"killed_by":"The Guardian","ascension_level":20}