{"gold_per_floor":[119,119,38,313,332,332,352,378,378,120,120,120,154,173,173,247,247,266,266,266,266,4,4],"floor_reached":23,"playtime":991,"items_purged":["Regret"],"score":394,"play_id":"9a378314-be1f-450e-9057-1d74091fc826","local_time":"20190531225357","is_ascension_mode":true,"campfire_choices":[{"data":"Neutralize","floor":6,"key":"SMITH"},{"floor":12,"key":"REST"},{"data":"Catalyst","floor":15,"key":"SMITH"}],"neow_cost":"TEN_PERCENT_HP_LOSS","seed_source_timestamp":237921598376502,"circlet_count":0,"master_deck":["AscendersBane","Defend_G","Defend_G","Defend_G","Defend_G","Strike_G","Strike_G","Strike_G","Survivor","Neutralize+1","Backflip","Noxious Fumes","Backstab","Bane","Blur","Footwork","Catalyst+1","Dodge and Roll","Bane","Burst","Well Laid Plans","Ghostly","Ghostly","Ghostly","PiercingWail","Footwork","Dodge and Roll"],"relics":["Ring of the Snake","Pantograph","Gremlin Horn","Vajra","Busted Crown","Oddly Smooth Stone"],"potions_floor_usage":[8,11,16],"damage_taken":[{"damage":1,"enemies":"Small Slimes","floor":1,"turns":4},{"damage":18,"enemies":"Jaw Worm","floor":5,"turns":6},{"damage":2,"enemies":"Cultist","floor":7,"turns":5},{"damage":18,"enemies":"Lagavulin","floor":8,"turns":6},{"damage":0,"enemies":"Large Slime","floor":11,"turns":4},{"damage":15,"enemies":"3 Sentries","floor":13,"turns":10},{"damage":0,"enemies":"Blue Slaver","floor":14,"turns":5},{"damage":23,"enemies":"Hexaghost","floor":16,"turns":8},{"damage":6,"enemies":"3 Byrds","floor":18,"turns":8},{"damage":41,"enemies":"Slavers","floor":23,"turns":8}],"seed_played":"7676865623906830769","potions_obtained":[{"floor":5,"key":"SmokeBomb"},{"floor":7,"key":"Strength Potion"}],"is_trial":false,"path_per_floor":["M","?","$","?","M","R","M","E","T","$","M","R","E","M","R","B",null,"M","?","?","?","$","E"],"character_chosen":"THE_SILENT","items_purchased":["Noxious Fumes","Footwork","Catalyst","Poison Potion","Footwork","Oddly Smooth Stone","Dodge and Roll"],"campfire_rested":1,"item_purchase_floors":[3,10,10,10,22,22,22],"current_hp_per_floor":[58,51,51,51,33,33,31,13,13,13,13,31,16,16,16,18,50,44,30,30,30,30,0],"gold":4,"neow_bonus":"REMOVE_TWO","is_prod":false,"is_daily":false,"chose_seed":false,"campfire_upgraded":2,"win_rate":0,"timestamp":1559361237,"path_taken":["M","?","$","?","M","R","M","E","T","$","?","R","E","M","R","BOSS","M","?","?","?","$","E"],"build_version":"2019-01-23","purchased_purges":1,"victory":false,"max_hp_per_floor":[60,60,60,60,60,60,60,60,60,60,60,60,60,60,60,60,60,60,30,30,30,30,30],"card_choices":[{"not_picked":["Underhanded Strike","Riddle With Holes"],"picked":"Backflip","floor":1},{"not_picked":["Quick Slash","Underhanded Strike"],"picked":"Backstab","floor":5},{"not_picked":["Cloak And Dagger","Masterful Stab"],"picked":"Bane","floor":7},{"not_picked":["Phantasmal Killer","Blade Dance"],"picked":"Blur","floor":8},{"not_picked":["Calculated Gamble","Dagger Throw"],"picked":"Dodge and Roll","floor":13},{"not_picked":["Tactician","Outmaneuver"],"picked":"Bane","floor":14},{"not_picked":["Bullet Time","Venomology"],"picked":"Burst","floor":16},{"not_picked":[],"picked":"Well Laid Plans","floor":18}],"player_experience":1629777,"relics_obtained":[{"floor":8,"key":"Pantograph"},{"floor":9,"key":"Gremlin Horn"},{"floor":13,"key":"Vajra"}],"event_choices":[{"cards_removed":["Strike_G"],"damage_healed":0,"gold_gain":0,"player_choice":"Card Removal","damage_taken":7,"max_hp_gain":0,"max_hp_loss":0,"event_name":"Golden Wing","floor":2,"gold_loss":0},{"damage_healed":0,"gold_gain":275,"player_choice":"Desecrate","damage_taken":0,"max_hp_gain":0,"max_hp_loss":0,"event_name":"Golden Shrine","floor":4,"gold_loss":0,"cards_obtained":["Regret"]},{"damage_healed":0,"gold_gain":0,"player_choice":"Became a Ghost","damage_taken":0,"max_hp_gain":0,"max_hp_loss":30,"event_name":"Ghosts","floor":19,"gold_loss":0,"cards_obtained":["Ghostly","Ghostly","Ghostly"]},{"damage_healed":0,"gold_gain":0,"player_choice":"Ignored","damage_taken":0,"max_hp_gain":0,"max_hp_loss":0,"event_name":"Vampires","floor":20,"gold_loss":0},{"damage_healed":0,"gold_gain":0,"player_choice":"Read","damage_taken":0,"max_hp_gain":0,"max_hp_loss":0,"event_name":"The Library","floor":21,"gold_loss":0,"cards_obtained":["PiercingWail"]}],"is_beta":false,"boss_relics":[{"not_picked":["Calling Bell","Philosopher\u0027s Stone"],"picked":"Busted Crown"}],"items_purged_floors":[10],"is_endless":false,"potions_floor_spawned":[5,7],"killed_by":"Slavers","ascension_level":20}