{"gold_per_floor":[115,145,25,42,55,84,84,97,124,124,156,156,170,186,186,186],"floor_reached":16,"playtime":1116,"items_purged":["Defend_G"],"score":112,"play_id":"5fa83b4b-8b8d-47b8-9c3b-e8e0bff3e939","local_time":"20190128153551","is_ascension_mode":false,"campfire_choices":[{"data":"Poisoned Stab","floor":7,"key":"SMITH"},{"floor":10,"key":"REST"},{"data":"Flying Knee","floor":15,"key":"SMITH"}],"neow_cost":"NONE","seed_source_timestamp":333183616151258,"circlet_count":0,"master_deck":["Defend_G","Defend_G","Defend_G","Defend_G","Strike_G","Strike_G","Strike_G","Strike_G","Survivor+1","Neutralize","Dagger Throw","Poisoned Stab","Underhanded Strike","Poisoned Stab+1","Crippling Poison","Quick Slash","Flying Knee+1"],"relics":["Ring of the Snake","Tiny Chest","Blood Vial","Bronze Scales","Potion Belt"],"potions_floor_usage":[16,16],"damage_taken":[{"damage":0,"enemies":"2 Louse","floor":1,"turns":4},{"damage":0,"enemies":"Cultist","floor":4,"turns":3},{"damage":2,"enemies":"Small Slimes","floor":5,"turns":4},{"damage":36,"enemies":"Gremlin Nob","floor":6,"turns":6},{"damage":0,"enemies":"3 Louse","floor":8,"turns":3},{"damage":15,"enemies":"Lagavulin","floor":11,"turns":4},{"damage":0,"enemies":"Large Slime","floor":13,"turns":4},{"damage":3,"enemies":"2 Fungi Beasts","floor":14,"turns":3},{"damage":46,"enemies":"The Guardian","floor":16,"turns":8}],"seed_played":"-3242990863880445088","potions_obtained":[{"floor":1,"key":"Explosive Potion"},{"floor":4,"key":"Dexterity Potion"},{"floor":13,"key":"Strength Potion"}],"is_trial":false,"path_per_floor":["M","?","$","M","M","E","R","M","T","R","E","?","M","M","R","B"],"character_chosen":"THE_SILENT","items_purchased":["Dagger Throw"],"campfire_rested":1,"item_purchase_floors":[3],"current_hp_per_floor":[70,70,70,70,68,32,32,34,34,55,42,42,44,43,43,0],"gold":186,"neow_bonus":"UPGRADE_CARD","is_prod":false,"is_daily":false,"chose_seed":false,"campfire_upgraded":2,"win_rate":0.0,"timestamp":1548707751,"path_taken":["M","?","$","M","?","E","R","?","T","R","E","?","M","M","R","BOSS"],"build_version":"2019-01-23","purchased_purges":1,"victory":false,"max_hp_per_floor":[70,70,70,70,70,70,70,70,70,70,70,70,70,70,70,70],"card_choices":[{"not_picked":["Slice","Backflip","Calculated Gamble"],"picked":"SKIP","floor":1},{"not_picked":["Slice","Dagger Throw"],"picked":"Poisoned Stab","floor":4},{"not_picked":["Dash","PiercingWail"],"picked":"Underhanded Strike","floor":5},{"not_picked":["Escape Plan","Backflip"],"picked":"Poisoned Stab","floor":6},{"not_picked":["Riddle With Holes","Slice"],"picked":"Crippling Poison","floor":8},{"not_picked":["Skewer","Bouncing Flask"],"picked":"Quick Slash","floor":11},{"not_picked":["Slice","Deflect","Adrenaline"],"picked":"SKIP","floor":13},{"not_picked":["Prepared","Sucker Punch"],"picked":"Flying Knee","floor":14}],"player_experience":32634,"relics_obtained":[{"floor":6,"key":"Blood Vial"},{"floor":9,"key":"Bronze Scales"},{"floor":11,"key":"Potion Belt"}],"event_choices":[{"damage_healed":0,"gold_gain":0,"player_choice":"Gave Potion","damage_taken":0,"relics_obtained":["Tiny Chest"],"max_hp_gain":0,"max_hp_loss":0,"event_name":"WeMeetAgain","floor":2,"gold_loss":0},{"cards_removed":["Strike_G"],"damage_healed":0,"gold_gain":0,"player_choice":"Forget","damage_taken":0,"max_hp_gain":0,"max_hp_loss":0,"event_name":"Living Wall","floor":12,"gold_loss":0}],"is_beta":false,"boss_relics":[],"items_purged_floors":[3],"is_endless":false,"potions_floor_spawned":[1,4,13],"killed_by":"The Guardian","ascension_level":0}