{"gold_per_floor":[114,64,64,81,81,81,122,122,148,148,161,177,177,213,213,334,334,358,371,371,396,240,240,58,79,79,123,137,150,50,50,50,50],"floor_reached":33,"playtime":2769,"items_purged":["Defend_R","Strike_R","Normality"],"score":305,"play_id":"c7fa9ed6-c5c3-47fc-a156-459fc9eb9c0d","local_time":"20190122042232","is_ascension_mode":false,"campfire_choices":[{"data":"Rampage","floor":6.0,"key":"SMITH"},{"data":"Pommel Strike","floor":8.0,"key":"SMITH"},{"data":"True Grit","floor":15.0,"key":"SMITH"},{"floor":23.0,"key":"REST"},{"floor":32,"key":"REST"}],"neow_cost":"NONE","seed_source_timestamp":6840523620658,"circlet_count":0,"master_deck":["Strike_R+1","Strike_R+1","Defend_R","Pommel Strike+1","Rampage+1","Burning Pact","True Grit+1","Feel No Pain","Inflame","Demon Form","Heavy Blade","Evolve","Flash of Steel","Disarm","Headbutt","Ghostly Armor"],"special_seed":0,"relics":["Burning Blood","NeowsBlessing","Golden Idol","Mummified Hand","Art of War","PreservedInsect","Boot","Cursed Key","The Courier","Red Mask"],"potions_floor_usage":[29],"damage_taken":[{"damage":0.0,"enemies":"Small Slimes","floor":1.0,"turns":1.0},{"damage":0.0,"enemies":"Jaw Worm","floor":4.0,"turns":1.0},{"damage":0.0,"enemies":"3 Sentries","floor":7.0,"turns":1.0},{"damage":0.0,"enemies":"2 Louse","floor":11.0,"turns":3.0},{"damage":3.0,"enemies":"2 Fungi Beasts","floor":12.0,"turns":3.0},{"damage":0.0,"enemies":"Gremlin Nob","floor":14.0,"turns":2.0},{"damage":36.0,"enemies":"Hexaghost","floor":16.0,"turns":9.0},{"damage":18.0,"enemies":"3 Byrds","floor":18.0,"turns":5.0},{"damage":5.0,"enemies":"Chosen","floor":19.0,"turns":4.0},{"damage":23.0,"enemies":"Centurion and Healer","floor":21.0,"turns":5.0},{"damage":10.0,"enemies":"Snecko","floor":25.0,"turns":4.0},{"damage":32.0,"enemies":"Masked Bandits","floor":27.0,"turns":5.0},{"damage":30.0,"enemies":"Snake Plant","floor":28.0,"turns":4.0},{"damage":12,"enemies":"Shelled Parasite and Fungi","floor":29,"turns":5},{"damage":82,"enemies":"Automaton","floor":33,"turns":6}],"seed_played":"-3395447066331857637","potions_obtained":[{"floor":11.0,"key":"Explosive Potion"},{"floor":12.0,"key":"FearPotion"},{"floor":14.0,"key":"GamblersBrew"},{"floor":16.0,"key":"Poison Potion"},{"floor":18.0,"key":"GamblersBrew"},{"floor":21.0,"key":"AttackPotion"},{"floor":29,"key":"GamblersBrew"}],"is_trial":false,"path_per_floor":["M","?","?","M","?","R","E","R","T","?","M","M","?","E","R","B",null,"M","M","?","M","$","R","$","M","T","?","M","M","$","?","R","B"],"character_chosen":"IRONCLAD","items_purchased":["Evolve","Flash of Steel"],"campfire_rested":2,"item_purchase_floors":[22,24],"current_hp_per_floor":[80,80,80,80,60,60,66,66,66,63,69,72,56,62,62,32,80,68,69,69,52,52,76,76,72,72,46,22,16,16,16,40,0],"gold":50,"neow_bonus":"THREE_ENEMY_KILL","is_prod":false,"is_daily":false,"chose_seed":false,"campfire_upgraded":3,"win_rate":0,"timestamp":1548148952,"path_taken":["M","?","?","M","?","R","E","R","T","?","M","M","?","E","R","BOSS","M","M","?","?","?","R","$","M","T","?","M","M","$","?","R","BOSS"],"build_version":"2019-01-17v2","purchased_purges":3,"victory":false,"max_hp_per_floor":[80,80,80,80,80,80,80,80,80,80,80,80,80,80,80,80,80,80,80,80,80,80,80,80,80,80,80,80,80,80,80,80,80],"card_choices":[{"not_picked":["Wild Strike","Cleave"],"picked":"Pommel Strike","floor":1.0},{"not_picked":["Reckless Charge","Uppercut"],"picked":"Rampage","floor":4.0},{"not_picked":["Entrench","Flex"],"picked":"Burning Pact","floor":7.0},{"not_picked":["Fire Breathing","Anger"],"picked":"True Grit","floor":11.0},{"not_picked":["Seeing Red","Thunderclap"],"picked":"Feel No Pain","floor":12.0},{"not_picked":["Thunderclap","Iron Wave"],"picked":"Inflame","floor":14.0},{"not_picked":["Bludgeon","Immolate"],"picked":"Demon Form","floor":16.0},{"not_picked":["Bloodletting","Cleave","Sword Boomerang+1"],"picked":"SKIP","floor":18.0},{"not_picked":["Headbutt","Warcry","Flame Barrier"],"picked":"SKIP","floor":19.0},{"not_picked":["Headbutt+1","Wild Strike"],"picked":"Heavy Blade","floor":21.0},{"not_picked":["Clothesline","Hemokinesis"],"picked":"Disarm","floor":25.0},{"not_picked":["Armaments","Blood for Blood+1","Thunderclap"],"picked":"SKIP","floor":28.0},{"not_picked":["Intimidate","Bloodletting","Power Through"],"picked":"SKIP","floor":29}],"player_experience":3020942,"relics_obtained":[{"floor":7.0,"key":"Mummified Hand"},{"floor":9.0,"key":"Art of War"},{"floor":14.0,"key":"Boot"},{"floor":26.0,"key":"The Courier"},{"floor":27.0,"key":"Red Mask"}],"event_choices":[{"cards_removed":["Strike_R"],"damage_healed":0.0,"max_hp_gain":0.0,"max_hp_loss":0.0,"gold_gain":0.0,"event_name":"The Cleric","player_choice":"Card Removal","floor":2.0,"gold_loss":50.0,"damage_taken":0.0},{"cards_removed":["Bash"],"damage_healed":0.0,"max_hp_gain":0.0,"max_hp_loss":0.0,"gold_gain":0.0,"event_name":"Living Wall","player_choice":"Forget","floor":3.0,"gold_loss":0.0,"damage_taken":0.0},{"damage_healed":0.0,"max_hp_gain":0.0,"max_hp_loss":0.0,"gold_gain":0.0,"event_name":"Golden Idol","player_choice":"Take Damage","floor":5.0,"gold_loss":0.0,"damage_taken":20.0,"relics_obtained":["Golden Idol"]},{"damage_healed":0.0,"max_hp_gain":0.0,"max_hp_loss":0.0,"gold_gain":0.0,"event_name":"Scrap Ooze","player_choice":"Success","floor":10.0,"gold_loss":0.0,"damage_taken":3.0,"relics_obtained":["PreservedInsect"]},{"damage_healed":0.0,"max_hp_gain":0.0,"max_hp_loss":0.0,"gold_gain":0.0,"event_name":"Shining Light","player_choice":"Entered Light","floor":13.0,"gold_loss":0.0,"damage_taken":16.0,"cards_upgraded":["Strike_R","Strike_R"]},{"cards_removed":["Strike_R"],"damage_healed":0.0,"max_hp_gain":0.0,"max_hp_loss":0.0,"gold_gain":0.0,"event_name":"Bonfire Elementals","player_choice":"Offered Basic","floor":20.0,"gold_loss":0.0,"damage_taken":0.0},{"damage_healed":0.0,"max_hp_gain":0.0,"max_hp_loss":0.0,"gold_gain":0.0,"event_name":"Masked Bandits","player_choice":"Fought Bandits","floor":27.0,"gold_loss":0.0,"damage_taken":0.0},{"damage_healed":0,"gold_gain":0,"cards_transformed":["Defend_R","Defend_R"],"player_choice":"Became Test Subject","damage_taken":0,"max_hp_gain":0,"max_hp_loss":0,"event_name":"Drug Dealer","floor":31,"gold_loss":0,"cards_obtained":["Headbutt","Ghostly Armor"]}],"is_beta":false,"boss_relics":[{"not_picked":["Fusion Hammer","Velvet Choker"],"picked":"Cursed Key"}],"items_purged_floors":[22,24,30],"is_endless":false,"potions_floor_spawned":[11,12,14,16,18,21,29],"killed_by":"Automaton","ascension_level":0}