{"gold_per_floor":[115,190,155,223,193,226,246,264,264,264,276,61,61,77,77,156,156,176,134,144,194,206,206,221,221,221,248,248,162,174,89,89,162,162,176,193,204,217,134,159,185,210,222,234,281,293],"floor_reached":46,"playtime":7872,"items_purged":[],"score":1129,"play_id":"883f25e8-7d3a-4364-886a-c2a27ab6ed14","local_time":"20190201185931","is_ascension_mode":true,"campfire_choices":[{"data":"Sucker Punch","floor":10.0,"key":"SMITH"},{"data":"Caltrops","floor":13.0,"key":"SMITH"},{"data":"Neutralize","floor":15.0,"key":"SMITH"},{"floor":23.0,"key":"REST"},{"floor":25.0,"key":"REST"},{"floor":32.0,"key":"REST"},{"floor":44.0,"key":"REST"}],"neow_cost":"NONE","seed_source_timestamp":365715126188860,"circlet_count":0,"master_deck":["AscendersBane","Survivor","Neutralize+1","Backstab","Prepared+1","Well Laid Plans","Sucker Punch+1","Backflip+1","Caltrops+1","Corpse Explosion+1","Dagger Spray","Predator","Malaise+1","Crippling Poison+1","Noxious Fumes","Noxious Fumes","Noxious Fumes","Bouncing Flask+1","Footwork","PiercingWail+1","Wraith Form v2","Riddle With Holes","Leg Sweep+1","Slice","Cloak And Dagger+1","Deadly Poison+1","Dagger Spray","All Out Attack","Catalyst+1","Calculated Gamble+1","Concentrate+1","Cloak And Dagger+1","Backflip+1","Leg Sweep+1","Skewer","Bouncing Flask+1"],"special_seed":0,"relics":["Ring of the Snake","NeowsBlessing","Toxic Egg 2","Mummified Hand","Snecko Eye","Pocketwatch","Regal Pillow","Tough Bandages","Pandora\u0027s Box","MawBank","Blue Candle","Molten Egg 2"],"potions_floor_usage":[],"damage_taken":[{"damage":0.0,"enemies":"2 Louse","floor":1.0,"turns":1.0},{"damage":0.0,"enemies":"Gremlin Nob","floor":6.0,"turns":1.0},{"damage":0.0,"enemies":"Small Slimes","floor":7.0,"turns":1.0},{"damage":1.0,"enemies":"Cultist","floor":8.0,"turns":4.0},{"damage":9.0,"enemies":"3 Louse","floor":11.0,"turns":4.0},{"damage":0.0,"enemies":"Blue Slaver","floor":14.0,"turns":3.0},{"damage":5.0,"enemies":"The Guardian","floor":16.0,"turns":12.0},{"damage":0.0,"enemies":"Shell Parasite","floor":18.0,"turns":5.0},{"damage":17.0,"enemies":"2 Thieves","floor":20.0,"turns":2.0},{"damage":24.0,"enemies":"Centurion and Healer","floor":22.0,"turns":4.0},{"damage":15.0,"enemies":"Snake Plant","floor":24.0,"turns":4.0},{"damage":6.0,"enemies":"Slavers","floor":27.0,"turns":2.0},{"damage":4.0,"enemies":"Sentry and Sphere","floor":30.0,"turns":3.0},{"damage":39.0,"enemies":"Champ","floor":33.0,"turns":12.0},{"damage":0.0,"enemies":"3 Shapes","floor":35.0,"turns":2.0},{"damage":2.0,"enemies":"Orb Walker","floor":36.0,"turns":3.0},{"damage":1.0,"enemies":"Sphere and 2 Shapes","floor":37.0,"turns":5.0},{"damage":10.0,"enemies":"Transient","floor":38.0,"turns":6.0},{"damage":21.0,"enemies":"Giant Head","floor":40.0,"turns":8.0},{"damage":2.0,"enemies":"Spire Growth","floor":41.0,"turns":3.0},{"damage":19.0,"enemies":"Sphere and 2 Shapes","floor":42.0,"turns":3.0},{"damage":25.0,"enemies":"Nemesis","floor":45.0,"turns":5.0},{"damage":0,"enemies":"4 Shapes","floor":46,"turns":1}],"seed_played":"6623357072145379842","potions_obtained":[{"floor":5.0,"key":"SteroidPotion"},{"floor":5.0,"key":"PowerPotion"},{"floor":11.0,"key":"Strength Potion"},{"floor":14.0,"key":"Regen Potion"},{"floor":16.0,"key":"SneckoOil"},{"floor":22.0,"key":"AttackPotion"},{"floor":30.0,"key":"AttackPotion"},{"floor":33.0,"key":"Poison Potion"},{"floor":36.0,"key":"Energy Potion"},{"floor":38.0,"key":"GhostInAJar"},{"floor":41.0,"key":"Poison Potion"},{"floor":42.0,"key":"EssenceOfSteel"}],"is_trial":false,"path_per_floor":["M","?","?","?","?","E","M","M","T","R","M","$","R","M","R","B",null,"M","$","M","?","M","R","M","R","T","E","?","$","M","?","R","B",null,"M","M","M","M","$","E","M","M","T","R","E","M"],"character_chosen":"THE_SILENT","items_purchased":["Caltrops","Corpse Explosion+1","Dagger Spray","Noxious Fumes","Footwork","Skewer"],"campfire_rested":4,"item_purchase_floors":[12,12,12,19,29,39],"current_hp_per_floor":[59,48,64,64,64,64,64,63,63,63,54,54,54,54,54,49,62,62,62,45,45,35,54,39,58,58,52,52,52,48,48,66,27,56,56,54,53,43,43,22,20,1,1,35,10,10],"gold":293,"neow_bonus":"THREE_ENEMY_KILL","is_prod":false,"is_daily":false,"chose_seed":false,"campfire_upgraded":3,"win_rate":0,"timestamp":1549065571,"path_taken":["M","?","?","?","?","E","M","M","T","R","M","$","R","?","R","BOSS","M","$","M","?","M","R","M","R","T","E","?","$","M","?","R","BOSS","M","M","M","M","$","E","M","M","T","R","E","M"],"build_version":"2019-01-23","purchased_purges":0,"victory":false,"max_hp_per_floor":[66,66,66,66,66,66,66,66,66,66,66,66,66,66,66,66,66,66,66,66,66,66,66,66,66,66,66,66,66,66,66,66,66,66,66,66,66,66,66,66,66,66,66,66,66,66],"card_choices":[{"not_picked":["Flying Knee","Bane"],"picked":"Backstab","floor":1.0},{"not_picked":["Skewer","Acrobatics"],"picked":"Prepared","floor":6.0},{"not_picked":["Finisher","Acrobatics+1"],"picked":"Well Laid Plans","floor":7.0},{"not_picked":["Tactician+1","All Out Attack"],"picked":"Sucker Punch","floor":8.0},{"not_picked":["Bane","Slice"],"picked":"Backflip+1","floor":11.0},{"not_picked":["Deadly Poison+1","Flying Knee"],"picked":"Predator","floor":14.0},{"not_picked":["Phantasmal Killer+1","Venomology+1"],"picked":"Malaise+1","floor":16.0},{"not_picked":["Dagger Spray","Tactician+1"],"picked":"Crippling Poison+1","floor":18.0},{"not_picked":["Dagger Throw","Blade Dance+1","Deadly Poison+1"],"picked":"SKIP","floor":20.0},{"not_picked":["Caltrops","Backflip+1"],"picked":"Noxious Fumes","floor":22.0},{"not_picked":["Expertise+1","Quick Slash"],"picked":"Noxious Fumes","floor":24.0},{"not_picked":["Die Die Die","Bane"],"picked":"Bouncing Flask+1","floor":27.0},{"not_picked":["Prepared+1","Blur+1"],"picked":"PiercingWail+1","floor":30.0},{"not_picked":["Glass Knife","Malaise+1"],"picked":"Wraith Form v2","floor":33.0},{"not_picked":["Sucker Punch+1","Dagger Throw"],"picked":"Cloak And Dagger+1","floor":35.0},{"not_picked":["Quick Slash+1","Underhanded Strike","Sucker Punch"],"picked":"SKIP","floor":36.0},{"not_picked":["Bane+1","Cloak And Dagger+1"],"picked":"Backflip+1","floor":37.0},{"not_picked":["Finisher","Flying Knee"],"picked":"Leg Sweep+1","floor":38.0},{"not_picked":["Glass Knife","Setup+1","Sucker Punch"],"picked":"SKIP","floor":40.0},{"not_picked":["Masterful Stab","Deadly Poison+1","Backflip+1"],"picked":"SKIP","floor":41.0},{"not_picked":["Prepared+1","Cloak And Dagger+1","Slice"],"picked":"SKIP","floor":42.0},{"not_picked":["Prepared+1","Calculated Gamble+1"],"picked":"Bouncing Flask+1","floor":45.0}],"player_experience":3160112,"relics_obtained":[{"floor":6.0,"key":"Toxic Egg 2"},{"floor":9.0,"key":"Mummified Hand"},{"floor":26.0,"key":"Pocketwatch"},{"floor":27.0,"key":"Regal Pillow"},{"floor":40.0,"key":"MawBank"},{"floor":43.0,"key":"Blue Candle"},{"floor":45.0,"key":"Molten Egg 2"}],"event_choices":[{"damage_healed":0.0,"max_hp_gain":0.0,"max_hp_loss":0.0,"gold_gain":75.0,"event_name":"World of Goop","player_choice":"Gather Gold","floor":2.0,"gold_loss":0.0,"damage_taken":11.0},{"damage_healed":16.0,"max_hp_gain":0.0,"max_hp_loss":0.0,"gold_gain":0.0,"event_name":"The Cleric","player_choice":"Healed","floor":3.0,"gold_loss":35.0,"damage_taken":0.0},{"damage_healed":0.0,"max_hp_gain":0.0,"max_hp_loss":0.0,"gold_gain":68.0,"event_name":"Golden Wing","player_choice":"Gained Gold","floor":4.0,"gold_loss":0.0,"damage_taken":0.0},{"damage_healed":0.0,"max_hp_gain":0.0,"max_hp_loss":0.0,"gold_gain":0.0,"event_name":"The Woman in Blue","player_choice":"Bought 2 Potions","floor":5.0,"gold_loss":0.0,"damage_taken":0.0},{"damage_healed":0.0,"max_hp_gain":0.0,"max_hp_loss":0.0,"gold_gain":50.0,"event_name":"Nest","player_choice":"Stole From Cult","floor":21.0,"gold_loss":0.0,"damage_taken":0.0},{"damage_healed":0.0,"max_hp_gain":0.0,"max_hp_loss":0.0,"gold_gain":0.0,"event_name":"Beggar","player_choice":"Ignored","floor":28.0,"gold_loss":0.0,"damage_taken":0.0},{"damage_healed":0.0,"max_hp_gain":0.0,"max_hp_loss":0.0,"gold_gain":0.0,"event_name":"Addict","player_choice":"Obtained Relic","floor":31.0,"gold_loss":85.0,"damage_taken":0.0,"relics_obtained":["Tough Bandages"]}],"is_beta":false,"boss_relics":[{"not_picked":["Black Star","Philosopher\u0027s Stone"],"picked":"Snecko Eye"},{"not_picked":["Calling Bell","White Beast Statue"],"picked":"Pandora\u0027s Box"}],"items_purged_floors":[],"is_endless":false,"potions_floor_spawned":[7,11,14,16,22,30,33,36,38,40,41,42],"killed_by":"4 Shapes","ascension_level":20}