{"gold_per_floor":[211,227,227,29,79,79,122,122,122,33,33],"floor_reached":11,"playtime":310,"items_purged":[],"score":135,"play_id":"304f7cf2-8f80-44f1-aabf-74d29508881b","local_time":"20190326021615","is_ascension_mode":true,"campfire_choices":[{"data":"Fusion","floor":6,"key":"SMITH"},{"floor":8,"key":"REST"}],"neow_cost":"NONE","seed_source_timestamp":267458466628876,"circlet_count":0,"master_deck":["AscendersBane","Strike_B","Strike_B","Strike_B","Strike_B","Defend_B","Defend_B","Defend_B","Defend_B","Zap","Dualcast","Redo","Static Discharge","Injury","Buffer","Fusion+1","Capacitor","Machine Learning"],"relics":["Cracked Core","Golden Idol","Bottled Flame","Meat on the Bone"],"potions_floor_usage":[],"damage_taken":[{"damage":2,"enemies":"Jaw Worm","floor":1,"turns":4},{"damage":7,"enemies":"Cultist","floor":2,"turns":4},{"damage":50,"enemies":"3 Sentries","floor":7,"turns":7},{"damage":39,"enemies":"Gremlin Nob","floor":11,"turns":4}],"seed_played":"-6195185292788506313","potions_obtained":[],"is_trial":false,"path_per_floor":["M","M","?","$","?","R","E","R","T","$","E"],"character_chosen":"DEFECT","items_purchased":["Buffer","Fusion","Machine Learning"],"campfire_rested":1,"item_purchase_floors":[4,4,10],"current_hp_per_floor":[62,55,55,55,55,55,5,26,26,26,0],"gold":33,"neow_bonus":"HUNDRED_GOLD","is_prod":false,"is_daily":false,"chose_seed":false,"campfire_upgraded":1,"win_rate":0,"timestamp":1553559375,"path_taken":["M","M","?","$","?","R","E","R","T","$","E"],"build_version":"2019-01-23","purchased_purges":0,"victory":false,"max_hp_per_floor":[71,71,71,71,71,71,71,71,71,71,71],"card_choices":[{"not_picked":["Hologram","Streamline"],"picked":"Redo","floor":1},{"not_picked":["Barrage","Redo"],"picked":"Static Discharge","floor":2},{"not_picked":["Redo","Hello World"],"picked":"Capacitor","floor":7}],"player_experience":825010,"relics_obtained":[{"floor":7,"key":"Bottled Flame"},{"floor":9,"key":"Meat on the Bone"}],"event_choices":[{"damage_healed":0,"gold_gain":0,"player_choice":"Take Wound","damage_taken":0,"relics_obtained":["Golden Idol"],"max_hp_gain":0,"max_hp_loss":0,"event_name":"Golden Idol","floor":3,"gold_loss":0,"cards_obtained":["Injury"]},{"damage_healed":0,"gold_gain":50,"player_choice":"Pray","damage_taken":0,"max_hp_gain":0,"max_hp_loss":0,"event_name":"Golden Shrine","floor":5,"gold_loss":0}],"is_beta":false,"boss_relics":[],"items_purged_floors":[],"is_endless":false,"potions_floor_spawned":[],"killed_by":"Gremlin Nob","ascension_level":19}