{"gold_per_floor":[109,20,32,51,51,79,79,91,166,185,185,203,229,379,379,454,454,471,57,57,70,70,70,90,124,192,192,192],"floor_reached":28,"playtime":6747,"items_purged":["Doubt"],"score":496,"play_id":"2b6e263e-b180-4383-88d8-682753c92e0c","local_time":"20190206213159","is_ascension_mode":true,"campfire_choices":[{"floor":7.0,"key":"REST"},{"floor":11.0,"key":"REST"},{"floor":15.0,"key":"REST"},{"floor":23.0,"key":"REST"},{"floor":27,"key":"REST"}],"neow_cost":"NONE","seed_source_timestamp":1235301257572,"circlet_count":0,"master_deck":["AscendersBane","Strike_B","Strike_B","Strike_B","Defend_B","Defend_B","Defend_B","Defend_B","Zap","Dualcast","Ball Lightning","Defragment","Go for the Eyes","Steam","BootSequence","Defragment","White Noise","Static Discharge","Chill","Amplify","Go for the Eyes","Defragment","Conserve Battery","Blizzard","Sunder","Hologram","Hologram+1","Clumsy"],"special_seed":0,"relics":["Cracked Core","NeowsBlessing","Emotion Chip","Singing Bowl","Anchor","Cursed Key","Blood Vial","Pen Nib","Meat on the Bone"],"potions_floor_usage":[25,25,28],"damage_taken":[{"damage":0.0,"enemies":"Cultist","floor":1.0,"turns":1.0},{"damage":0.0,"enemies":"Small Slimes","floor":3.0,"turns":1.0},{"damage":0.0,"enemies":"Jaw Worm","floor":4.0,"turns":1.0},{"damage":54.0,"enemies":"Gremlin Nob","floor":6.0,"turns":6.0},{"damage":4.0,"enemies":"2 Fungi Beasts","floor":8.0,"turns":3.0},{"damage":0.0,"enemies":"Blue Slaver","floor":10.0,"turns":3.0},{"damage":9.0,"enemies":"3 Louse","floor":12.0,"turns":3.0},{"damage":20.0,"enemies":"Lagavulin","floor":13.0,"turns":6.0},{"damage":48.0,"enemies":"The Guardian","floor":16.0,"turns":9.0},{"damage":6.0,"enemies":"Spheric Guardian","floor":18.0,"turns":4.0},{"damage":17.0,"enemies":"3 Byrds","floor":21.0,"turns":2.0},{"damage":5.0,"enemies":"Centurion and Healer","floor":24.0,"turns":8.0},{"damage":40,"enemies":"Slavers","floor":25,"turns":7},{"damage":71,"enemies":"Chosen and Byrds","floor":28,"turns":7}],"seed_played":"-1232987161461182708","potions_obtained":[{"floor":4.0,"key":"Block Potion"},{"floor":8.0,"key":"Poison Potion"},{"floor":13.0,"key":"FairyPotion"},{"floor":16.0,"key":"FocusPotion"},{"floor":18.0,"key":"Poison Potion"},{"floor":25,"key":"Regen Potion"}],"is_trial":false,"path_per_floor":["M","$","M","M","?","E","R","M","T","M","R","M","E","?","R","B",null,"M","$","?","M","T","R","M","E","T","R","M"],"character_chosen":"DEFECT","items_purchased":["Defragment","Defragment","Conserve Battery","Blood Vial","Blizzard"],"campfire_rested":5,"item_purchase_floors":[2,19,19,19,19],"current_hp_per_floor":[64,64,64,64,64,10,31,27,27,27,48,39,19,19,40,1,54,48,48,62,47,47,68,65,27,27,48,0],"gold":192,"neow_bonus":"THREE_ENEMY_KILL","is_prod":false,"is_daily":false,"chose_seed":false,"campfire_upgraded":0,"win_rate":0,"timestamp":1549506719,"path_taken":["M","$","M","?","?","E","R","?","T","M","R","M","E","?","R","BOSS","M","$","?","M","?","R","M","E","T","R","M"],"build_version":"2019-01-23","purchased_purges":1,"victory":false,"max_hp_per_floor":[71,71,71,71,71,71,71,71,71,71,71,71,71,71,71,71,71,71,71,71,71,71,71,71,71,71,71,71],"card_choices":[{"not_picked":["Cold Snap","Reprogram"],"picked":"Ball Lightning","floor":1.0},{"not_picked":["Barrage","Conserve Battery"],"picked":"Go for the Eyes","floor":3.0},{"not_picked":["Turbo","Double Energy"],"picked":"Steam","floor":4.0},{"not_picked":["Aggregate","Barrage"],"picked":"BootSequence","floor":6.0},{"not_picked":["Darkness","Leap"],"picked":"Defragment","floor":8.0},{"not_picked":["Compile Driver","Rip and Tear"],"picked":"White Noise","floor":10.0},{"not_picked":["Go for the Eyes","Compile Driver"],"picked":"Static Discharge","floor":12.0},{"not_picked":["Beam Cell","Doom and Gloom"],"picked":"Chill","floor":13.0},{"not_picked":["Biased Cognition","Multi-Cast"],"picked":"Amplify","floor":16.0},{"not_picked":["Storm","Recycle"],"picked":"Go for the Eyes","floor":18.0},{"not_picked":["Beam Cell+1","Rip and Tear"],"picked":"Sunder","floor":21.0},{"not_picked":["Double Energy","Sweeping Beam"],"picked":"Hologram","floor":24.0},{"not_picked":["BootSequence+1","Beam Cell"],"picked":"Hologram+1","floor":25}],"player_experience":3209768,"relics_obtained":[{"floor":6.0,"key":"Emotion Chip"},{"floor":9.0,"key":"Singing Bowl"},{"floor":13.0,"key":"Anchor"},{"floor":25,"key":"Pen Nib"},{"floor":26,"key":"Meat on the Bone"}],"event_choices":[{"cards_removed":["Strike_B"],"damage_healed":0.0,"max_hp_gain":0.0,"max_hp_loss":0.0,"gold_gain":0.0,"event_name":"Purifier","player_choice":"Purged","floor":5.0,"gold_loss":0.0,"damage_taken":0.0},{"damage_healed":0.0,"max_hp_gain":0.0,"max_hp_loss":0.0,"gold_gain":150.0,"event_name":"Liars Game","player_choice":"AGREE","floor":14.0,"gold_loss":0.0,"damage_taken":0.0,"cards_obtained":["Doubt"]},{"damage_healed":14.0,"max_hp_gain":0.0,"max_hp_loss":0.0,"gold_gain":0.0,"event_name":"The Library","player_choice":"Heal","floor":20.0,"gold_loss":0.0,"damage_taken":0.0}],"is_beta":false,"boss_relics":[{"not_picked":["Ectoplasm","Empty Cage"],"picked":"Cursed Key"}],"items_purged_floors":[19],"is_endless":false,"potions_floor_spawned":[4,8,13,16,18,25],"killed_by":"Chosen and Byrds","ascension_level":20}