{"gold_per_floor":[111,111,111,130,183,183,211,211,290,320,320,320,320,345,345,436,436,454,454,35,50,75,115,129,129,129,167,192,254,266,293,305,317],"floor_reached":33,"playtime":4645,"items_purged":["Regret"],"score":645,"play_id":"9ac2d8ec-2891-4291-a928-3ea88ae610c8","local_time":"20190113104843","is_ascension_mode":true,"campfire_choices":[{"data":"Neutralize","floor":6.0,"key":"SMITH"},{"data":"Dagger Spray","floor":8.0,"key":"SMITH"},{"floor":12.0,"key":"REST"},{"floor":15.0,"key":"REST"},{"data":"Envenom","floor":25.0,"key":"SMITH"},{"data":"Footwork","floor":30.0,"key":"SMITH"},{"floor":32.0,"key":"REST"}],"neow_cost":"NONE","seed_source_timestamp":0,"circlet_count":0,"master_deck":["AscendersBane","Defend_G","Defend_G","Defend_G","Defend_G","Defend_G","Survivor","Neutralize+1","Backstab","Bouncing Flask+1","Dagger Spray+1","PiercingWail+1","Caltrops","Envenom+1","Dodge and Roll+1","Bite+1","Bite+1","Bite+1","Bite+1","Bite+1","Good Instincts+1","Bane+1","Burst+1","Dagger Spray+1","Crippling Poison+1","PiercingWail+1","Cloak And Dagger+1","Predator+1","Footwork+1","Deflect+1"],"special_seed":0,"relics":["Ring of the Snake","NeowsBlessing","Toxic Egg 2","Happy Flower","Thread and Needle","Molten Egg 2","Orichalcum","Golden Idol","Black Star","Regal Pillow","Darkstone Periapt","Matryoshka","Singing Bowl","MawBank"],"potions_floor_usage":[33,33],"damage_taken":[{"damage":0.0,"enemies":"Jaw Worm","floor":1.0,"turns":1.0},{"damage":0.0,"enemies":"Small Slimes","floor":4.0,"turns":1.0},{"damage":3.0,"enemies":"3 Sentries","floor":7.0,"turns":1.0},{"damage":45.0,"enemies":"Gremlin Nob","floor":10.0,"turns":5.0},{"damage":2.0,"enemies":"Cultist","floor":14.0,"turns":3.0},{"damage":25.0,"enemies":"The Guardian","floor":16.0,"turns":9.0},{"damage":14.0,"enemies":"3 Byrds","floor":18.0,"turns":5.0},{"damage":0.0,"enemies":"Spheric Guardian","floor":21.0,"turns":2.0},{"damage":19.0,"enemies":"Cultist and Chosen","floor":22.0,"turns":7.0},{"damage":26.0,"enemies":"Slavers","floor":23.0,"turns":5.0},{"damage":0.0,"enemies":"Centurion and Healer","floor":24.0,"turns":7.0},{"damage":24.0,"enemies":"Gremlin Leader","floor":27.0,"turns":7.0},{"damage":12.0,"enemies":"Chosen and Byrds","floor":28.0,"turns":9.0},{"damage":28.0,"enemies":"Cultist and Chosen","floor":31.0,"turns":6.0},{"damage":65,"enemies":"Champ","floor":33,"turns":13}],"seed_played":"-7190705851332020626","potions_obtained":[{"floor":10.0,"key":"GamblersBrew"},{"floor":14.0,"key":"Swift Potion"},{"floor":18.0,"key":"Strength Potion"},{"floor":23.0,"key":"EssenceOfSteel"},{"floor":28.0,"key":"Ancient Potion"}],"is_trial":false,"path_per_floor":["M","?","?","M","T","R","E","R","T","E","?","R","?","M","R","B",null,"M","?","$","M","M","E","M","R","T","E","M","?","R","M","R","B"],"character_chosen":"THE_SILENT","items_purchased":["Good Instincts+1","Bane+1","Burst+1","Dagger Spray+1"],"campfire_rested":3,"item_purchase_floors":[20,20,20,20],"current_hp_per_floor":[59,59,59,59,59,59,56,56,56,11,11,30,30,28,46,21,50,36,36,36,42,35,18,36,36,36,36,38,38,38,22,44,0],"gold":317,"neow_bonus":"THREE_ENEMY_KILL","is_prod":false,"is_daily":false,"chose_seed":false,"campfire_upgraded":4,"win_rate":0,"timestamp":1547394523,"path_taken":["M","?","?","?","?","R","E","R","T","E","?","R","?","M","R","BOSS","M","?","$","M","M","E","M","R","T","E","M","?","R","M","R","BOSS"],"build_version":"2019-01-10","purchased_purges":1,"victory":false,"max_hp_per_floor":[66,66,66,66,66,66,66,66,66,66,66,66,60,60,60,60,60,60,42,42,42,42,42,42,42,42,42,44,44,44,44,44,44],"card_choices":[{"not_picked":["Outmaneuver","Underhanded Strike"],"picked":"Bane","floor":1.0},{"not_picked":["Quick Slash","Bane"],"picked":"Bouncing Flask+1","floor":4.0},{"not_picked":["Blade Dance+1","Choke"],"picked":"Dagger Spray","floor":7.0},{"not_picked":["Blade Dance+1","Deflect+1"],"picked":"PiercingWail+1","floor":10.0},{"not_picked":["Finisher+1","Flying Knee+1"],"picked":"Caltrops","floor":14.0},{"not_picked":["Unload+1","Bullet Time+1"],"picked":"Envenom","floor":16.0},{"not_picked":["Outmaneuver+1","Accuracy"],"picked":"Dodge and Roll+1","floor":18.0},{"not_picked":["Flying Knee+1","Sucker Punch+1"],"picked":"Crippling Poison+1","floor":21.0},{"not_picked":["Outmaneuver+1","Dagger Spray+1"],"picked":"PiercingWail+1","floor":22.0},{"not_picked":["Dagger Spray+1","Predator+1"],"picked":"Cloak And Dagger+1","floor":23.0},{"not_picked":["PiercingWail+1","Riddle With Holes+1"],"picked":"Predator+1","floor":24.0},{"not_picked":["PiercingWail+1","Crippling Poison+1"],"picked":"Footwork","floor":27.0},{"not_picked":["Slice+1","Infinite Blades","Cloak And Dagger+1"],"picked":"Singing Bowl","floor":28.0},{"not_picked":["Flying Knee+1","Blade Dance+1"],"picked":"Deflect+1","floor":31.0}],"player_experience":2888058,"relics_obtained":[{"floor":5.0,"key":"Happy Flower"},{"floor":7.0,"key":"Thread and Needle"},{"floor":9.0,"key":"Molten Egg 2"},{"floor":10.0,"key":"Orichalcum"},{"floor":23.0,"key":"Regal Pillow"},{"floor":23.0,"key":"Darkstone Periapt"},{"floor":26.0,"key":"Matryoshka"},{"floor":27.0,"key":"Singing Bowl"},{"floor":27.0,"key":"MawBank"}],"event_choices":[{"damage_healed":0.0,"max_hp_gain":0.0,"max_hp_loss":0.0,"gold_gain":0.0,"event_name":"Big Fish","player_choice":"Box","floor":2.0,"gold_loss":0.0,"damage_taken":0.0,"relics_obtained":["Toxic Egg 2"],"cards_obtained":["Regret"]},{"damage_healed":0.0,"max_hp_gain":0.0,"max_hp_loss":0.0,"gold_gain":0.0,"cards_transformed":["Bane"],"event_name":"Transmorgrifier","player_choice":"Transformed","floor":3.0,"gold_loss":0.0,"damage_taken":0.0,"cards_obtained":["Backstab"]},{"damage_healed":0.0,"max_hp_gain":0.0,"max_hp_loss":0.0,"gold_gain":0.0,"event_name":"Shining Light","player_choice":"Ignored","floor":11.0,"gold_loss":0.0,"damage_taken":0.0},{"damage_healed":0.0,"max_hp_gain":0.0,"max_hp_loss":6.0,"gold_gain":0.0,"event_name":"Golden Idol","player_choice":"Lose Max HP","floor":13.0,"gold_loss":0.0,"damage_taken":0.0,"relics_obtained":["Golden Idol"]},{"damage_healed":0.0,"max_hp_gain":0.0,"max_hp_loss":18.0,"gold_gain":0.0,"event_name":"Vampires","player_choice":"Became a vampire","floor":19.0,"gold_loss":0.0,"damage_taken":0.0,"cards_obtained":["Bite","Bite","Bite","Bite","Bite"]},{"damage_healed":0.0,"max_hp_gain":0.0,"max_hp_loss":0.0,"gold_gain":50.0,"event_name":"Nest","player_choice":"Stole From Cult","floor":29.0,"gold_loss":0.0,"damage_taken":0.0}],"is_beta":false,"boss_relics":[{"not_picked":["Snecko Eye","WristBlade"],"picked":"Black Star"}],"items_purged_floors":[20],"is_endless":false,"potions_floor_spawned":[10,14,18,23,28],"killed_by":"Champ","ascension_level":19}