{"gold_per_floor":[116,116,128,128,53,53,81,81,81,81,111,149,173,196,196,289,289,307,85,109,109,109,143,143,182,182,182,201,226,244,259,259,259],"floor_reached":33,"playtime":8432,"items_purged":["Regret"],"score":624,"play_id":"79e670b9-4ba0-49fd-8eaa-166a17d8364f","local_time":"20190115032534","is_ascension_mode":true,"campfire_choices":[{"floor":6.0,"key":"REST"},{"data":"Neutralize","floor":8.0,"key":"SMITH"},{"data":"Adrenaline","floor":15.0,"key":"SMITH"},{"data":"Envenom","floor":24.0,"key":"SMITH"},{"floor":27.0,"key":"REST"},{"floor":32.0,"key":"REST"}],"neow_cost":"NONE","seed_source_timestamp":66333347981118,"circlet_count":0,"master_deck":["AscendersBane","Defend_G","Defend_G","Defend_G","Defend_G","Defend_G+1","Strike_G","Strike_G","Strike_G+1","Strike_G","Strike_G","Survivor","Neutralize+1","Dagger Spray","Riddle With Holes","Endless Agony+1","Adrenaline+1","Dagger Throw+1","Glass Knife+1","Dash+1","Envenom+1","Poisoned Stab+1","Dramatic Entrance+1","Crippling Poison+1","Finisher+1","Dodge and Roll+1","Footwork+1","Backflip+1","Backflip+1"],"special_seed":0,"relics":["Ring of the Snake","NeowsBlessing","Boot","Molten Egg 2","Singing Bowl","Golden Idol","Tiny Chest","Ancient Tea Set","Velvet Choker","Blood Vial","Letter Opener","Toxic Egg 2","PreservedInsect","Ornamental Fan"],"potions_floor_usage":[33],"damage_taken":[{"damage":0.0,"enemies":"Small Slimes","floor":1.0,"turns":1.0},{"damage":0.0,"enemies":"2 Louse","floor":3.0,"turns":1.0},{"damage":0.0,"enemies":"Lagavulin","floor":7.0,"turns":1.0},{"damage":8.0,"enemies":"Gremlin Nob","floor":12.0,"turns":3.0},{"damage":0.0,"enemies":"Jaw Worm","floor":13.0,"turns":2.0},{"damage":1.0,"enemies":"Red Slaver","floor":14.0,"turns":2.0},{"damage":40.0,"enemies":"Slime Boss","floor":16.0,"turns":7.0},{"damage":0.0,"enemies":"Chosen","floor":18.0,"turns":3.0},{"damage":0.0,"enemies":"Spheric Guardian","floor":20.0,"turns":1.0},{"damage":21.0,"enemies":"Gremlin Leader","floor":23.0,"turns":3.0},{"damage":1.0,"enemies":"Slavers","floor":25.0,"turns":3.0},{"damage":7.0,"enemies":"Cultist and Chosen","floor":28.0,"turns":4.0},{"damage":32.0,"enemies":"Shelled Parasite and Fungi","floor":29.0,"turns":4.0},{"damage":7.0,"enemies":"3 Cultists","floor":30.0,"turns":5.0},{"damage":5.0,"enemies":"Snake Plant","floor":31.0,"turns":3.0},{"damage":32,"enemies":"Collector","floor":33,"turns":6}],"seed_played":"-6460986473976486611","potions_obtained":[{"floor":12.0,"key":"Fire Potion"},{"floor":14.0,"key":"SmokeBomb"},{"floor":16.0,"key":"Poison Potion"},{"floor":18.0,"key":"Strength Potion"},{"floor":23.0,"key":"SkillPotion"},{"floor":29.0,"key":"Swift Potion"}],"is_trial":false,"path_per_floor":["M","?","M","?","$","R","E","R","T","?","T","E","M","M","R","B",null,"M","$","M","T","T","E","R","E","T","R","M","M","M","M","R","B"],"character_chosen":"THE_SILENT","items_purchased":["Envenom","Poisoned Stab+1","Dramatic Entrance+1"],"campfire_rested":3,"item_purchase_floors":[19,19,19],"current_hp_per_floor":[59,59,59,39,39,58,58,58,58,58,58,50,52,51,51,11,49,49,49,51,51,51,32,32,33,33,52,47,17,12,9,28,0],"gold":259,"neow_bonus":"THREE_ENEMY_KILL","is_prod":false,"is_daily":false,"chose_seed":false,"campfire_upgraded":3,"win_rate":0,"timestamp":1547540734,"path_taken":["M","?","M","?","$","R","E","R","T","?","?","E","?","M","R","BOSS","M","$","M","?","?","E","R","E","T","R","M","M","M","M","R","BOSS"],"build_version":"2019-01-10","purchased_purges":1,"victory":false,"max_hp_per_floor":[66,66,66,66,66,66,66,66,66,60,60,60,62,62,62,62,62,62,62,64,64,64,64,64,64,64,64,64,64,64,64,64,64],"card_choices":[{"not_picked":["Dodge and Roll","Deflect"],"picked":"Dagger Spray","floor":1.0},{"not_picked":["Dodge and Roll","Slice"],"picked":"Riddle With Holes","floor":3.0},{"not_picked":["Setup","Slice"],"picked":"Endless Agony","floor":7.0},{"not_picked":["Dagger Throw+1","Slice+1"],"picked":"Adrenaline","floor":12.0},{"not_picked":["Accuracy","Underhanded Strike+1","Prepared"],"picked":"Singing Bowl","floor":13.0},{"not_picked":["Riddle With Holes+1","Outmaneuver"],"picked":"Dagger Throw+1","floor":14.0},{"not_picked":["Wraith Form v2","Adrenaline"],"picked":"Glass Knife+1","floor":16.0},{"not_picked":["Dagger Spray+1","Eviscerate+1"],"picked":"Dash+1","floor":18.0},{"not_picked":["Blade Dance","Flechettes+1","Escape Plan"],"picked":"Singing Bowl","floor":20.0},{"not_picked":["Bane+1","Catalyst"],"picked":"Crippling Poison","floor":23.0},{"not_picked":["Setup+1","Eviscerate+1"],"picked":"Finisher+1","floor":25.0},{"not_picked":["Riddle With Holes+1","Finisher+1"],"picked":"Dodge and Roll+1","floor":28.0},{"not_picked":["Dodge and Roll+1","Prepared+1"],"picked":"Footwork+1","floor":29.0},{"not_picked":["Bane+1","Calculated Gamble+1"],"picked":"Backflip+1","floor":30.0},{"not_picked":["Deflect+1","Heel Hook+1"],"picked":"Backflip+1","floor":31.0}],"player_experience":2914526,"relics_obtained":[{"floor":7.0,"key":"Molten Egg 2"},{"floor":9.0,"key":"Singing Bowl"},{"floor":11.0,"key":"Tiny Chest"},{"floor":12.0,"key":"Ancient Tea Set"},{"floor":21.0,"key":"Blood Vial"},{"floor":22.0,"key":"Letter Opener"},{"floor":23.0,"key":"Toxic Egg 2"},{"floor":25.0,"key":"PreservedInsect"},{"floor":26.0,"key":"Ornamental Fan"}],"event_choices":[{"damage_healed":0.0,"max_hp_gain":0.0,"max_hp_loss":0.0,"gold_gain":0.0,"event_name":"Big Fish","player_choice":"Box","floor":2.0,"gold_loss":0.0,"damage_taken":0.0,"relics_obtained":["Boot"],"cards_obtained":["Regret"]},{"damage_healed":0.0,"max_hp_gain":0.0,"max_hp_loss":0.0,"gold_gain":0.0,"event_name":"Shining Light","player_choice":"Entered Light","floor":4.0,"gold_loss":0.0,"damage_taken":20.0,"cards_upgraded":["Strike_G","Defend_G"]},{"damage_healed":0.0,"max_hp_gain":0.0,"max_hp_loss":6.0,"gold_gain":0.0,"event_name":"Golden Idol","player_choice":"Lose Max HP","floor":10.0,"gold_loss":0.0,"damage_taken":0.0,"relics_obtained":["Golden Idol"]}],"is_beta":false,"boss_relics":[{"not_picked":["Runic Dome","Orrery"],"picked":"Velvet Choker"}],"items_purged_floors":[5],"is_endless":false,"potions_floor_spawned":[12,14,16,18,23,29],"killed_by":"Collector","ascension_level":19}