{"gold_per_floor":[113,24,24,24,24,24,43,43,43,56,79,79,117,132,132,256,256,269,368,393,408,323,323,101,101,101,17,17,33,51,104,104,229,229,242,160,183,183,183,222,283,283,310,328,349,370,370,405,405,405],"floor_reached":51,"playtime":4131,"items_purged":[],"score":755,"play_id":"f072aeda-adfe-45cd-a02d-3dddbe5b2de4","local_time":"20190215183512","is_ascension_mode":false,"campfire_choices":[{"data":"Clothesline","floor":6,"key":"SMITH"},{"floor":8,"key":"REST"},{"data":"Shockwave","floor":12,"key":"SMITH"},{"data":"Whirlwind","floor":15,"key":"SMITH"},{"data":"Carnage","floor":23,"key":"SMITH"},{"data":"Bludgeon","floor":25,"key":"SMITH"},{"floor":32,"key":"REST"},{"data":"Inflame","floor":47,"key":"SMITH"},{"floor":49,"key":"REST"}],"neow_cost":"","seed_source_timestamp":139166850929736,"circlet_count":0,"master_deck":["Strike_R+1","Strike_R","Strike_R","Strike_R","Strike_R","Defend_R+1","Defend_R","Defend_R","Defend_R","Bash","Clothesline+1","Shrug It Off","Ghostly Armor","Reaper","Carnage+1","Shockwave+1","Whirlwind+1","Shrug It Off","Barricade","Pommel Strike+1","Shrug It Off","Bludgeon+1","Discovery","Infernal Blade+1","True Grit+1","Impervious","Thunderclap+1","Mind Blast","Impervious","Inflame+1","True Grit+1","Corruption+1","Body Slam"],"relics":["Burning Blood","Golden Idol","Oddly Smooth Stone","Pear","Letter Opener","Snecko Eye","Charon\u0027s Ashes","Ancient Tea Set","Pen Nib","Dream Catcher","Mark of Pain","Mercury Hourglass","StoneCalendar","Regal Pillow","Bag of Marbles","Darkstone Periapt"],"potions_floor_usage":[13,16,16,16,41,46,50,50],"damage_taken":[{"damage":8,"enemies":"2 Louse","floor":1,"turns":2},{"damage":0,"enemies":"Jaw Worm","floor":7,"turns":3},{"damage":1,"enemies":"Small Slimes","floor":10,"turns":4},{"damage":1,"enemies":"Blue Slaver","floor":11,"turns":4},{"damage":15,"enemies":"Lagavulin","floor":13,"turns":5},{"damage":10,"enemies":"Lots of Slimes","floor":14,"turns":3},{"damage":0,"enemies":"The Guardian","floor":16,"turns":15},{"damage":10,"enemies":"3 Byrds","floor":18,"turns":3},{"damage":0,"enemies":"2 Thieves","floor":20,"turns":3},{"damage":3,"enemies":"Snake Plant","floor":21,"turns":4},{"damage":0,"enemies":"Snecko","floor":29,"turns":3},{"damage":16,"enemies":"Shelled Parasite and Fungi","floor":30,"turns":3},{"damage":2,"enemies":"Champ","floor":33,"turns":9},{"damage":0,"enemies":"3 Shapes","floor":35,"turns":2},{"damage":2,"enemies":"Orb Walker","floor":37,"turns":2},{"damage":0,"enemies":"Giant Head","floor":40,"turns":7},{"damage":0,"enemies":"2 Orb Walkers","floor":41,"turns":3},{"damage":0,"enemies":"Transient","floor":44,"turns":5},{"damage":12,"enemies":"Spire Growth","floor":45,"turns":2},{"damage":0,"enemies":"3 Darklings","floor":46,"turns":2},{"damage":12,"enemies":"Reptomancer","floor":48,"turns":2},{"damage":62,"enemies":"Awakened One","floor":50,"turns":10}],"seed_played":"3551532248270655180","potions_obtained":[{"floor":7,"key":"PowerPotion"},{"floor":10,"key":"SteroidPotion"},{"floor":11,"key":"SkillPotion"},{"floor":14,"key":"Ancient Potion"},{"floor":20,"key":"Poison Potion"},{"floor":21,"key":"SneckoOil"},{"floor":40,"key":"Swift Potion"},{"floor":41,"key":"EssenceOfSteel"},{"floor":46,"key":"Fruit Juice"}],"is_trial":false,"path_per_floor":["M","$","?","?","?","R","M","R","T","M","M","R","E","M","R","B",null,"M","?","M","M","?","R","$","R","T","$","$","M","M","T","R","B",null,"M","$","M","?","$","E","?","T","T","M","M","M","R","E","R","B",null],"character_chosen":"IRONCLAD","items_purchased":["Shrug It Off","Ghostly Armor","Bludgeon","Ancient Tea Set","Discovery","Mind Blast"],"campfire_rested":3,"item_purchase_floors":[2,2,24,24,27,36],"current_hp_per_floor":[78,78,58,42,39,39,45,69,79,87,90,90,81,81,81,90,90,90,90,90,90,90,90,90,90,90,90,90,90,80,80,90,90,90,90,90,90,85,85,85,85,85,85,85,85,90,90,84,90,41],"gold":405,"neow_bonus":"","is_prod":false,"is_daily":false,"chose_seed":false,"campfire_upgraded":6,"win_rate":0.0,"timestamp":1550273712,"path_taken":["M","$","?","?","?","R","M","R","T","M","M","R","E","M","R","BOSS","M","?","M","M","?","R","$","R","T","?","$","M","M","?","R","BOSS","M","$","M","?","$","E","?","?","T","M","M","M","R","E","R","BOSS"],"build_version":"2019-01-23","purchased_purges":0,"victory":true,"max_hp_per_floor":[80,80,80,80,80,80,80,80,90,90,90,90,90,90,90,90,90,90,90,90,90,90,90,90,90,90,90,90,90,90,90,90,90,90,90,90,90,85,85,85,85,85,85,85,85,90,90,90,90,90],"card_choices":[{"not_picked":["Clash","Perfected Strike"],"picked":"Clothesline","floor":1},{"not_picked":["Rage","Twin Strike"],"picked":"Reaper","floor":7},{"not_picked":["True Grit","Reckless Charge"],"picked":"Carnage","floor":10},{"not_picked":["Flex","Thunderclap"],"picked":"Shockwave","floor":11},{"not_picked":["Rampage","True Grit"],"picked":"Whirlwind","floor":13},{"not_picked":["Infernal Blade","Intimidate"],"picked":"Shrug It Off","floor":14},{"not_picked":["Juggernaut","Fiend Fire"],"picked":"Barricade","floor":16},{"not_picked":["Warcry+1","Armaments"],"picked":"Pommel Strike+1","floor":18},{"not_picked":["Sword Boomerang","Clothesline"],"picked":"Shrug It Off","floor":20},{"not_picked":["Clothesline","True Grit","Headbutt"],"picked":"SKIP","floor":21},{"not_picked":["Clothesline","Headbutt"],"picked":"Infernal Blade+1","floor":29},{"not_picked":["Clash","Headbutt+1","Infernal Blade"],"picked":"SKIP","floor":30},{"not_picked":["Thunderclap+1","Berserk"],"picked":"True Grit+1","floor":32},{"not_picked":["Bludgeon","Demon Form"],"picked":"Impervious","floor":33},{"not_picked":["Rage","Headbutt+1"],"picked":"Thunderclap+1","floor":35},{"not_picked":["Metallicize+1","Cleave+1","Rupture"],"picked":"SKIP","floor":37},{"not_picked":["Juggernaut","Twin Strike+1"],"picked":"Impervious","floor":40},{"not_picked":["Disarm","Pummel+1"],"picked":"Inflame","floor":41},{"not_picked":["Perfected Strike","Pommel Strike","Reckless Charge"],"picked":"SKIP","floor":44},{"not_picked":["Dropkick","Rupture","Thunderclap+1"],"picked":"SKIP","floor":45},{"not_picked":["Warcry","Shrug It Off+1"],"picked":"True Grit+1","floor":46},{"not_picked":["Dropkick","Blood for Blood+1"],"picked":"Corruption+1","floor":48},{"not_picked":["Pommel Strike","Perfected Strike"],"picked":"Body Slam","floor":49}],"player_experience":0,"relics_obtained":[{"floor":9,"key":"Pear"},{"floor":13,"key":"Letter Opener"},{"floor":26,"key":"Pen Nib"},{"floor":31,"key":"Dream Catcher"},{"floor":40,"key":"Mercury Hourglass"},{"floor":41,"key":"StoneCalendar"},{"floor":42,"key":"Regal Pillow"},{"floor":43,"key":"Bag of Marbles"},{"floor":48,"key":"Darkstone Periapt"}],"event_choices":[{"damage_healed":0,"gold_gain":0,"player_choice":"Take Damage","damage_taken":20,"relics_obtained":["Golden Idol"],"max_hp_gain":0,"max_hp_loss":0,"event_name":"Golden Idol","floor":3,"gold_loss":0},{"damage_healed":0,"gold_gain":0,"player_choice":"Entered Light","damage_taken":16,"max_hp_gain":0,"max_hp_loss":0,"event_name":"Shining Light","floor":4,"gold_loss":0,"cards_upgraded":["Strike_R","Defend_R"]},{"damage_healed":0,"gold_gain":0,"player_choice":"Success","damage_taken":3,"relics_obtained":["Oddly Smooth Stone"],"max_hp_gain":0,"max_hp_loss":0,"event_name":"Scrap Ooze","floor":5,"gold_loss":0},{"damage_healed":0,"gold_gain":99,"player_choice":"Stole From Cult","damage_taken":0,"max_hp_gain":0,"max_hp_loss":0,"event_name":"Nest","floor":19,"gold_loss":0},{"damage_healed":0,"gold_gain":0,"player_choice":"Obtained Relic","damage_taken":0,"relics_obtained":["Charon\u0027s Ashes"],"max_hp_gain":0,"max_hp_loss":0,"event_name":"Addict","floor":22,"gold_loss":85},{"damage_healed":0,"gold_gain":0,"player_choice":"Max HP","damage_taken":0,"max_hp_gain":0,"max_hp_loss":5,"event_name":"Winding Halls","floor":38,"gold_loss":0},{"damage_healed":0,"gold_gain":0,"player_choice":"Fight","damage_taken":0,"max_hp_gain":0,"max_hp_loss":0,"event_name":"Mysterious Sphere","floor":41,"gold_loss":0}],"is_beta":false,"boss_relics":[{"not_picked":["Velvet Choker","Calling Bell"],"picked":"Snecko Eye"},{"not_picked":["Fusion Hammer","Black Star"],"picked":"Mark of Pain"}],"items_purged_floors":[],"is_endless":false,"potions_floor_spawned":[7,10,11,14,20,21,40,41,46],"ascension_level":0}