{"gold_per_floor":[116,129,129,129,129,129,204,204,204,236,96,110,136,148,148,249,249,263,15,90,102,119,119,119,119],"floor_reached":25,"playtime":1356,"items_purged":["Strike_R","Strike_R"],"score":259,"play_id":"79163cf0-ae66-4e0e-8a09-3bbc67175568","local_time":"20190314103009","is_ascension_mode":true,"campfire_choices":[{"data":"Shrug It Off","floor":6,"key":"SMITH"},{"data":"Defend_R","floor":8,"key":"SMITH"},{"floor":15,"key":"REST"},{"data":"Rupture","floor":23,"key":"SMITH"}],"neow_cost":"NONE","seed_source_timestamp":840109759051419,"circlet_count":0,"master_deck":["Strike_R","Strike_R","Strike_R","Defend_R","Defend_R","Defend_R","Defend_R+1","Bash+1","Shrug It Off+1","Twin Strike","Combust","Anger","Iron Wave","Rupture+1","Impervious","Metallicize","Pommel Strike","Writhe"],"relics":["Burning Blood","Calipers","Smiling Mask","Singing Bowl","Odd Mushroom","Mark of Pain","Lantern","The Courier"],"potions_floor_usage":[10,10,10,13,16],"damage_taken":[{"damage":0,"enemies":"2 Louse","floor":1,"turns":4},{"damage":9,"enemies":"Jaw Worm","floor":2,"turns":5},{"damage":41,"enemies":"3 Sentries","floor":10,"turns":10},{"damage":0,"enemies":"Small Slimes","floor":12,"turns":3},{"damage":7,"enemies":"The Mushroom Lair","floor":13,"turns":4},{"damage":2,"enemies":"3 Louse","floor":14,"turns":5},{"damage":42,"enemies":"Hexaghost","floor":16,"turns":8},{"damage":21,"enemies":"2 Thieves","floor":18,"turns":4},{"damage":6,"enemies":"Chosen","floor":21,"turns":5},{"damage":10,"enemies":"Centurion and Healer","floor":22,"turns":6},{"damage":47,"enemies":"Book of Stabbing","floor":25,"turns":5}],"seed_played":"669908104312845882","potions_obtained":[{"floor":0,"key":"FairyPotion"},{"floor":0,"key":"Poison Potion"},{"floor":0,"key":"LiquidBronze"},{"floor":2,"key":"SpeedPotion"},{"floor":10,"key":"SkillPotion"},{"floor":14,"key":"Block Potion"},{"floor":22,"key":"Fire Potion"}],"is_trial":false,"path_per_floor":["M","M","?","?","T","R","?","R","T","E","$","M","?","M","R","B",null,"M","$","?","M","M","R","?","E"],"character_chosen":"IRONCLAD","items_purchased":["Combust","Anger","Lantern","Pommel Strike"],"campfire_rested":1,"item_purchase_floors":[11,11,19,19],"current_hp_per_floor":[78,75,75,75,75,75,64,64,64,29,29,35,36,40,64,28,69,54,54,46,48,46,46,46,0],"gold":119,"neow_bonus":"THREE_SMALL_POTIONS","is_prod":false,"is_daily":false,"chose_seed":false,"campfire_upgraded":3,"win_rate":0,"timestamp":1552573809,"path_taken":["M","M","?","?","?","R","?","R","T","E","$","M","?","M","R","BOSS","M","$","?","M","?","R","?","E"],"build_version":"2019-01-23","purchased_purges":2,"victory":false,"max_hp_per_floor":[80,80,80,80,80,80,80,80,80,80,80,80,82,82,82,82,82,82,82,82,84,86,86,86,86],"card_choices":[{"not_picked":["Havoc","Dual Wield","Cleave"],"picked":"SKIP","floor":1},{"not_picked":["Headbutt","Clash"],"picked":"Shrug It Off","floor":2},{"not_picked":["Dark Embrace","Warcry"],"picked":"Twin Strike","floor":10},{"not_picked":["Hemokinesis","Armaments"],"picked":"Iron Wave","floor":12},{"not_picked":["Burning Pact","Flex","Iron Wave"],"picked":"Singing Bowl","floor":13},{"not_picked":["Combust","Sentinel"],"picked":"Rupture","floor":14},{"not_picked":["Dark Embrace","Limit Break"],"picked":"Impervious","floor":16},{"not_picked":["Cleave+1","Rampage"],"picked":"Metallicize","floor":18},{"not_picked":["Sever Soul","Iron Wave","Warcry"],"picked":"Singing Bowl","floor":21},{"not_picked":["Twin Strike+1","Sword Boomerang","Sentinel"],"picked":"Singing Bowl","floor":22}],"player_experience":180869,"relics_obtained":[{"floor":5,"key":"Calipers"},{"floor":9,"key":"Smiling Mask"},{"floor":10,"key":"Singing Bowl"},{"floor":13,"key":"Odd Mushroom"}],"event_choices":[{"damage_healed":0,"gold_gain":0,"player_choice":"Grow","damage_taken":0,"max_hp_gain":0,"max_hp_loss":0,"event_name":"Living Wall","floor":3,"gold_loss":0,"cards_upgraded":["Bash"]},{"damage_healed":0,"gold_gain":0,"player_choice":"Ignored","damage_taken":0,"max_hp_gain":0,"max_hp_loss":0,"event_name":"Liars Game","floor":4,"gold_loss":0},{"damage_healed":0,"gold_gain":75,"player_choice":"Gather Gold","damage_taken":11,"max_hp_gain":0,"max_hp_loss":0,"event_name":"World of Goop","floor":7,"gold_loss":0},{"damage_healed":0,"gold_gain":0,"player_choice":"Fought Mushrooms","damage_taken":0,"max_hp_gain":0,"max_hp_loss":0,"event_name":"Mushrooms","floor":13,"gold_loss":0},{"damage_healed":0,"gold_gain":75,"player_choice":"Touch","damage_taken":8,"max_hp_gain":0,"max_hp_loss":0,"event_name":"FaceTrader","floor":20,"gold_loss":0},{"damage_healed":0,"gold_gain":0,"player_choice":"Opened","damage_taken":0,"relics_obtained":["The Courier"],"max_hp_gain":0,"max_hp_loss":0,"event_name":"The Mausoleum","floor":24,"gold_loss":0,"cards_obtained":["Writhe"]}],"is_beta":false,"boss_relics":[{"not_picked":["Lizard Tail","Fusion Hammer"],"picked":"Mark of Pain"}],"items_purged_floors":[11,19],"is_endless":false,"potions_floor_spawned":[2,10,14,22],"killed_by":"Book of Stabbing","ascension_level":6}