{"gold_per_floor":[109,109,125,125,138,171,171,171,248,248,268,279,295,295,295,368,368,378,105,121,36,36,36,63,63,63,96,96,96,115,115,115,115],"floor_reached":33,"playtime":6818,"items_purged":[],"score":552,"play_id":"56993552-bf18-4554-84a7-0418605d45cb","local_time":"20190113191149","is_ascension_mode":true,"campfire_choices":[{"data":"Caltrops","floor":7.0,"key":"SMITH"},{"data":"Neutralize","floor":10.0,"key":"SMITH"},{"floor":15.0,"key":"REST"},{"data":"Wraith Form v2","floor":23.0,"key":"SMITH"},{"floor":25.0,"key":"REST"},{"floor":29.0,"key":"REST"},{"data":"Footwork","floor":32.0,"key":"SMITH"}],"neow_cost":"NONE","seed_source_timestamp":335385462622372,"circlet_count":0,"master_deck":["AscendersBane","Survivor","Neutralize+1","Caltrops+1","Skewer","Cloak And Dagger","Crippling Poison","Crippling Poison","Deflect","Leg Sweep","Adrenaline","Finisher","Dagger Throw","A Thousand Cuts","Backstab","Sucker Punch","Doppelganger","Setup","Dodge and Roll","After Image","Wraith Form v2+1","PiercingWail","Storm of Steel","Backflip","Infinite Blades","Dagger Spray","Predator+1","Footwork+1","Cloak And Dagger","Blur","Ghostly","Ghostly","Ghostly"],"special_seed":0,"relics":["Ring of the Snake","NeowsBlessing","Oddly Smooth Stone","Dodecahedron","Pandora\u0027s Box","PreservedInsect","Blue Candle","Meat on the Bone"],"potions_floor_usage":[],"damage_taken":[{"damage":0.0,"enemies":"Cultist","floor":1.0,"turns":1.0},{"damage":0.0,"enemies":"Jaw Worm","floor":3.0,"turns":1.0},{"damage":0.0,"enemies":"2 Louse","floor":5.0,"turns":1.0},{"damage":10.0,"enemies":"3 Sentries","floor":6.0,"turns":6.0},{"damage":5.0,"enemies":"Lots of Slimes","floor":11.0,"turns":5.0},{"damage":10.0,"enemies":"Large Slime","floor":12.0,"turns":9.0},{"damage":2.0,"enemies":"Exordium Thugs","floor":13.0,"turns":4.0},{"damage":27.0,"enemies":"The Guardian","floor":16.0,"turns":16.0},{"damage":0.0,"enemies":"3 Byrds","floor":18.0,"turns":2.0},{"damage":20.0,"enemies":"Shell Parasite","floor":20.0,"turns":6.0},{"damage":40.0,"enemies":"Slavers","floor":24.0,"turns":8.0},{"damage":22.0,"enemies":"Book of Stabbing","floor":27.0,"turns":4.0},{"damage":0.0,"enemies":"Centurion and Healer","floor":30.0,"turns":11.0},{"damage":1,"enemies":"Automaton","floor":33,"turns":12}],"seed_played":"-1498241335359655040","potions_obtained":[{"floor":1.0,"key":"PowerPotion"},{"floor":2.0,"key":"EntropicBrew"},{"floor":6.0,"key":"Regen Potion"},{"floor":12.0,"key":"Regen Potion"},{"floor":18.0,"key":"FairyPotion"},{"floor":24.0,"key":"Energy Potion"}],"is_trial":false,"path_per_floor":["M","?","M","$","M","E","R","?","T","R","M","M","M","?","R","B",null,"M","$","M","$","$","R","E","R","T","E","?","R","M","?","R","B"],"character_chosen":"THE_SILENT","items_purchased":["Storm of Steel","Backflip","Infinite Blades","Dagger Spray","Footwork"],"campfire_rested":3,"item_purchase_floors":[19,19,19,19,21],"current_hp_per_floor":[59,59,59,59,59,49,49,49,49,49,44,49,47,38,57,45,61,61,61,41,41,41,41,1,20,20,6,6,15,27,27,27,26],"gold":115,"neow_bonus":"THREE_ENEMY_KILL","is_prod":false,"is_daily":false,"chose_seed":false,"campfire_upgraded":4,"win_rate":0,"timestamp":1547424709,"path_taken":["M","?","M","?","?","E","R","?","T","R","M","M","M","?","R","BOSS","M","$","M","?","$","R","E","R","T","E","?","R","?","?","R","BOSS"],"build_version":"2019-01-10","purchased_purges":0,"victory":false,"max_hp_per_floor":[66,66,66,66,66,66,66,66,66,66,66,66,66,66,66,66,66,66,66,66,66,66,66,66,66,66,66,33,33,33,33,33,33],"card_choices":[{"not_picked":["Dagger Throw","Quick Slash"],"picked":"Caltrops","floor":1.0},{"not_picked":["PiercingWail","Dagger Throw"],"picked":"Skewer","floor":3.0},{"not_picked":["Poisoned Stab","Bane"],"picked":"Cloak And Dagger","floor":5.0},{"not_picked":["Underhanded Strike","Deflect"],"picked":"Crippling Poison","floor":6.0},{"not_picked":["Eviscerate","Reflex"],"picked":"Crippling Poison","floor":11.0},{"not_picked":["Slice","Outmaneuver"],"picked":"Deflect","floor":12.0},{"not_picked":["PiercingWail","Escape Plan"],"picked":"Leg Sweep","floor":13.0},{"not_picked":["Phantasmal Killer","Wraith Form v2"],"picked":"Adrenaline","floor":16.0},{"not_picked":["Prepared+1","Finisher"],"picked":"PiercingWail","floor":18.0},{"not_picked":["Deflect","Blur"],"picked":"Predator+1","floor":20.0},{"not_picked":["PiercingWail","Slice"],"picked":"Cloak And Dagger","floor":24.0},{"not_picked":["All Out Attack","Flying Knee"],"picked":"Blur","floor":27.0},{"not_picked":["Dodge and Roll","Riddle With Holes+1","Catalyst"],"picked":"SKIP","floor":30.0}],"player_experience":2898223,"relics_obtained":[{"floor":6.0,"key":"Oddly Smooth Stone"},{"floor":9.0,"key":"Dodecahedron"},{"floor":24.0,"key":"PreservedInsect"},{"floor":26.0,"key":"Blue Candle"},{"floor":27.0,"key":"Meat on the Bone"}],"event_choices":[{"damage_healed":0.0,"max_hp_gain":0.0,"max_hp_loss":0.0,"gold_gain":0.0,"event_name":"Lab","player_choice":"Got Potions","floor":2.0,"gold_loss":0.0,"damage_taken":0.0},{"damage_healed":0.0,"max_hp_gain":0.0,"max_hp_loss":0.0,"gold_gain":0.0,"event_name":"Liars Game","player_choice":"Ignored","floor":8.0,"gold_loss":0.0,"damage_taken":0.0},{"damage_healed":0.0,"max_hp_gain":0.0,"max_hp_loss":0.0,"gold_gain":0.0,"event_name":"Wheel of Change","player_choice":"Damaged","floor":14.0,"gold_loss":0.0,"damage_taken":9.0},{"damage_healed":0.0,"max_hp_gain":0.0,"max_hp_loss":33.0,"gold_gain":0.0,"event_name":"Ghosts","player_choice":"Became a Ghost","floor":28.0,"gold_loss":0.0,"damage_taken":0.0,"cards_obtained":["Ghostly","Ghostly","Ghostly"]},{"damage_healed":0.0,"max_hp_gain":0.0,"max_hp_loss":0.0,"gold_gain":0.0,"event_name":"Vampires","player_choice":"Ignored","floor":31.0,"gold_loss":0.0,"damage_taken":0.0}],"is_beta":false,"boss_relics":[{"not_picked":["Orrery","Runic Dome"],"picked":"Pandora\u0027s Box"}],"items_purged_floors":[],"is_endless":false,"potions_floor_spawned":[1,6,12,18,24],"killed_by":"Automaton","ascension_level":19}