{"gold_per_floor":[116,116,116,58,72,97,97,124,175,187,207,219,236,9,9,88,88,101,127,127,142,162,194,213,213,213,213,224,236,236,270,270,346,346,356,366,384,384],"floor_reached":38,"playtime":6017,"items_purged":[],"score":937,"play_id":"5edff883-871c-4396-8269-26769eb3e60b","local_time":"20190115051619","is_ascension_mode":true,"campfire_choices":[{"data":"Neutralize","floor":7.0,"key":"SMITH"},{"floor":15.0,"key":"REST"},{"data":"Noxious Fumes","floor":25.0,"key":"SMITH"},{"data":"Terror","floor":27.0,"key":"SMITH"},{"floor":32.0,"key":"REST"}],"neow_cost":"NONE","seed_source_timestamp":75734749845097,"circlet_count":0,"master_deck":["AscendersBane","Defend_G","Defend_G","Defend_G","Defend_G","Defend_G","Survivor","Neutralize+1","Cloak And Dagger","Poisoned Stab","Dagger Throw","Bane","Deflect","Footwork","Poisoned Stab+1","Dash+1","Sucker Punch+1","PiercingWail","Cloak And Dagger","Die Die Die+1","Corpse Explosion+1","Deadly Poison","Leg Sweep","Bite+1","Bite+1","Bite+1","Bite+1","Bite+1","Blur+1","Terror+1","Noxious Fumes+1","Dodge and Roll","Cloak And Dagger","Die Die Die+1","Backflip","Glass Knife+1","Crippling Poison","Noxious Fumes"],"special_seed":0,"relics":["Ring of the Snake","NeowsBlessing","Oddly Smooth Stone","Molten Egg 2","Bag of Marbles","Sozu","Red Mask","War Paint","Dead Branch","Bottled Tornado","Orrery"],"potions_floor_usage":[38],"damage_taken":[{"damage":0.0,"enemies":"Jaw Worm","floor":1.0,"turns":1.0},{"damage":0.0,"enemies":"Small Slimes","floor":5.0,"turns":1.0},{"damage":0.0,"enemies":"Gremlin Nob","floor":6.0,"turns":1.0},{"damage":19.0,"enemies":"Lagavulin","floor":8.0,"turns":6.0},{"damage":7.0,"enemies":"2 Louse","floor":10.0,"turns":4.0},{"damage":0.0,"enemies":"2 Fungi Beasts","floor":11.0,"turns":4.0},{"damage":0.0,"enemies":"Looter","floor":12.0,"turns":1.0},{"damage":6.0,"enemies":"Gremlin Gang","floor":13.0,"turns":4.0},{"damage":27.0,"enemies":"Hexaghost","floor":16.0,"turns":11.0},{"damage":5.0,"enemies":"Spheric Guardian","floor":18.0,"turns":5.0},{"damage":0.0,"enemies":"Masked Bandits","floor":19.0,"turns":2.0},{"damage":7.0,"enemies":"2 Thieves","floor":21.0,"turns":2.0},{"damage":5.0,"enemies":"Centurion and Healer","floor":22.0,"turns":4.0},{"damage":23.0,"enemies":"Slavers","floor":23.0,"turns":5.0},{"damage":3.0,"enemies":"3 Cultists","floor":24.0,"turns":7.0},{"damage":0.0,"enemies":"Snake Plant","floor":28.0,"turns":1.0},{"damage":4.0,"enemies":"Snecko","floor":29.0,"turns":4.0},{"damage":17.0,"enemies":"Book of Stabbing","floor":31.0,"turns":5.0},{"damage":16.0,"enemies":"Automaton","floor":33.0,"turns":11.0},{"damage":1.0,"enemies":"3 Shapes","floor":35.0,"turns":3.0},{"damage":13.0,"enemies":"3 Darklings","floor":36.0,"turns":3.0},{"damage":17.0,"enemies":"Jaw Worm Horde","floor":37.0,"turns":5.0},{"damage":0,"enemies":"Spire Growth","floor":38,"turns":3}],"seed_played":"8303791552368944686","potions_obtained":[{"floor":6.0,"key":"Swift Potion"},{"floor":8.0,"key":"Fire Potion"},{"floor":13.0,"key":"Swift Potion"},{"floor":16.0,"key":"GhostInAJar"}],"is_trial":false,"path_per_floor":["M","?","?","$","M","E","R","E","T","M","M","M","M","$","R","B",null,"M","?","?","M","M","E","M","R","T","R","M","M","?","E","R","B",null,"M","M","M","M"],"character_chosen":"THE_SILENT","items_purchased":["Dagger Throw","Cloak And Dagger","Die Die Die+1"],"campfire_rested":2,"item_purchase_floors":[4,14,14],"current_hp_per_floor":[59,59,59,59,59,59,59,40,40,33,33,33,27,27,46,19,54,49,49,46,42,44,30,39,39,39,39,39,44,44,29,42,44,46,45,32,18,24],"gold":384,"neow_bonus":"THREE_ENEMY_KILL","is_prod":false,"is_daily":false,"chose_seed":false,"campfire_upgraded":3,"win_rate":0,"timestamp":1547547379,"path_taken":["M","?","?","?","?","E","R","E","T","M","M","M","M","$","R","BOSS","M","?","?","M","M","E","M","R","T","R","M","M","?","E","R","BOSS","M","M","?","M"],"build_version":"2019-01-10","purchased_purges":0,"victory":false,"max_hp_per_floor":[66,66,66,66,66,66,66,66,66,66,66,66,66,66,66,66,66,66,66,46,46,46,46,46,46,46,46,46,46,46,46,46,46,46,46,46,46,46],"card_choices":[{"not_picked":["Sucker Punch","Dodge and Roll"],"picked":"Cloak And Dagger","floor":1.0},{"not_picked":["Deflect","Outmaneuver"],"picked":"Bane","floor":5.0},{"not_picked":["Underhanded Strike","Setup"],"picked":"Deflect","floor":6.0},{"not_picked":["Caltrops","Prepared"],"picked":"Footwork","floor":8.0},{"not_picked":["Flechettes+1","Prepared"],"picked":"Poisoned Stab+1","floor":10.0},{"not_picked":["Tactician","Storm of Steel"],"picked":"Dash+1","floor":11.0},{"not_picked":["Blade Dance","Dash+1"],"picked":"Sucker Punch+1","floor":12.0},{"not_picked":["Heel Hook+1","Acrobatics"],"picked":"PiercingWail","floor":13.0},{"not_picked":["After Image","Envenom"],"picked":"Corpse Explosion","floor":16.0},{"not_picked":["Sucker Punch+1","Footwork"],"picked":"Deadly Poison","floor":18.0},{"not_picked":["Sucker Punch+1","Flying Knee+1"],"picked":"Leg Sweep","floor":19.0},{"not_picked":["Bane+1","Deadly Poison"],"picked":"Blur","floor":21.0},{"not_picked":["Dagger Throw+1","Bane+1"],"picked":"Terror","floor":22.0},{"not_picked":["Burst","Quick Slash+1"],"picked":"Noxious Fumes","floor":23.0},{"not_picked":["Blur","Quick Slash+1"],"picked":"Dodge and Roll","floor":24.0},{"not_picked":["Outmaneuver","Dodge and Roll","Dagger Spray+1"],"picked":"SKIP","floor":28.0},{"not_picked":["All Out Attack+1","Riddle With Holes+1"],"picked":"Cloak And Dagger","floor":29.0},{"not_picked":["Tools of the Trade","Dagger Spray+1"],"picked":"Backflip","floor":31.0},{"not_picked":["Envenom","Wraith Form v2"],"picked":"Glass Knife+1","floor":33.0},{"not_picked":["Prepared","Deadly Poison"],"picked":"Crippling Poison","floor":34.0},{"not_picked":["Dagger Spray+1","Underhanded Strike+1"],"picked":"Noxious Fumes","floor":35.0},{"not_picked":["Bane+1","Dagger Throw+1","Venomology"],"picked":"SKIP","floor":36.0},{"not_picked":["Blur","Dagger Spray+1","Acrobatics+1"],"picked":"SKIP","floor":37.0}],"player_experience":2923012,"relics_obtained":[{"floor":6.0,"key":"Oddly Smooth Stone"},{"floor":8.0,"key":"Molten Egg 2"},{"floor":9.0,"key":"Bag of Marbles"},{"floor":19.0,"key":"Red Mask"},{"floor":23.0,"key":"War Paint"},{"floor":26.0,"key":"Dead Branch"},{"floor":31.0,"key":"Bottled Tornado"}],"event_choices":[{"damage_healed":0.0,"max_hp_gain":0.0,"max_hp_loss":0.0,"gold_gain":0.0,"event_name":"Liars Game","player_choice":"Ignored","floor":2.0,"gold_loss":0.0,"damage_taken":0.0},{"damage_healed":0.0,"max_hp_gain":0.0,"max_hp_loss":0.0,"gold_gain":0.0,"cards_transformed":["Strike_G"],"event_name":"Living Wall","player_choice":"Change","floor":3.0,"gold_loss":0.0,"damage_taken":0.0,"cards_obtained":["Poisoned Stab"]},{"damage_healed":0.0,"max_hp_gain":0.0,"max_hp_loss":0.0,"gold_gain":0.0,"event_name":"Masked Bandits","player_choice":"Fought Bandits","floor":19.0,"gold_loss":0.0,"damage_taken":0.0},{"damage_healed":0.0,"max_hp_gain":0.0,"max_hp_loss":20.0,"gold_gain":0.0,"event_name":"Vampires","player_choice":"Became a vampire","floor":20.0,"gold_loss":0.0,"damage_taken":0.0,"cards_obtained":["Bite","Bite","Bite","Bite","Bite"]},{"damage_healed":0.0,"max_hp_gain":0.0,"max_hp_loss":0.0,"gold_gain":0.0,"event_name":"Duplicator","player_choice":"Copied","floor":30.0,"gold_loss":0.0,"damage_taken":0.0,"cards_obtained":["Die Die Die"]}],"is_beta":false,"boss_relics":[{"not_picked":["Lizard Tail","Velvet Choker"],"picked":"Sozu"},{"not_picked":["HoveringKite","White Beast Statue"],"picked":"Orrery"}],"items_purged_floors":[],"is_endless":false,"potions_floor_spawned":[6,8,13,16,18,21,28,33,35,37],"killed_by":"Spire Growth","ascension_level":19}