{"gold_per_floor":[143,143,157,182,107,107,135,151,151,166,183,218,230,254,254,254],"floor_reached":16,"playtime":1036,"items_purged":["Defend_G"],"score":112,"play_id":"d4a4d0fc-c232-4969-b2df-95137038bf5f","local_time":"20190201114145","is_ascension_mode":false,"campfire_choices":[{"data":"Deadly Poison","floor":6,"key":"SMITH"},{"floor":15,"key":"REST"}],"neow_cost":"NONE","seed_source_timestamp":3900756413024,"circlet_count":0,"master_deck":["Defend_G","Defend_G","Defend_G","Defend_G","Strike_G","Strike_G","Strike_G","Strike_G","Strike_G","Survivor","Neutralize","Deadly Poison+1","Adrenaline","Deadly Poison","Deadly Poison","Sucker Punch"],"relics":["Ring of the Snake","Tiny Chest","Juzu Bracelet","Orichalcum","Sundial","Shuriken","Odd Mushroom"],"potions_floor_usage":[7,13,13,13,13,14,16,16],"damage_taken":[{"damage":5,"enemies":"Jaw Worm","floor":1,"turns":5},{"damage":1,"enemies":"Cultist","floor":3,"turns":4},{"damage":28,"enemies":"Lagavulin","floor":7,"turns":8},{"damage":0,"enemies":"Small Slimes","floor":8,"turns":3},{"damage":11,"enemies":"Exordium Wildlife","floor":10,"turns":5},{"damage":7,"enemies":"Large Slime","floor":11,"turns":6},{"damage":9,"enemies":"Gremlin Nob","floor":12,"turns":4},{"damage":4,"enemies":"3 Louse","floor":13,"turns":3},{"damage":13,"enemies":"The Mushroom Lair","floor":14,"turns":3},{"damage":35,"enemies":"Slime Boss","floor":16,"turns":7}],"seed_played":"5330355529058134272","potions_obtained":[{"floor":1,"key":"EntropicBrew"},{"floor":3,"key":"Regen Potion"},{"floor":10,"key":"Strength Potion"},{"floor":13,"key":"Poison Potion"},{"floor":14,"key":"Dexterity Potion"}],"is_trial":false,"path_per_floor":["M","?","M","T","$","R","E","M","T","M","M","E","M","?","R","B"],"character_chosen":"THE_SILENT","items_purchased":[],"campfire_rested":1,"item_purchase_floors":[],"current_hp_per_floor":[65,70,69,69,69,69,56,56,56,45,38,29,25,12,34,0],"gold":254,"neow_bonus":"RANDOM_COMMON_RELIC","is_prod":false,"is_daily":false,"chose_seed":false,"campfire_upgraded":1,"win_rate":0.0,"timestamp":1549039305,"path_taken":["M","?","M","?","?","R","E","M","T","M","M","E","M","?","R","BOSS"],"build_version":"2019-01-23","purchased_purges":1,"victory":false,"max_hp_per_floor":[70,75,75,75,75,75,75,75,75,75,75,75,75,75,75,75],"card_choices":[{"not_picked":["Calculated Gamble","Eviscerate","Footwork"],"picked":"SKIP","floor":1},{"not_picked":["Eviscerate","Prepared"],"picked":"Deadly Poison","floor":3},{"not_picked":["Cloak And Dagger","Dagger Spray"],"picked":"Adrenaline","floor":7},{"not_picked":["Caltrops","Dagger Throw","Dodge and Roll"],"picked":"SKIP","floor":8},{"not_picked":["PiercingWail","Dodge and Roll"],"picked":"Deadly Poison","floor":10},{"not_picked":["Endless Agony","Predator"],"picked":"Deadly Poison","floor":11},{"not_picked":["Footwork","Malaise","PiercingWail"],"picked":"SKIP","floor":12},{"not_picked":["Dodge and Roll","Accuracy"],"picked":"Sucker Punch","floor":13}],"player_experience":38877,"relics_obtained":[{"floor":4,"key":"Juzu Bracelet"},{"floor":7,"key":"Orichalcum"},{"floor":9,"key":"Sundial"},{"floor":12,"key":"Shuriken"},{"floor":14,"key":"Odd Mushroom"}],"event_choices":[{"damage_healed":0,"gold_gain":0,"player_choice":"Donut","damage_taken":0,"max_hp_gain":5,"max_hp_loss":0,"event_name":"Big Fish","floor":2,"gold_loss":0},{"damage_healed":0,"gold_gain":0,"player_choice":"Fought Mushrooms","damage_taken":0,"max_hp_gain":0,"max_hp_loss":0,"event_name":"Mushrooms","floor":14,"gold_loss":0}],"is_beta":false,"boss_relics":[],"items_purged_floors":[5],"is_endless":false,"potions_floor_spawned":[1,3,10,13,14],"killed_by":"Slime Boss","ascension_level":0}