{"gold_per_floor":[369,379,389,389,128,153,153,184,184,204,238,238,257,257,257,359,359,379,395,273,287,287,287,287,298,350,375,402,414,455,478,490,603,615,642,654,719,494,510,510,535,547,547,579,579,579,579,596,596,596,596,596,9,34,34],"floor_reached":55,"playtime":6485,"items_purged":[],"score":829,"play_id":"b5fbb016-01d9-40a5-a953-c99a28b9c9f8","local_time":"20190314045612","is_ascension_mode":true,"campfire_choices":[{"floor":7,"key":"REST"},{"floor":12,"key":"REST"},{"data":"Zap","floor":15,"key":"SMITH"},{"floor":23,"key":"REST"},{"data":"Defragment","floor":29,"key":"SMITH"},{"floor":32,"key":"REST"},{"floor":40,"key":"RECALL"},{"data":"Defragment","floor":45,"key":"SMITH"},{"data":"Turbo","floor":47,"key":"SMITH"},{"floor":49,"key":"REST"},{"data":"Static Discharge","floor":52,"key":"SMITH"}],"neow_cost":"TEN_PERCENT_HP_LOSS","seed_source_timestamp":1210952807323,"circlet_count":0,"master_deck":["Strike_B+1","Strike_B+1","Strike_B+1","Strike_B+1","Defend_B+1","Defend_B+1","Defend_B+1","Defend_B+1","Zap+1","Dualcast","Doom and Gloom","Cold Snap","Conserve Battery","Sunder","Good Instincts","Glacier","Turbo+1","Static Discharge+1","Defragment+1","Defragment+1","Multi-Cast","Cold Snap+1","Hologram+1","Blizzard","Steam","Compile Driver","Echo Form","Fusion+1","Ball Lightning+1","Leap+1","FTL","Self Repair+1","Loop+1","Capacitor","Sweeping Beam","Redo+1","Coolheaded+1","Melter+1","Doubt","Double Energy+1","Thunder Strike","BootSequence+1"],"relics":["Cracked Core","Centennial Puzzle","Regal Pillow","Incense Burner","Matryoshka","Letter Opener","Ornamental Fan","Philosopher\u0027s Stone","MawBank","Oddly Smooth Stone","Nunchaku","Cursed Key","Emotion Chip","DataDisk","Vajra","The Courier","Art of War","Shuriken","Bottled Tornado","Mummified Hand"],"potions_floor_usage":[11,16,16,30,33,37,44,50,55],"damage_taken":[{"damage":1,"enemies":"Cultist","floor":1,"turns":3},{"damage":3,"enemies":"Small Slimes","floor":2,"turns":2},{"damage":0,"enemies":"Jaw Worm","floor":3,"turns":3},{"damage":28,"enemies":"Gremlin Nob","floor":6,"turns":4},{"damage":30,"enemies":"Lagavulin","floor":8,"turns":6},{"damage":2,"enemies":"2 Fungi Beasts","floor":10,"turns":3},{"damage":15,"enemies":"Gremlin Nob","floor":11,"turns":4},{"damage":5,"enemies":"Blue Slaver","floor":13,"turns":2},{"damage":9,"enemies":"Hexaghost","floor":16,"turns":8},{"damage":10,"enemies":"Spheric Guardian","floor":18,"turns":4},{"damage":9,"enemies":"Shell Parasite","floor":19,"turns":7},{"damage":11,"enemies":"Snecko","floor":21,"turns":4},{"damage":6,"enemies":"Centurion and Healer","floor":25,"turns":5},{"damage":0,"enemies":"Chosen and Byrds","floor":27,"turns":6},{"damage":20,"enemies":"Snake Plant","floor":28,"turns":4},{"damage":48,"enemies":"Gremlin Leader","floor":30,"turns":6},{"damage":6,"enemies":"Cultist and Chosen","floor":31,"turns":5},{"damage":22,"enemies":"Automaton","floor":33,"turns":10},{"damage":19,"enemies":"3 Darklings","floor":35,"turns":5},{"damage":18,"enemies":"2 Orb Walkers","floor":37,"turns":6},{"damage":0,"enemies":"Orb Walker","floor":39,"turns":3},{"damage":0,"enemies":"Giant Head","floor":41,"turns":9},{"damage":0,"enemies":"Maw","floor":42,"turns":7},{"damage":31,"enemies":"Reptomancer","floor":44,"turns":5},{"damage":38,"enemies":"Jaw Worm Horde","floor":48,"turns":3},{"damage":1,"enemies":"Time Eater","floor":50,"turns":9},{"damage":46,"enemies":"Shield and Spear","floor":54,"turns":7},{"damage":69,"enemies":"The Heart","floor":55,"turns":3}],"seed_played":"5205281195710669983","potions_obtained":[{"floor":2,"key":"Dexterity Potion"},{"floor":3,"key":"Swift Potion"},{"floor":6,"key":"FairyPotion"},{"floor":11,"key":"PowerPotion"},{"floor":16,"key":"Regen Potion"},{"floor":19,"key":"Swift Potion"},{"floor":31,"key":"AttackPotion"},{"floor":35,"key":"Weak Potion"},{"floor":41,"key":"Poison Potion"},{"floor":44,"key":"GamblersBrew"}],"is_trial":false,"path_per_floor":["M","M","M","?","$","E","R","E","T","M","E","R","M","?","R","B",null,"M","M","$","M","?","R","?","M","T","M","M","R","E","M","R","B",null,"M","?","?","$","M","R","E","M","T","E","R","?","R","M","R","B",null,"R","$","E","B"],"character_chosen":"DEFECT","items_purchased":["Sunder","Good Instincts","Regal Pillow","Blizzard","Steam","DataDisk","Capacitor","Sweeping Beam","Thunder Strike","Art of War","Shuriken","Bottled Tornado"],"campfire_rested":5,"item_purchase_floors":[5,5,5,20,20,38,38,38,53,53,53,53],"current_hp_per_floor":[67,64,64,52,52,24,59,29,29,27,12,47,42,42,42,33,68,58,49,49,38,38,68,68,62,62,62,42,42,9,3,38,16,68,49,49,51,51,61,61,68,68,68,37,37,68,68,40,68,68,68,68,68,32,0],"gold":34,"neow_bonus":"TWO_FIFTY_GOLD","is_prod":false,"is_daily":false,"chose_seed":false,"campfire_upgraded":5,"win_rate":0,"timestamp":1552553772,"path_taken":["M","?","M","?","$","E","R","E","T","M","E","R","M","?","R","BOSS","M","M","$","M","?","R","?","M","T","?","M","R","E","M","R","BOSS","M","?","?","$","M","R","E","M","T","E","R","?","R","M","R","BOSS","R","$","E","BOSS"],"build_version":"2019-01-23","purchased_purges":0,"victory":false,"max_hp_per_floor":[68,68,68,68,68,68,68,68,68,68,68,68,68,68,68,68,68,68,68,68,68,68,68,68,68,68,68,68,68,68,68,68,68,68,68,68,68,68,68,68,68,68,68,68,68,68,68,68,68,68,68,68,68,68,68],"card_choices":[{"not_picked":["Turbo","Cold Snap"],"picked":"Doom and Gloom","floor":1},{"not_picked":["Steam","Hologram"],"picked":"Cold Snap","floor":2},{"not_picked":["Blizzard","Doom and Gloom"],"picked":"Conserve Battery","floor":3},{"not_picked":["Creative AI","Conserve Battery"],"picked":"Glacier","floor":6},{"not_picked":["Beam Cell","Coolheaded"],"picked":"Turbo","floor":8},{"not_picked":["Sweeping Beam","Gash"],"picked":"Static Discharge","floor":10},{"not_picked":["Double Energy","Force Field"],"picked":"Defragment","floor":11},{"not_picked":["Sweeping Beam","White Noise"],"picked":"Defragment","floor":13},{"not_picked":["Amplify","All For One"],"picked":"Multi-Cast","floor":16},{"not_picked":["Undo+1","Reinforced Body"],"picked":"Cold Snap+1","floor":18},{"not_picked":["Leap","Consume"],"picked":"Hologram+1","floor":19},{"not_picked":["Melter","Ball Lightning"],"picked":"Compile Driver","floor":21},{"not_picked":["Conserve Battery+1","Ball Lightning"],"picked":"Echo Form","floor":25},{"not_picked":["Streamline","Scrape"],"picked":"Fusion+1","floor":27},{"not_picked":["Conserve Battery","Streamline"],"picked":"Ball Lightning+1","floor":28},{"not_picked":["White Noise","Chaos"],"picked":"Leap+1","floor":30},{"not_picked":["Streamline","Cold Snap"],"picked":"FTL","floor":31},{"not_picked":["Recycle+1","Capacitor"],"picked":"Self Repair+1","floor":35},{"not_picked":["Consume","Reinforced Body+1"],"picked":"Loop+1","floor":37},{"not_picked":["Stack","Steam+1"],"picked":"Redo+1","floor":39},{"not_picked":["Tempest+1","Conserve Battery+1"],"picked":"Coolheaded+1","floor":41},{"not_picked":["Conserve Battery","Machine Learning","Rebound+1"],"picked":"SKIP","floor":42},{"not_picked":["Rebound","Conserve Battery"],"picked":"Melter+1","floor":44},{"not_picked":["Tempest+1","Redo"],"picked":"Double Energy+1","floor":48},{"not_picked":["Coolheaded","Barrage"],"picked":"BootSequence+1","floor":54}],"player_experience":264683,"relics_obtained":[{"floor":6,"key":"Incense Burner"},{"floor":8,"key":"Matryoshka"},{"floor":9,"key":"Letter Opener"},{"floor":11,"key":"Ornamental Fan"},{"floor":26,"key":"MawBank"},{"floor":26,"key":"Oddly Smooth Stone"},{"floor":30,"key":"Nunchaku"},{"floor":37,"key":"Emotion Chip"},{"floor":41,"key":"Vajra"},{"floor":44,"key":"The Courier"},{"floor":54,"key":"Mummified Hand"}],"event_choices":[{"damage_healed":0,"gold_gain":0,"player_choice":"Success","damage_taken":12,"relics_obtained":["Centennial Puzzle"],"max_hp_gain":0,"max_hp_loss":0,"event_name":"Scrap Ooze","floor":4,"gold_loss":0},{"damage_healed":0,"gold_gain":0,"player_choice":"Ignored","damage_taken":0,"max_hp_gain":0,"max_hp_loss":0,"event_name":"Liars Game","floor":14,"gold_loss":0},{"damage_healed":0,"gold_gain":0,"player_choice":"Simplicity","damage_taken":0,"max_hp_gain":0,"max_hp_loss":0,"event_name":"Back to Basics","floor":22,"gold_loss":0,"cards_upgraded":["Strike_B","Strike_B","Strike_B","Strike_B","Defend_B","Defend_B","Defend_B","Defend_B"]},{"damage_healed":0,"gold_gain":0,"player_choice":"Ignored","damage_taken":0,"max_hp_gain":0,"max_hp_loss":0,"event_name":"N\u0027loth","floor":24,"gold_loss":0},{"damage_healed":0,"gold_gain":0,"player_choice":"Ignored","damage_taken":0,"max_hp_gain":0,"max_hp_loss":0,"event_name":"Tomb of Lord Red Mask","floor":36,"gold_loss":0},{"damage_healed":0,"gold_gain":0,"player_choice":"Fight","damage_taken":0,"max_hp_gain":0,"max_hp_loss":0,"event_name":"Mysterious Sphere","floor":37,"gold_loss":0},{"damage_healed":31,"gold_gain":0,"player_choice":"Heal","damage_taken":0,"max_hp_gain":0,"max_hp_loss":0,"event_name":"MindBloom","floor":46,"gold_loss":0,"cards_obtained":["Doubt"]}],"is_beta":false,"boss_relics":[{"not_picked":["Coffee Dripper","Snecko Eye"],"picked":"Philosopher\u0027s Stone"},{"not_picked":["Tiny House","Eternal Feather"],"picked":"Cursed Key"}],"items_purged_floors":[],"is_endless":false,"potions_floor_spawned":[2,3,6,11,13,16,19,21,27,31,35,41,44],"killed_by":"The Heart","ascension_level":1}