{"gold_per_floor":[114,125,140,140,156,156,183,199,199,199,214,214,214,235,235,364,364,383,401,10,10,30,30,63,63,63,96,108,151,88,118,130,268,280,311,323,355,492,525,573,585,617,629,641,678,690,760,788,800,812],"floor_reached":51,"playtime":3524,"items_purged":["Strike_R"],"score":955,"play_id":"5f1d9826-cf72-422e-b339-7092a1147115","local_time":"20190314114553","is_ascension_mode":true,"campfire_choices":[{"data":"Uppercut","floor":6,"key":"SMITH"},{"data":"Whirlwind","floor":10,"key":"SMITH"},{"data":"Bash","floor":13,"key":"SMITH"},{"floor":15,"key":"REST"},{"data":"Immolate","floor":23,"key":"SMITH"},{"data":"Spot Weakness","floor":25,"key":"SMITH"},{"data":"Anger","floor":32,"key":"SMITH"},{"data":"True Grit","floor":41,"key":"SMITH"},{"data":"Shrug It Off","floor":44,"key":"SMITH"},{"data":"Shrug It Off","floor":46,"key":"SMITH"},{"floor":49,"key":"DIG"}],"neow_cost":"PERCENT_DAMAGE","seed_source_timestamp":842473489063788,"circlet_count":0,"master_deck":["Strike_R","Strike_R","Defend_R","Defend_R","Defend_R","Defend_R","Bash+1","Impervious","Whirlwind+1","Shrug It Off+1","Uppercut+1","True Grit+1","Spot Weakness+1","Shrug It Off+1","Thunderclap","Immolate+1","Dropkick+1","Headbutt+1","Reaper","Power Through+1","Anger+1","Bandage Up","Shockwave+1"],"relics":["Burning Blood","Art of War","Ornamental Fan","Golden Idol","Velvet Choker","Bag of Marbles","Shuriken","MawBank","Enchiridion","Mercury Hourglass","Busted Crown","Pocketwatch","Frozen Egg 2","Dream Catcher","Shovel","Nunchaku"],"potions_floor_usage":[2,7,16,27,29,29,33,40,45,47,50],"damage_taken":[{"damage":0,"enemies":"Small Slimes","floor":1,"turns":3},{"damage":8,"enemies":"2 Louse","floor":2,"turns":2},{"damage":1,"enemies":"Jaw Worm","floor":3,"turns":5},{"damage":9,"enemies":"Red Slaver","floor":5,"turns":5},{"damage":39,"enemies":"Lagavulin","floor":7,"turns":11},{"damage":1,"enemies":"Blue Slaver","floor":8,"turns":5},{"damage":0,"enemies":"Large Slime","floor":11,"turns":4},{"damage":5,"enemies":"Looter","floor":14,"turns":4},{"damage":19,"enemies":"The Guardian","floor":16,"turns":11},{"damage":7,"enemies":"Shell Parasite","floor":18,"turns":5},{"damage":23,"enemies":"3 Byrds","floor":19,"turns":5},{"damage":15,"enemies":"Shelled Parasite and Fungi","floor":22,"turns":4},{"damage":0,"enemies":"Gremlin Leader","floor":24,"turns":5},{"damage":19,"enemies":"Snake Plant","floor":27,"turns":3},{"damage":6,"enemies":"Slavers","floor":29,"turns":4},{"damage":0,"enemies":"Snecko","floor":31,"turns":2},{"damage":50,"enemies":"Automaton","floor":33,"turns":8},{"damage":0,"enemies":"Orb Walker","floor":35,"turns":3},{"damage":3,"enemies":"3 Darklings","floor":37,"turns":2},{"damage":10,"enemies":"Mind Bloom Boss Battle","floor":38,"turns":4},{"damage":8,"enemies":"Spire Growth","floor":39,"turns":3},{"damage":15,"enemies":"Nemesis","floor":40,"turns":7},{"damage":0,"enemies":"Maw","floor":42,"turns":6},{"damage":11,"enemies":"Writhing Mass","floor":45,"turns":5},{"damage":5,"enemies":"2 Orb Walkers","floor":47,"turns":3},{"damage":0,"enemies":"Jaw Worm Horde","floor":48,"turns":1},{"damage":70,"enemies":"Awakened One","floor":50,"turns":11}],"seed_played":"196179645769794951","potions_obtained":[{"floor":1,"key":"Regen Potion"},{"floor":2,"key":"Explosive Potion"},{"floor":14,"key":"Poison Potion"},{"floor":22,"key":"FearPotion"},{"floor":24,"key":"EssenceOfSteel"},{"floor":27,"key":"EssenceOfSteel"},{"floor":29,"key":"PowerPotion"},{"floor":38,"key":"Strength Potion"},{"floor":40,"key":"Strength Potion"},{"floor":45,"key":"Explosive Potion"},{"floor":48,"key":"Weak Potion"}],"is_trial":false,"path_per_floor":["M","M","M","?","M","R","E","M","T","R","M","?","R","M","R","B",null,"M","M","$","?","M","R","E","R","T","M","?","E","?","M","R","B",null,"M","?","M","?","M","E","R","M","T","R","M","R","?","M","R","B",null],"character_chosen":"IRONCLAD","items_purchased":["Bag of Marbles","Reaper"],"campfire_rested":1,"item_purchase_floors":[20,20],"current_hp_per_floor":[57,60,65,80,77,77,44,49,49,49,55,35,35,36,60,47,72,71,54,54,54,46,46,70,70,70,57,41,41,41,54,54,26,67,73,73,76,72,74,69,69,79,79,79,75,75,80,80,80,41],"gold":824,"neow_bonus":"THREE_RARE_CARDS","is_prod":false,"is_daily":false,"chose_seed":false,"campfire_upgraded":9,"win_rate":0,"timestamp":1552578353,"path_taken":["M","M","M","?","M","R","E","M","T","R","M","?","R","M","R","BOSS","M","M","$","?","?","R","E","R","T","M","?","E","?","M","R","BOSS","M","?","M","?","M","E","R","M","T","R","M","R","?","M","R","BOSS"],"build_version":"2019-01-23","purchased_purges":1,"victory":true,"max_hp_per_floor":[80,80,80,80,80,80,80,80,80,80,80,80,80,80,80,80,80,80,80,80,80,80,80,80,80,80,80,80,80,80,80,80,80,80,80,80,80,80,80,80,80,80,80,80,80,80,80,80,80,80],"card_choices":[{"not_picked":["Dark Embrace","Barricade"],"picked":"Impervious","floor":0},{"not_picked":["Rage","Warcry"],"picked":"Whirlwind","floor":1},{"not_picked":["Warcry","True Grit"],"picked":"Shrug It Off","floor":2},{"not_picked":["Heavy Blade","True Grit"],"picked":"Uppercut","floor":3},{"not_picked":["Fire Breathing","Warcry"],"picked":"True Grit","floor":5},{"not_picked":["Dark Embrace","Burning Pact"],"picked":"Spot Weakness","floor":7},{"not_picked":["Sword Boomerang","Clash"],"picked":"Shrug It Off","floor":8},{"not_picked":["Perfected Strike","Infernal Blade"],"picked":"Thunderclap","floor":11},{"not_picked":["Flex","Shrug It Off","Searing Blow"],"picked":"SKIP","floor":14},{"not_picked":["Berserk","Feed"],"picked":"Immolate","floor":16},{"not_picked":["Sword Boomerang","Clothesline"],"picked":"Dropkick+1","floor":18},{"not_picked":["Wild Strike+1","Seeing Red"],"picked":"Headbutt+1","floor":19},{"not_picked":["Corruption+1","Heavy Blade"],"picked":"Power Through+1","floor":22},{"not_picked":["Feel No Pain","Thunderclap","Spot Weakness"],"picked":"SKIP","floor":24},{"not_picked":["Inflame+1","Sword Boomerang"],"picked":"Anger","floor":27},{"not_picked":["Shrug It Off","Cleave+1","Perfected Strike"],"picked":"SKIP","floor":29},{"not_picked":["Cleave","True Grit","Twin Strike"],"picked":"SKIP","floor":31},{"not_picked":["Shrug It Off+1"],"picked":"SKIP","floor":35},{"not_picked":[],"picked":"Bandage Up","floor":36},{"not_picked":["Headbutt+1"],"picked":"SKIP","floor":37},{"not_picked":["Shrug It Off+1"],"picked":"SKIP","floor":39},{"not_picked":["Whirlwind"],"picked":"SKIP","floor":40},{"not_picked":["Heavy Blade+1"],"picked":"SKIP","floor":42},{"not_picked":["Twin Strike"],"picked":"SKIP","floor":45},{"not_picked":[],"picked":"Shockwave+1","floor":47},{"not_picked":["Iron Wave+1"],"picked":"SKIP","floor":48}],"player_experience":182225,"relics_obtained":[{"floor":7,"key":"Art of War"},{"floor":9,"key":"Ornamental Fan"},{"floor":24,"key":"Shuriken"},{"floor":26,"key":"MawBank"},{"floor":28,"key":"Enchiridion"},{"floor":29,"key":"Mercury Hourglass"},{"floor":38,"key":"Pocketwatch"},{"floor":40,"key":"Frozen Egg 2"},{"floor":43,"key":"Dream Catcher"},{"floor":47,"key":"Shovel"},{"floor":49,"key":"Nunchaku"}],"event_choices":[{"damage_healed":26,"gold_gain":0,"player_choice":"Banana","damage_taken":0,"max_hp_gain":0,"max_hp_loss":0,"event_name":"Big Fish","floor":4,"gold_loss":0},{"damage_healed":0,"gold_gain":0,"player_choice":"Take Damage","damage_taken":20,"relics_obtained":["Golden Idol"],"max_hp_gain":0,"max_hp_loss":0,"event_name":"Golden Idol","floor":12,"gold_loss":0},{"cards_removed":["Strike_R"],"damage_healed":0,"gold_gain":0,"player_choice":"Offered Basic","damage_taken":0,"max_hp_gain":0,"max_hp_loss":0,"event_name":"Bonfire Elementals","floor":21,"gold_loss":0},{"damage_healed":0,"gold_gain":0,"player_choice":"Obtained Book","damage_taken":16,"max_hp_gain":0,"max_hp_loss":0,"event_name":"Cursed Tome","floor":28,"gold_loss":0},{"cards_removed":["Strike_R"],"damage_healed":0,"gold_gain":0,"player_choice":"Gave Gold","damage_taken":0,"max_hp_gain":0,"max_hp_loss":0,"event_name":"Beggar","floor":30,"gold_loss":75},{"damage_healed":0,"gold_gain":0,"player_choice":"Memory 1","damage_taken":0,"max_hp_gain":0,"max_hp_loss":0,"event_name":"SensoryStone","floor":36,"gold_loss":0},{"damage_healed":0,"gold_gain":0,"player_choice":"Fight","damage_taken":0,"max_hp_gain":0,"max_hp_loss":0,"event_name":"MindBloom","floor":38,"gold_loss":0},{"damage_healed":0,"gold_gain":0,"player_choice":"Fight","damage_taken":0,"max_hp_gain":0,"max_hp_loss":0,"event_name":"Mysterious Sphere","floor":47,"gold_loss":0}],"is_beta":false,"boss_relics":[{"not_picked":["Sozu","Astrolabe"],"picked":"Velvet Choker"},{"not_picked":["Runic Pyramid","Mark of Pain"],"picked":"Busted Crown"}],"items_purged_floors":[20],"is_endless":false,"potions_floor_spawned":[1,2,14,22,24,27,29,38,40,45,48],"ascension_level":6}