{"gold_per_floor":[116,41,116,127,42,77,77,77,147,47,47,57,75,86,86,183,183,196,196,66,66,66,66,77,77,159,175,175,50,150,169,169,169],"floor_reached":33,"playtime":2724,"items_purged":["Strike_G","Defend_G","Decay"],"score":268,"play_id":"511596b0-b8fe-45f3-9ddc-f5588487da80","local_time":"20190225125914","is_ascension_mode":false,"campfire_choices":[{"data":"Dash","floor":8,"key":"SMITH"},{"data":"Dodge and Roll","floor":15,"key":"SMITH"},{"data":"Infinite Blades","floor":23,"key":"SMITH"},{"data":"PiercingWail","floor":25,"key":"SMITH"},{"data":"Leg Sweep","floor":28,"key":"SMITH"},{"floor":32,"key":"REST"}],"neow_cost":"NONE","seed_source_timestamp":449437035942850,"circlet_count":0,"master_deck":["Defend_G","Defend_G","Defend_G","Defend_G","Strike_G","Strike_G","Strike_G","Strike_G","Survivor","Neutralize","Quick Slash","Dash+1","Leg Sweep+1","Cloak And Dagger","Predator+1","Dodge and Roll+1","Backflip","Acrobatics","Infinite Blades+1","PiercingWail+1","Blur+1"],"relics":["Ring of the Snake","NeowsBlessing","Regal Pillow","Question Card","Cursed Key","MutagenicStrength","Tiny Chest"],"potions_floor_usage":[14,16,33,33],"damage_taken":[{"damage":0,"enemies":"Small Slimes","floor":1,"turns":1},{"damage":0,"enemies":"Jaw Worm","floor":4,"turns":1},{"damage":0,"enemies":"3 Sentries","floor":6,"turns":1},{"damage":0,"enemies":"Cultist","floor":12,"turns":3},{"damage":1,"enemies":"Exordium Wildlife","floor":13,"turns":3},{"damage":12,"enemies":"Large Slime","floor":14,"turns":6},{"damage":38,"enemies":"The Guardian","floor":16,"turns":15},{"damage":5,"enemies":"3 Byrds","floor":18,"turns":7},{"damage":10,"enemies":"Colosseum Slavers","floor":22,"turns":8},{"damage":13,"enemies":"Shell Parasite","floor":24,"turns":6},{"damage":20,"enemies":"Shelled Parasite and Fungi","floor":27,"turns":10},{"damage":1,"enemies":"Snecko","floor":31,"turns":6},{"damage":62,"enemies":"Automaton","floor":33,"turns":16}],"seed_played":"5487803120424432850","potions_obtained":[{"floor":6,"key":"PowerPotion"},{"floor":13,"key":"Explosive Potion"},{"floor":24,"key":"EssenceOfSteel"},{"floor":27,"key":"Ancient Potion"}],"is_trial":false,"path_per_floor":["M","$","?","M","$","E","?","R","T","$","?","M","M","M","R","B",null,"M","?","$","?","?","R","M","R","T","M","R","$","?","M","R","B"],"character_chosen":"THE_SILENT","items_purchased":["Leg Sweep","Cloak And Dagger","Acrobatics","Infinite Blades"],"campfire_rested":1,"item_purchase_floors":[5,5,20,20],"current_hp_per_floor":[70,70,59,59,59,59,59,59,59,59,59,59,58,46,46,8,70,65,65,65,65,55,55,42,42,42,22,22,22,22,21,57,0],"gold":169,"neow_bonus":"THREE_ENEMY_KILL","is_prod":false,"is_daily":false,"chose_seed":false,"campfire_upgraded":5,"win_rate":0.0,"timestamp":1551117554,"path_taken":["M","$","?","M","$","E","?","R","T","?","?","M","?","M","R","BOSS","M","?","$","?","?","R","M","R","T","M","R","$","?","?","R","BOSS"],"build_version":"2019-01-23","purchased_purges":3,"victory":false,"max_hp_per_floor":[70,70,70,70,70,70,70,70,70,70,70,70,70,70,70,70,70,70,70,70,70,70,70,70,70,70,70,70,70,70,70,70,70],"card_choices":[{"not_picked":["Choke","Masterful Stab"],"picked":"Quick Slash","floor":1},{"not_picked":["Dodge and Roll","Blur"],"picked":"Dash","floor":4},{"not_picked":["Bane","Deadly Poison"],"picked":"Predator","floor":6},{"not_picked":["Bane","Crippling Poison","Wraith Form v2"],"picked":"Dodge and Roll","floor":12},{"not_picked":["Bane","Well Laid Plans","Acrobatics"],"picked":"Backflip","floor":13},{"not_picked":["Poisoned Stab","Flying Knee","Dagger Throw","Flechettes"],"picked":"SKIP","floor":14},{"not_picked":["All Out Attack","Deadly Poison+1","Underhanded Strike","Dagger Throw"],"picked":"SKIP","floor":18},{"not_picked":["Deadly Poison+1","Prepared","Deflect"],"picked":"PiercingWail","floor":24},{"not_picked":["Bane","PiercingWail","Deadly Poison"],"picked":"Blur+1","floor":27},{"not_picked":["Finisher","Concentrate","Skewer+1","Setup"],"picked":"SKIP","floor":31}],"player_experience":71178,"relics_obtained":[{"floor":6,"key":"Regal Pillow"},{"floor":9,"key":"Question Card"},{"floor":26,"key":"Tiny Chest"}],"event_choices":[{"damage_healed":0,"gold_gain":75,"player_choice":"Gather Gold","damage_taken":11,"max_hp_gain":0,"max_hp_loss":0,"event_name":"World of Goop","floor":3,"gold_loss":0},{"damage_healed":0,"gold_gain":0,"player_choice":"Grow","damage_taken":0,"max_hp_gain":0,"max_hp_loss":0,"event_name":"Living Wall","floor":7,"gold_loss":0,"cards_upgraded":["Predator"]},{"damage_healed":0,"gold_gain":0,"player_choice":"Ignored","damage_taken":0,"max_hp_gain":0,"max_hp_loss":0,"event_name":"Golden Idol","floor":11,"gold_loss":0},{"damage_healed":0,"gold_gain":0,"player_choice":"Inject Mutagens","damage_taken":0,"relics_obtained":["MutagenicStrength"],"max_hp_gain":0,"max_hp_loss":0,"event_name":"Drug Dealer","floor":19,"gold_loss":0},{"damage_healed":0,"gold_gain":0,"player_choice":"Ignored","damage_taken":0,"max_hp_gain":0,"max_hp_loss":0,"event_name":"Vampires","floor":21,"gold_loss":0},{"damage_healed":0,"gold_gain":0,"player_choice":"Fight","damage_taken":0,"max_hp_gain":0,"max_hp_loss":0,"event_name":"Colosseum","floor":22,"gold_loss":0},{"damage_healed":0,"gold_gain":0,"player_choice":"Fled From Nobs","damage_taken":0,"max_hp_gain":0,"max_hp_loss":0,"event_name":"Colosseum","floor":22,"gold_loss":0},{"damage_healed":0,"gold_gain":100,"player_choice":"Pray","damage_taken":0,"max_hp_gain":0,"max_hp_loss":0,"event_name":"Golden Shrine","floor":30,"gold_loss":0}],"is_beta":false,"boss_relics":[{"not_picked":["Runic Pyramid","Coffee Dripper"],"picked":"Cursed Key"}],"items_purged_floors":[2,10,29],"is_endless":false,"potions_floor_spawned":[6,13,22,24,27],"killed_by":"Automaton","ascension_level":0}