{"gold_per_floor":[118,137,157,332,18,18,45,45,45,120,133,143,176,55,55,156,186,198,198,210,210,56,85,85,105,183,183,201,215,215,232,232,335,335,347,347,186,204,221,221,221,221,221,275,289,309,309,327,327,327,327,327,29,54,54],"floor_reached":55,"playtime":5174,"items_purged":["Doubt","Shame"],"score":749,"play_id":"2e37aa5c-c670-433c-ae0c-9bc676e5ae5d","local_time":"20190124152728","is_ascension_mode":false,"campfire_choices":[{"data":"Zap","floor":6.0,"key":"SMITH"},{"floor":8.0,"key":"REST"},{"floor":15.0,"key":"REST"},{"floor":24.0,"key":"REST"},{"floor":27.0,"key":"REST"},{"floor":30.0,"key":"DIG"},{"floor":32.0,"key":"DIG"},{"floor":40.0,"key":"DIG"},{"floor":47.0,"key":"REST"},{"floor":49.0,"key":"RECALL"},{"floor":52.0,"key":"DIG"}],"neow_cost":"PERCENT_DAMAGE","seed_source_timestamp":121294984036785,"circlet_count":0,"master_deck":["Strike_B+1","Strike_B+1","Strike_B+1","Strike_B+1","Defend_B+1","Defend_B+1","Defend_B+1","Defend_B+1","Zap+1","Dualcast","Sweeping Beam","Compile Driver","Ball Lightning","Go for the Eyes","Coolheaded","Static Discharge","Sweeping Beam","Gash","Go for the Eyes","FTL","Go for the Eyes","Hologram","Cold Snap","Coolheaded+1","Scrape","Turbo","Seek","Gash","All For One","Gash","Barrage","Finesse","Discovery","Panacea","Gash","Gash","Barrage+1"],"special_seed":0,"relics":["FrozenCore","Ginger","Shuriken","Mercury Hourglass","Omamori","Calling Bell","Tiny Chest","Question Card","Shovel","Pear","Orichalcum","Letter Opener","StoneCalendar","Pantograph","Ornamental Fan","Cables","Art of War","Mummified Hand","Medical Kit","Kunai"],"potions_floor_usage":[],"damage_taken":[{"damage":0.0,"enemies":"2 Louse","floor":1.0,"turns":1.0},{"damage":0.0,"enemies":"Small Slimes","floor":2.0,"turns":1.0},{"damage":1.0,"enemies":"Jaw Worm","floor":3.0,"turns":3.0},{"damage":10.0,"enemies":"Gremlin Nob","floor":7.0,"turns":3.0},{"damage":2.0,"enemies":"Looter","floor":11.0,"turns":2.0},{"damage":18.0,"enemies":"Gremlin Gang","floor":12.0,"turns":2.0},{"damage":14.0,"enemies":"3 Sentries","floor":13.0,"turns":4.0},{"damage":23.0,"enemies":"The Guardian","floor":16.0,"turns":7.0},{"damage":9.0,"enemies":"3 Byrds","floor":18.0,"turns":2.0},{"damage":6.0,"enemies":"Chosen","floor":20.0,"turns":3.0},{"damage":40.0,"enemies":"Gremlin Leader","floor":23.0,"turns":4.0},{"damage":13.0,"enemies":"Snake Plant","floor":25.0,"turns":3.0},{"damage":13.0,"enemies":"Shelled Parasite and Fungi","floor":28.0,"turns":4.0},{"damage":0.0,"enemies":"Cultist and Chosen","floor":29.0,"turns":4.0},{"damage":14.0,"enemies":"Snake Plant","floor":31.0,"turns":4.0},{"damage":27.0,"enemies":"Collector","floor":33.0,"turns":5.0},{"damage":2.0,"enemies":"3 Shapes","floor":35.0,"turns":4.0},{"damage":0.0,"enemies":"3 Darklings","floor":38.0,"turns":3.0},{"damage":16.0,"enemies":"Writhing Mass","floor":39.0,"turns":7.0},{"damage":0.0,"enemies":"Transient","floor":45.0,"turns":5.0},{"damage":18.0,"enemies":"Spire Growth","floor":46.0,"turns":4.0},{"damage":3.0,"enemies":"Sphere and 2 Shapes","floor":48.0,"turns":3.0},{"damage":86.0,"enemies":"Donu and Deca","floor":50.0,"turns":8.0},{"damage":24.0,"enemies":"Shield and Spear","floor":54.0,"turns":5.0},{"damage":85,"enemies":"The Heart","floor":55,"turns":6}],"seed_played":"6408261990895033045","potions_obtained":[{"floor":1.0,"key":"Fire Potion"},{"floor":2.0,"key":"Strength Potion"},{"floor":12.0,"key":"FearPotion"},{"floor":16.0,"key":"SteroidPotion"},{"floor":23.0,"key":"FearPotion"},{"floor":25.0,"key":"Fruit Juice"},{"floor":29.0,"key":"Explosive Potion"},{"floor":31.0,"key":"Ancient Potion"},{"floor":35.0,"key":"SkillPotion"},{"floor":45.0,"key":"GamblersBrew"},{"floor":46.0,"key":"AttackPotion"}],"is_trial":false,"path_per_floor":["M","M","M","?","$","R","E","R","T","?","M","M","E","$","R","B",null,"M","?","M","T","$","E","R","M","T","R","M","M","R","M","R","B",null,"M","?","$","M","M","R","?","?","T","T","M","M","R","M","R","B",null,"R","$","E","B"],"character_chosen":"DEFECT","items_purchased":["Shuriken","Go for the Eyes","Go for the Eyes","Hologram","All For One","Medical Kit","Gash","SkillPotion"],"campfire_rested":5,"item_purchase_floors":[5,5,14,22,37,53,53,53],"current_hp_per_floor":[54,54,53,53,53,53,43,65,65,54,52,34,20,20,42,19,75,66,66,60,70,70,30,55,47,47,74,61,61,61,47,47,45,90,88,90,90,90,74,74,64,64,64,64,64,46,73,70,70,4,90,90,90,66,5],"gold":54,"neow_bonus":"ONE_RARE_RELIC","is_prod":false,"is_daily":false,"chose_seed":false,"campfire_upgraded":1,"win_rate":0,"timestamp":1548361648,"path_taken":["M","M","M","?","$","R","E","R","T","?","M","M","E","$","R","BOSS","M","?","M","?","$","E","R","M","T","R","M","M","R","M","R","BOSS","M","?","$","M","?","R","?","?","T","?","M","M","R","M","R","BOSS","R","$","E","BOSS"],"build_version":"2019-01-23","purchased_purges":2,"victory":false,"max_hp_per_floor":[75,75,75,75,75,75,75,75,75,75,75,75,75,75,75,75,75,75,75,75,85,85,85,85,90,90,90,90,90,90,90,90,90,90,90,90,90,90,90,90,90,90,90,90,90,90,90,90,90,90,90,90,90,90,90],"card_choices":[{"not_picked":["Gash","Reinforced Body"],"picked":"Sweeping Beam","floor":1.0},{"not_picked":["Stack","Hologram"],"picked":"Compile Driver","floor":2.0},{"not_picked":["Skim","Cold Snap"],"picked":"Ball Lightning","floor":3.0},{"not_picked":["BootSequence","Hyperbeam"],"picked":"Coolheaded","floor":7.0},{"not_picked":["Steam","Auto Shields"],"picked":"Static Discharge","floor":11.0},{"not_picked":["Double Energy","Compile Driver"],"picked":"Sweeping Beam","floor":12.0},{"not_picked":["Cold Snap","Chaos"],"picked":"Gash","floor":13.0},{"not_picked":["Compile Driver","Turbo+1","Rebound"],"picked":"FTL","floor":18.0},{"not_picked":["Rebound","Reinforced Body","Compile Driver"],"picked":"Go for the Eyes","floor":20.0},{"not_picked":["Amplify","Loop","Tempest"],"picked":"Cold Snap","floor":23.0},{"not_picked":["Turbo","Fission","Consume+1"],"picked":"Coolheaded+1","floor":25.0},{"not_picked":["Rebound","Hologram","Undo+1","Redo"],"picked":"SKIP","floor":28.0},{"not_picked":["Leap","Genetic Algorithm","Cold Snap"],"picked":"Scrape","floor":29.0},{"not_picked":["Sweeping Beam","Defragment","Coolheaded+1"],"picked":"Turbo","floor":31.0},{"not_picked":["Creative AI","Multi-Cast","Machine Learning"],"picked":"Seek","floor":33.0},{"not_picked":["Sweeping Beam","Recycle+1","Beam Cell"],"picked":"Gash","floor":35.0},{"not_picked":["Turbo","Ball Lightning+1","Steam"],"picked":"Gash","floor":38.0},{"not_picked":["Streamline+1","Steam+1","Rebound"],"picked":"Barrage","floor":39.0},{"not_picked":["PanicButton","Magnetism","Mayhem"],"picked":"Finesse","floor":41.0},{"not_picked":["HandOfGreed","Deep Breath","PanicButton"],"picked":"Discovery","floor":41.0},{"not_picked":["Purity","Sadistic Nature","Good Instincts"],"picked":"Panacea","floor":41.0},{"not_picked":["Force Field+1","Go for the Eyes+1","Conserve Battery"],"picked":"Gash","floor":45.0},{"not_picked":["Compile Driver","Hologram","Ball Lightning","Genetic Algorithm"],"picked":"SKIP","floor":46.0},{"not_picked":["Coolheaded","Loop","Undo+1","Capacitor"],"picked":"SKIP","floor":48.0},{"not_picked":["Beam Cell","Defragment","Recycle"],"picked":"Barrage+1","floor":54.0}],"player_experience":3081566,"relics_obtained":[{"floor":7.0,"key":"Mercury Hourglass"},{"floor":13.0,"key":"Omamori"},{"floor":17.0,"key":"Tiny Chest"},{"floor":17.0,"key":"Question Card"},{"floor":17.0,"key":"Shovel"},{"floor":21.0,"key":"Pear"},{"floor":23.0,"key":"Orichalcum"},{"floor":26.0,"key":"Letter Opener"},{"floor":30.0,"key":"StoneCalendar"},{"floor":32.0,"key":"Pantograph"},{"floor":40.0,"key":"Ornamental Fan"},{"floor":43.0,"key":"Cables"},{"floor":44.0,"key":"Art of War"},{"floor":52.0,"key":"Mummified Hand"},{"floor":54.0,"key":"Kunai"}],"event_choices":[{"damage_healed":0.0,"max_hp_gain":0.0,"max_hp_loss":0.0,"gold_gain":175.0,"event_name":"Liars Game","player_choice":"AGREE","floor":4.0,"gold_loss":0.0,"damage_taken":0.0,"cards_obtained":["Doubt"]},{"damage_healed":0.0,"max_hp_gain":0.0,"max_hp_loss":0.0,"gold_gain":75.0,"event_name":"World of Goop","player_choice":"Gather Gold","floor":10.0,"gold_loss":0.0,"damage_taken":11.0},{"damage_healed":0.0,"max_hp_gain":0.0,"max_hp_loss":0.0,"gold_gain":0.0,"event_name":"Back to Basics","player_choice":"Simplicity","floor":19.0,"gold_loss":0.0,"damage_taken":0.0,"cards_upgraded":["Strike_B","Strike_B","Strike_B","Strike_B","Defend_B","Defend_B","Defend_B","Defend_B"]},{"damage_healed":2.0,"max_hp_gain":0.0,"max_hp_loss":0.0,"gold_gain":0.0,"event_name":"Wheel of Change","player_choice":"Full Heal","floor":36.0,"gold_loss":0.0,"damage_taken":0.0},{"damage_healed":0.0,"max_hp_gain":0.0,"max_hp_loss":0.0,"gold_gain":0.0,"event_name":"SensoryStone","player_choice":"Memory 3","floor":41.0,"gold_loss":0.0,"damage_taken":10.0},{"damage_healed":0.0,"max_hp_gain":0.0,"max_hp_loss":0.0,"gold_gain":0.0,"event_name":"Tomb of Lord Red Mask","player_choice":"Ignored","floor":42.0,"gold_loss":0.0,"damage_taken":0.0}],"is_beta":false,"boss_relics":[{"not_picked":["Philosopher\u0027s Stone","Runic Pyramid"],"picked":"Calling Bell"},{"not_picked":["Tiny House","Velvet Choker"],"picked":"FrozenCore"}],"items_purged_floors":[14,22],"is_endless":false,"potions_floor_spawned":[1,2,12,16,23,25,29,31,35,45,46],"killed_by":"The Heart","ascension_level":0}