{"gold_per_floor":[212,47,58,58,72,100,100,126,149,149,164,164,164,164,164,262,262,281,291,64,75,6,6,24,43,43,43,43,43,58,75,75,174,174,186,186,186,206,218,218,235,270,320,41,59,79,5,5,5,5],"floor_reached":51,"playtime":3315,"items_purged":["Strike_G","Strike_G","Strike_G"],"score":722,"play_id":"d6dbe9d0-9bfa-4915-acb9-a09e8bc98cea","local_time":"20190219230400","is_ascension_mode":true,"campfire_choices":[{"data":"Skewer","floor":7,"key":"SMITH"},{"floor":13,"key":"REST"},{"data":"Dagger Spray","floor":15,"key":"SMITH"},{"data":"Cloak And Dagger","floor":23,"key":"SMITH"},{"data":"Cloak And Dagger","floor":27,"key":"SMITH"},{"floor":32,"key":"REST"},{"floor":40,"key":"REST"},{"data":"Burst","floor":49,"key":"SMITH"}],"neow_cost":"NONE","seed_source_timestamp":37049141768100,"circlet_count":0,"master_deck":["Defend_G","Defend_G","Defend_G","Defend_G","Defend_G","Strike_G","Strike_G+1","Survivor","Neutralize","Dagger Spray+1","Skewer+1","Cloak And Dagger+1","Sucker Punch+1","Bouncing Flask","Burst+1","Well Laid Plans","Accuracy+1","Cloak And Dagger+1","Accuracy","Dagger Spray+1","Night Terror","Blade Dance","Accuracy+1","Escape Plan+1","Backstab+1"],"relics":["Ring of the Snake","Whetstone","Ancient Tea Set","Pen Nib","Dodecahedron","Busted Crown","Question Card","WristBlade","Lantern","Regal Pillow","Oddly Smooth Stone"],"potions_floor_usage":[6,16,33,35,38,45,50,50,50],"damage_taken":[{"damage":1,"enemies":"Jaw Worm","floor":1,"turns":7},{"damage":0,"enemies":"2 Louse","floor":3,"turns":3},{"damage":0,"enemies":"Small Slimes","floor":5,"turns":3},{"damage":31,"enemies":"Lagavulin","floor":6,"turns":11},{"damage":17,"enemies":"Gremlin Nob","floor":8,"turns":5},{"damage":0,"enemies":"2 Fungi Beasts","floor":11,"turns":3},{"damage":17,"enemies":"Slime Boss","floor":16,"turns":11},{"damage":2,"enemies":"2 Thieves","floor":18,"turns":2},{"damage":0,"enemies":"Chosen","floor":19,"turns":3},{"damage":11,"enemies":"Centurion and Healer","floor":21,"turns":7},{"damage":15,"enemies":"Snake Plant","floor":24,"turns":3},{"damage":16,"enemies":"Sentry and Sphere","floor":25,"turns":6},{"damage":5,"enemies":"Snecko","floor":30,"turns":4},{"damage":4,"enemies":"3 Cultists","floor":31,"turns":3},{"damage":31,"enemies":"Automaton","floor":33,"turns":9},{"damage":11,"enemies":"3 Darklings","floor":35,"turns":4},{"damage":8,"enemies":"Orb Walker","floor":38,"turns":3},{"damage":28,"enemies":"Maw","floor":39,"turns":6},{"damage":21,"enemies":"4 Shapes","floor":41,"turns":5},{"damage":0,"enemies":"Nemesis","floor":42,"turns":5},{"damage":1,"enemies":"Writhing Mass","floor":45,"turns":4},{"damage":10,"enemies":"Sphere and 2 Shapes","floor":46,"turns":3},{"damage":5,"enemies":"Donu and Deca","floor":50,"turns":5}],"seed_played":"8871230455872545060","potions_obtained":[{"floor":3,"key":"SpeedPotion"},{"floor":11,"key":"Weak Potion"},{"floor":24,"key":"Explosive Potion"},{"floor":31,"key":"PowerPotion"},{"floor":33,"key":"Poison Potion"},{"floor":38,"key":"Strength Potion"},{"floor":41,"key":"Fire Potion"},{"floor":42,"key":"Strength Potion"},{"floor":45,"key":"Strength Potion"}],"is_trial":false,"path_per_floor":["?","?","?","?","M","?","?","?","?","M","$","$","?"],"character_chosen":"THE_SILENT","items_purchased":["Skewer","Cloak And Dagger","Accuracy","Cloak And Dagger","Accuracy","Oddly Smooth Stone","GhostInAJar"],"campfire_rested":3,"item_purchase_floors":[2,2,20,20,22,44,47],"current_hp_per_floor":[69,69,69,69,69,38,38,21,21,14,14,14,35,35,35,18,70,68,68,68,57,57,57,42,26,26,26,26,26,21,17,38,7,70,59,59,59,51,23,44,23,23,23,23,22,12,12,61,61,56],"gold":5,"neow_bonus":"HUNDRED_GOLD","is_prod":false,"is_daily":false,"chose_seed":false,"campfire_upgraded":5,"win_rate":0,"timestamp":1550635440,"path_taken":["M","$","M","?","M","E","R","E","T","?","M","?","R","?","R","BOSS","M","?","$","M","$","R","M","M","T","R","?","?","M","M","R","BOSS","M","?","?","?","M","R","M","E","T","?","M","M","?","?","R","BOSS"],"build_version":"2019-01-23","purchased_purges":3,"victory":true,"max_hp_per_floor":[70,70,70,70,70,70,70,70,70,70,70,70,70,70,70,70,70,70,70,70,70,70,70,70,70,70,70,70,70,70,70,70,70,70,70,70,70,70,70,70,70,70,70,70,70,70,70,61,61,61],"card_choices":[{"not_picked":["Deflect","Flechettes"],"picked":"Dagger Spray","floor":1},{"not_picked":["Bane","Finisher","Predator"],"picked":"SKIP","floor":3},{"not_picked":["Eviscerate","Bane"],"picked":"Sucker Punch","floor":5},{"not_picked":["Reflex","Prepared"],"picked":"Bouncing Flask","floor":6},{"not_picked":["Poisoned Stab","Skewer","Crippling Poison"],"picked":"SKIP","floor":8},{"not_picked":["Infinite Blades","Deflect","Blade Dance"],"picked":"SKIP","floor":11},{"not_picked":[],"picked":"Well Laid Plans","floor":18},{"not_picked":["Eviscerate+1"],"picked":"SKIP","floor":19},{"not_picked":["Dagger Spray"],"picked":"SKIP","floor":21},{"not_picked":["Quick Slash"],"picked":"SKIP","floor":24},{"not_picked":[],"picked":"Dagger Spray+1","floor":25},{"not_picked":["Riddle With Holes+1","Crippling Poison"],"picked":"SKIP","floor":30},{"not_picked":["Underhanded Strike","Caltrops"],"picked":"SKIP","floor":31},{"not_picked":["Grand Finale"],"picked":"Night Terror","floor":33},{"not_picked":["Dagger Spray"],"picked":"Blade Dance","floor":35},{"not_picked":["Underhanded Strike","Flying Knee+1"],"picked":"SKIP","floor":38},{"not_picked":["Dagger Throw+1"],"picked":"Escape Plan+1","floor":39},{"not_picked":["Dagger Spray","Calculated Gamble"],"picked":"SKIP","floor":41},{"not_picked":["Flechettes","Finisher"],"picked":"SKIP","floor":42},{"not_picked":["Dagger Spray+1","Bouncing Flask+1"],"picked":"SKIP","floor":45},{"not_picked":["Catalyst"],"picked":"Backstab+1","floor":46}],"player_experience":105855,"relics_obtained":[{"floor":6,"key":"Whetstone"},{"floor":8,"key":"Ancient Tea Set"},{"floor":9,"key":"Pen Nib"},{"floor":26,"key":"Question Card"},{"floor":42,"key":"Lantern"},{"floor":43,"key":"Regal Pillow"}],"event_choices":[{"damage_healed":0,"gold_gain":0,"player_choice":"Ignored","damage_taken":0,"max_hp_gain":0,"max_hp_loss":0,"event_name":"Liars Game","floor":4,"gold_loss":0},{"damage_healed":0,"gold_gain":0,"player_choice":"Success","damage_taken":7,"relics_obtained":["Dodecahedron"],"max_hp_gain":0,"max_hp_loss":0,"event_name":"Scrap Ooze","floor":10,"gold_loss":0},{"damage_healed":0,"gold_gain":0,"player_choice":"Searched \u00270\u0027 times","damage_taken":0,"max_hp_gain":0,"max_hp_loss":0,"event_name":"Dead Adventurer","floor":12,"gold_loss":0},{"damage_healed":0,"gold_gain":0,"player_choice":"1 cards matched","damage_taken":0,"max_hp_gain":0,"max_hp_loss":0,"event_name":"Match and Keep!","floor":14,"gold_loss":0,"cards_obtained":["Burst"]},{"damage_healed":0,"gold_gain":0,"player_choice":"Upgraded","damage_taken":0,"max_hp_gain":0,"max_hp_loss":0,"event_name":"Upgrade Shrine","floor":29,"gold_loss":0,"cards_upgraded":["Accuracy"]},{"damage_healed":0,"gold_gain":0,"player_choice":"Ignored","damage_taken":0,"max_hp_gain":0,"max_hp_loss":0,"event_name":"Mysterious Sphere","floor":36,"gold_loss":0},{"damage_healed":0,"gold_gain":0,"player_choice":"Copied","damage_taken":0,"max_hp_gain":0,"max_hp_loss":0,"event_name":"Duplicator","floor":37,"gold_loss":0,"cards_obtained":["Accuracy"]},{"damage_healed":61,"gold_gain":0,"player_choice":"Heal","damage_taken":0,"max_hp_gain":0,"max_hp_loss":9,"event_name":"The Moai Head","floor":48,"gold_loss":0}],"is_beta":false,"boss_relics":[{"not_picked":["Eternal Feather","Lizard Tail"],"picked":"Busted Crown"},{"not_picked":["Ring of the Serpent","White Beast Statue"],"picked":"WristBlade"}],"items_purged_floors":[2,20,44],"is_endless":false,"potions_floor_spawned":[3,11,24,31,33,38,41,42,45,46],"ascension_level":1}