{"gold_per_floor":[114,125,141,141,141,141,185,206,206,260,280,280,280,90,90,214,214,229,56,70,70,83,116,136,136],"floor_reached":25,"playtime":1955,"items_purged":["Strike_R","Strike_R"],"score":245,"play_id":"b3180b60-fe77-4b29-aa7e-5f3ee49ba5c0","local_time":"20190131174320","is_ascension_mode":true,"campfire_choices":[{"data":"Bash","floor":6,"key":"SMITH"},{"data":"Metallicize","floor":13,"key":"SMITH"},{"floor":15,"key":"REST"}],"neow_cost":"NONE","seed_source_timestamp":27426248361152,"circlet_count":0,"master_deck":["Strike_R","Defend_R","Defend_R","Defend_R","Defend_R","Bash+1","Headbutt+1","Metallicize+1","Headbutt+1","Disarm","Feel No Pain","Juggernaut","Metallicize+1"],"relics":["Burning Blood","Golden Idol","Omamori","Whetstone","Bronze Scales","Busted Crown","Toxic Egg 2"],"potions_floor_usage":[20,24],"damage_taken":[{"damage":5,"enemies":"2 Louse","floor":1,"turns":3},{"damage":6,"enemies":"Jaw Worm","floor":2,"turns":5},{"damage":1,"enemies":"Cultist","floor":3,"turns":4},{"damage":38,"enemies":"3 Sentries","floor":7,"turns":14},{"damage":0,"enemies":"3 Louse","floor":8,"turns":5},{"damage":0,"enemies":"2 Fungi Beasts","floor":11,"turns":4},{"damage":21,"enemies":"Hexaghost","floor":16,"turns":11},{"damage":3,"enemies":"Chosen","floor":18,"turns":4},{"damage":29,"enemies":"2 Thieves","floor":20,"turns":5},{"damage":14,"enemies":"Chosen and Byrds","floor":22,"turns":5},{"damage":31,"enemies":"Gremlin Leader","floor":23,"turns":9},{"damage":8,"enemies":"Snecko","floor":24,"turns":5},{"damage":24,"enemies":"Centurion and Healer","floor":25,"turns":4}],"seed_played":"7361635618647332275","potions_obtained":[{"floor":8,"key":"FearPotion"},{"floor":16,"key":"Ancient Potion"},{"floor":18,"key":"Block Potion"}],"is_trial":false,"path_per_floor":["?","?","T","M","?","?","M"],"character_chosen":"IRONCLAD","items_purchased":["Disarm","Feel No Pain","Metallicize"],"campfire_rested":1,"item_purchase_floors":[14,14,19],"current_hp_per_floor":[80,80,80,60,60,60,28,34,34,34,40,40,40,40,64,49,80,80,80,57,57,49,24,22,0],"gold":136,"neow_bonus":"REMOVE_CARD","is_prod":false,"is_daily":false,"chose_seed":false,"campfire_upgraded":2,"win_rate":0,"timestamp":1548974600,"path_taken":["M","M","M","?","?","R","E","M","T","?","?","?","R","$","R","BOSS","M","$","M","?","M","E","?","M"],"build_version":"2019-01-23","purchased_purges":2,"victory":false,"max_hp_per_floor":[80,80,80,80,80,80,80,80,80,80,80,80,80,80,80,80,80,80,80,80,80,80,80,80,80],"card_choices":[{"not_picked":["Wild Strike","Sentinel"],"picked":"Headbutt","floor":1},{"not_picked":["Pommel Strike","Wild Strike","Hemokinesis"],"picked":"SKIP","floor":2},{"not_picked":["Iron Wave","Combust","Entrench"],"picked":"SKIP","floor":3},{"not_picked":["Dual Wield","Shockwave"],"picked":"Metallicize","floor":7},{"not_picked":["Twin Strike","Thunderclap"],"picked":"Headbutt","floor":8},{"not_picked":["Anger","Headbutt","Clothesline"],"picked":"SKIP","floor":11},{"not_picked":["Limit Break","Feed"],"picked":"Juggernaut","floor":16},{"not_picked":["Clothesline"],"picked":"SKIP","floor":18},{"not_picked":["Clothesline"],"picked":"SKIP","floor":20},{"not_picked":["Wild Strike+1"],"picked":"SKIP","floor":22},{"not_picked":["Clash"],"picked":"SKIP","floor":23},{"not_picked":["Wild Strike"],"picked":"SKIP","floor":24}],"player_experience":36762,"relics_obtained":[{"floor":7,"key":"Omamori"},{"floor":9,"key":"Whetstone"},{"floor":10,"key":"Bronze Scales"},{"floor":23,"key":"Toxic Egg 2"}],"event_choices":[{"damage_healed":0,"gold_gain":0,"player_choice":"Take Damage","damage_taken":20,"relics_obtained":["Golden Idol"],"max_hp_gain":0,"max_hp_loss":0,"event_name":"Golden Idol","floor":4,"gold_loss":0},{"damage_healed":0,"gold_gain":0,"player_choice":"Ignored","damage_taken":0,"max_hp_gain":0,"max_hp_loss":0,"event_name":"Shining Light","floor":5,"gold_loss":0},{"cards_removed":["Strike_R"],"damage_healed":0,"gold_gain":0,"player_choice":"Forget","damage_taken":0,"max_hp_gain":0,"max_hp_loss":0,"event_name":"Living Wall","floor":12,"gold_loss":0},{"damage_healed":0,"gold_gain":0,"player_choice":"Forge","damage_taken":0,"max_hp_gain":0,"max_hp_loss":0,"event_name":"Accursed Blacksmith","floor":21,"gold_loss":0,"cards_upgraded":["Metallicize"]}],"is_beta":false,"boss_relics":[{"not_picked":["Runic Cube","Eternal Feather"],"picked":"Busted Crown"}],"items_purged_floors":[14,19],"is_endless":false,"potions_floor_spawned":[8,16,18],"killed_by":"Centurion and Healer","ascension_level":2}