{"gold_per_floor":[117,194,205,104,104,104,117,117,170,205,205,155,182,197,197,298,298,310,310,260,260,279,279,9,9,36,36,46,46,46,57,57,161,161,174,190,208,221,235,235,248,248,548,581,601,601,618,262,262,262],"floor_reached":51,"playtime":4592,"items_purged":["Strike_G","Shame"],"score":960,"play_id":"2df14a55-df18-430d-8d9e-daf63f5c044b","local_time":"20190325151348","is_ascension_mode":true,"campfire_choices":[{"data":"Dash","floor":6.0,"key":"SMITH"},{"data":"Footwork","floor":8.0,"key":"SMITH"},{"data":"Survivor","floor":11.0,"key":"SMITH"},{"data":"Phantasmal Killer","floor":15.0,"key":"SMITH"},{"floor":23.0,"key":"REST"},{"floor":29.0,"key":"REST"},{"data":"Apotheosis","floor":32.0,"key":"SMITH"},{"data":"Envenom","floor":40.0,"key":"SMITH"},{"floor":42.0,"key":"REST"},{"floor":49,"key":"REST"}],"neow_cost":"NONE","seed_source_timestamp":0,"circlet_count":0,"master_deck":["Defend_G","Defend_G","Defend_G","Defend_G+1","Defend_G+1","Strike_G","Strike_G","Strike_G","Survivor+1","Neutralize","Dash+1","Backflip","Footwork+1","Phantasmal Killer+1","Dodge and Roll","Envenom+1","Poisoned Stab","Dagger Spray","Poisoned Stab+1","PiercingWail","Noxious Fumes","Apotheosis+1","Crippling Poison","Corpse Explosion","Blade Dance+1","Parasite","Cloak And Dagger","Cloak And Dagger+1","Footwork+1","Slice"],"special_seed":0,"relics":["Runic Pyramid","Snake Skull","Smiling Mask","Bag of Preparation","Orrery","Nilry\u0027s Codex","MutagenicStrength","Blood Vial","Dodecahedron","Sozu","Old Coin","War Paint","Strawberry","Oddly Smooth Stone"],"potions_floor_usage":[50,50],"damage_taken":[{"damage":0.0,"enemies":"Jaw Worm","floor":1.0,"turns":5.0},{"damage":1.0,"enemies":"Small Slimes","floor":3.0,"turns":4.0},{"damage":0.0,"enemies":"2 Louse","floor":7.0,"turns":4.0},{"damage":1.0,"enemies":"Lagavulin","floor":10.0,"turns":12.0},{"damage":8.0,"enemies":"3 Sentries","floor":13.0,"turns":11.0},{"damage":4.0,"enemies":"Exordium Wildlife","floor":14.0,"turns":7.0},{"damage":48.0,"enemies":"Slime Boss","floor":16.0,"turns":21.0},{"damage":11.0,"enemies":"3 Byrds","floor":18.0,"turns":4.0},{"damage":9.0,"enemies":"Spheric Guardian","floor":22.0,"turns":7.0},{"damage":2.0,"enemies":"Snecko","floor":28.0,"turns":5.0},{"damage":1.0,"enemies":"Chosen and Byrds","floor":31.0,"turns":8.0},{"damage":55.0,"enemies":"Collector","floor":33.0,"turns":10.0},{"damage":2.0,"enemies":"3 Darklings","floor":35.0,"turns":4.0},{"damage":2.0,"enemies":"3 Shapes","floor":36.0,"turns":5.0},{"damage":0.0,"enemies":"Maw","floor":37.0,"turns":8.0},{"damage":2.0,"enemies":"Writhing Mass","floor":38.0,"turns":9.0},{"damage":4.0,"enemies":"4 Shapes","floor":39.0,"turns":4.0},{"damage":6.0,"enemies":"3 Darklings","floor":41.0,"turns":3.0},{"damage":21.0,"enemies":"Nemesis","floor":44.0,"turns":7.0},{"damage":3.0,"enemies":"Maw","floor":45.0,"turns":9.0},{"damage":12.0,"enemies":"Transient","floor":47.0,"turns":5.0},{"damage":33,"enemies":"Time Eater","floor":50,"turns":13}],"seed_played":"935720504875639748","potions_obtained":[{"floor":10.0,"key":"Explosive Potion"},{"floor":14.0,"key":"AttackPotion"},{"floor":16.0,"key":"LiquidBronze"},{"floor":22.0,"key":"FearPotion"}],"is_trial":false,"path_per_floor":["M","?","M","$","?","R","M","R","T","E","R","?","E","M","R","B",null,"M","?","$","?","M","R","$","?","T","?","M","R","$","M","R","B",null,"M","M","M","M","M","R","M","R","T","E","M","?","M","$","R","B",null],"character_chosen":"THE_SILENT","items_purchased":["Dexterity Potion","Backflip","Noxious Fumes","Apotheosis","Strawberry","Oddly Smooth Stone"],"campfire_rested":4,"item_purchase_floors":[4,4,24,24,48,48],"current_hp_per_floor":[63,63,62,62,62,62,62,62,62,61,61,61,53,49,49,1,53,42,26,26,26,17,38,38,38,38,38,38,59,59,60,60,7,54,54,54,56,56,54,54,50,70,70,49,48,48,38,45,68,37],"gold":262,"neow_bonus":"BOSS_RELIC","is_prod":false,"is_daily":false,"chose_seed":false,"campfire_upgraded":6,"win_rate":0,"timestamp":1553498028,"path_taken":["M","?","M","$","?","R","M","R","T","E","R","?","E","M","R","BOSS","M","?","$","?","M","R","$","?","T","?","M","R","?","M","R","BOSS","M","M","?","M","M","R","M","R","T","E","M","?","M","$","R","BOSS"],"build_version":"2019-01-23","purchased_purges":2,"victory":true,"max_hp_per_floor":[70,70,70,70,70,70,70,70,70,70,70,70,70,70,70,70,70,70,70,70,70,70,70,70,70,70,70,70,70,70,70,70,70,70,70,70,70,70,70,70,70,70,70,70,70,70,70,77,77,77],"card_choices":[{"not_picked":["Dagger Spray","Underhanded Strike"],"picked":"Dash","floor":1.0},{"not_picked":["Endless Agony","Slice","Outmaneuver"],"picked":"SKIP","floor":3.0},{"not_picked":["Heel Hook","Bane"],"picked":"Footwork","floor":7.0},{"not_picked":["Choke","Quick Slash","Tactician"],"picked":"SKIP","floor":10.0},{"not_picked":["Concentrate","Dagger Spray"],"picked":"Phantasmal Killer","floor":13.0},{"not_picked":["Prepared","Dagger Spray"],"picked":"Dodge and Roll","floor":14.0},{"not_picked":["Glass Knife","Venomology"],"picked":"Envenom","floor":16.0},{"not_picked":["Setup","Tactician"],"picked":"Poisoned Stab","floor":17.0},{"not_picked":["Tactician","Outmaneuver"],"picked":"Dagger Spray","floor":17.0},{"not_picked":["Night Terror","Dagger Spray+1"],"picked":"Poisoned Stab+1","floor":18.0},{"not_picked":["Deadly Poison","Quick Slash"],"picked":"PiercingWail","floor":22.0},{"not_picked":["Prepared","Flying Knee+1","Underhanded Strike"],"picked":"SKIP","floor":28.0},{"not_picked":["Blade Dance","Sucker Punch"],"picked":"Crippling Poison","floor":31.0},{"not_picked":["Phantasmal Killer","Venomology"],"picked":"Corpse Explosion","floor":33.0},{"not_picked":["Acrobatics","Cloak And Dagger+1"],"picked":"Blade Dance+1","floor":35.0},{"not_picked":["Calculated Gamble+1","Caltrops","Poisoned Stab"],"picked":"SKIP","floor":36.0},{"not_picked":["Concentrate","Bane","Underhanded Strike+1"],"picked":"SKIP","floor":37.0},{"not_picked":["Deadly Poison","Storm of Steel","Deflect+1"],"picked":"SKIP","floor":38.0},{"not_picked":["Slice","Dagger Spray","Concentrate+1"],"picked":"SKIP","floor":39.0},{"not_picked":["Flechettes+1","Outmaneuver"],"picked":"Cloak And Dagger","floor":41.0},{"not_picked":["Dagger Throw+1","Poisoned Stab+1"],"picked":"Cloak And Dagger+1","floor":44.0},{"not_picked":["Dagger Throw","PiercingWail"],"picked":"Footwork+1","floor":45.0},{"not_picked":["Endless Agony+1","Deadly Poison+1"],"picked":"Slice","floor":47.0}],"player_experience":670300,"relics_obtained":[{"floor":9.0,"key":"Snake Skull"},{"floor":10.0,"key":"Smiling Mask"},{"floor":13.0,"key":"Bag of Preparation"},{"floor":19.0,"key":"Nilry\u0027s Codex"},{"floor":26.0,"key":"Blood Vial"},{"floor":43.0,"key":"Old Coin"},{"floor":44.0,"key":"War Paint"}],"event_choices":[{"damage_healed":0.0,"max_hp_gain":0.0,"max_hp_loss":0.0,"gold_gain":77.0,"event_name":"Golden Wing","player_choice":"Gained Gold","floor":2.0,"gold_loss":0.0,"damage_taken":0.0},{"damage_healed":0.0,"max_hp_gain":0.0,"max_hp_loss":0.0,"gold_gain":0.0,"event_name":"Liars Game","player_choice":"Ignored","floor":5.0,"gold_loss":0.0,"damage_taken":0.0},{"cards_removed":["Strike_G"],"damage_healed":0.0,"max_hp_gain":0.0,"max_hp_loss":0.0,"gold_gain":0.0,"event_name":"The Cleric","player_choice":"Card Removal","floor":12.0,"gold_loss":50.0,"damage_taken":0.0},{"damage_healed":0.0,"max_hp_gain":0.0,"max_hp_loss":0.0,"gold_gain":0.0,"event_name":"Cursed Tome","player_choice":"Obtained Book","floor":19.0,"gold_loss":0.0,"damage_taken":16.0},{"damage_healed":0.0,"max_hp_gain":0.0,"max_hp_loss":0.0,"gold_gain":0.0,"event_name":"Drug Dealer","player_choice":"Inject Mutagens","floor":21.0,"gold_loss":0.0,"damage_taken":0.0,"relics_obtained":["MutagenicStrength"]},{"damage_healed":0.0,"max_hp_gain":0.0,"max_hp_loss":0.0,"gold_gain":0.0,"event_name":"Beggar","player_choice":"Ignored","floor":25.0,"gold_loss":0.0,"damage_taken":0.0},{"damage_healed":0.0,"max_hp_gain":0.0,"max_hp_loss":0.0,"gold_gain":0.0,"event_name":"Addict","player_choice":"Stole Relic","floor":27.0,"gold_loss":0.0,"damage_taken":0.0,"relics_obtained":["Dodecahedron"],"cards_obtained":["Shame"]},{"damage_healed":0.0,"max_hp_gain":0.0,"max_hp_loss":0.0,"gold_gain":0.0,"event_name":"Tomb of Lord Red Mask","player_choice":"Ignored","floor":46.0,"gold_loss":0.0,"damage_taken":0.0}],"is_beta":false,"boss_relics":[{"not_picked":["Philosopher\u0027s Stone","Coffee Dripper"],"picked":"Orrery"},{"not_picked":["White Beast Statue","Busted Crown"],"picked":"Sozu"}],"items_purged_floors":[20,48],"is_endless":false,"potions_floor_spawned":[10,14,16,22,35,41,47],"ascension_level":9}