{"gold_per_floor":[110,11,11,28,38,38,38,38,85,85,160,175,124,149,149,149],"floor_reached":16,"playtime":1102,"items_purged":[],"score":196,"play_id":"e60ab882-bc9b-40f7-a85b-61a900b28be4","local_time":"20190204200417","is_ascension_mode":true,"campfire_choices":[{"data":"Footwork","floor":6.0,"key":"SMITH"},{"data":"Neutralize","floor":8.0,"key":"SMITH"},{"floor":10.0,"key":"REST"},{"floor":15.0,"key":"REST"}],"neow_cost":"NONE","seed_source_timestamp":635115385200235,"circlet_count":0,"master_deck":["AscendersBane","Defend_G","Defend_G","Defend_G","Defend_G","Defend_G","Strike_G","Strike_G","Strike_G","Strike_G","Strike_G","Survivor","Neutralize+1","Footwork+1","Bouncing Flask+1","Dodge and Roll","Cloak And Dagger","Dodge and Roll","Footwork","Flying Knee","Dagger Throw"],"special_seed":0,"relics":["Ring of the Snake","NeowsBlessing","Orichalcum","Centennial Puzzle","Singing Bowl"],"potions_floor_usage":[],"damage_taken":[{"damage":0.0,"enemies":"Small Slimes","floor":1.0,"turns":1.0},{"damage":0.0,"enemies":"2 Louse","floor":4.0,"turns":1.0},{"damage":0.0,"enemies":"Cultist","floor":5.0,"turns":1.0},{"damage":0.0,"enemies":"Blue Slaver","floor":12.0,"turns":4.0},{"damage":12.0,"enemies":"Lagavulin","floor":14.0,"turns":6.0},{"damage":60,"enemies":"Slime Boss","floor":16,"turns":15}],"seed_played":"3066130306801838432","potions_obtained":[{"floor":1.0,"key":"GamblersBrew"},{"floor":4.0,"key":"FearPotion"}],"is_trial":false,"path_per_floor":["M","$","?","M","M","R","?","R","T","R","?","M","$","E","R","B"],"character_chosen":"THE_SILENT","items_purchased":["Bouncing Flask","Dodge and Roll","Flying Knee"],"campfire_rested":2,"item_purchase_floors":[2,2,13],"current_hp_per_floor":[59,59,41,41,41,41,41,41,41,60,49,49,49,37,56,0],"gold":149,"neow_bonus":"THREE_ENEMY_KILL","is_prod":false,"is_daily":false,"chose_seed":false,"campfire_upgraded":2,"win_rate":0,"timestamp":1549328657,"path_taken":["M","$","?","M","M","R","?","R","T","R","?","M","$","E","R","BOSS"],"build_version":"2019-01-23","purchased_purges":0,"victory":false,"max_hp_per_floor":[66,66,66,66,66,66,66,66,66,66,66,66,66,66,66,66],"card_choices":[{"not_picked":["Deadly Poison","Eviscerate"],"picked":"Footwork","floor":1.0},{"not_picked":["Bouncing Flask","Tactician"],"picked":"Cloak And Dagger","floor":4.0},{"not_picked":["Dagger Throw","Outmaneuver"],"picked":"Dodge and Roll","floor":5.0},{"not_picked":["Tactician","Bane"],"picked":"Footwork","floor":12.0},{"not_picked":["Outmaneuver","PiercingWail"],"picked":"Dagger Throw","floor":14.0}],"player_experience":3188841,"relics_obtained":[{"floor":9.0,"key":"Centennial Puzzle"},{"floor":14.0,"key":"Singing Bowl"}],"event_choices":[{"damage_healed":0.0,"max_hp_gain":0.0,"max_hp_loss":0.0,"gold_gain":0.0,"event_name":"Scrap Ooze","player_choice":"Success","floor":3.0,"gold_loss":0.0,"damage_taken":18.0,"relics_obtained":["Orichalcum"]},{"damage_healed":0.0,"max_hp_gain":0.0,"max_hp_loss":0.0,"gold_gain":0.0,"event_name":"Living Wall","player_choice":"Grow","floor":7.0,"gold_loss":0.0,"damage_taken":0.0,"cards_upgraded":["Bouncing Flask"]},{"damage_healed":0.0,"max_hp_gain":0.0,"max_hp_loss":0.0,"gold_gain":75.0,"event_name":"World of Goop","player_choice":"Gather Gold","floor":11.0,"gold_loss":0.0,"damage_taken":11.0}],"is_beta":false,"boss_relics":[],"items_purged_floors":[],"is_endless":false,"potions_floor_spawned":[1,4],"killed_by":"Slime Boss","ascension_level":20}