{"gold_per_floor":[112,132,132,207,172,172,200,220,246,421,447,447,447,77,77,172,172,188,188,188,207,5,36,49,80,80,80,1,1,30,58,58,58],"floor_reached":33,"playtime":4315,"items_purged":["Doubt"],"score":452,"play_id":"95e6bfc3-5e58-42c5-91a3-991c73dcd115","local_time":"20190323044936","is_ascension_mode":true,"campfire_choices":[{"data":"Zap","floor":6,"key":"SMITH"},{"floor":13,"key":"REST"},{"floor":15,"key":"REST"},{"data":"Dualcast","floor":27,"key":"SMITH"},{"data":"Sunder","floor":29,"key":"SMITH"},{"data":"Fission","floor":32,"key":"SMITH"}],"neow_cost":"NONE","seed_source_timestamp":390699253309486,"circlet_count":0,"master_deck":["Strike_B+1","Strike_B+1","Strike_B","Strike_B+1","Defend_B","Defend_B","Defend_B","Defend_B","Zap+1","Dualcast+1","Sunder+1","White Noise","Leap","FTL+1","Coolheaded","Go for the Eyes","Fission+1","Self Repair+1","Ghostly","Ghostly","Ghostly","Ghostly","Ghostly","Good Instincts","Auto Shields","Core Surge","BootSequence","Gash","Glacier","Turbo","Melter","Blizzard","Compile Driver","Consume"],"relics":["Cracked Core","NeowsBlessing","Strawberry","Whetstone","Bag of Marbles","Cables","Runic Pyramid","Mercury Hourglass","Centennial Puzzle","Prayer Wheel","Ornamental Fan","Red Mask"],"potions_floor_usage":[24,25,30,33],"damage_taken":[{"damage":0,"enemies":"Jaw Worm","floor":1,"turns":1},{"damage":0,"enemies":"Small Slimes","floor":2,"turns":1},{"damage":0,"enemies":"Lagavulin","floor":7,"turns":1},{"damage":0,"enemies":"2 Louse","floor":8,"turns":1},{"damage":32,"enemies":"Gremlin Nob","floor":11,"turns":4},{"damage":0,"enemies":"Slime Boss","floor":16,"turns":5},{"damage":1,"enemies":"Shell Parasite","floor":18,"turns":6},{"damage":1,"enemies":"Spheric Guardian","floor":21,"turns":6},{"damage":5,"enemies":"Gremlin Leader","floor":23,"turns":6},{"damage":0,"enemies":"Centurion and Healer","floor":24,"turns":7},{"damage":2,"enemies":"Slavers","floor":25,"turns":4},{"damage":0,"enemies":"Gremlin Leader","floor":30,"turns":6},{"damage":0,"enemies":"Masked Bandits","floor":31,"turns":4},{"damage":43,"enemies":"Champ","floor":33,"turns":18}],"seed_played":"2673552325061141472","potions_obtained":[{"floor":1,"key":"SpeedPotion"},{"floor":2,"key":"SpeedPotion"},{"floor":16,"key":"Block Potion"},{"floor":21,"key":"Weak Potion"},{"floor":23,"key":"AttackPotion"},{"floor":25,"key":"AttackPotion"}],"is_trial":false,"path_per_floor":["M","M","?","?","?","R","E","M","T","?","E","T","R","$","R","B",null,"M","?","?","M","$","E","M","E","T","R","$","R","E","?","R","B"],"character_chosen":"DEFECT","items_purchased":["Cables","Go for the Eyes","Core Surge","BootSequence","Gash","Blizzard"],"campfire_rested":2,"item_purchase_floors":[14,14,22,22,22,28],"current_hp_per_floor":[75,75,60,49,67,67,74,74,74,74,42,42,66,66,82,82,82,81,41,41,41,41,41,41,41,41,41,41,41,41,41,41,0],"gold":58,"neow_bonus":"THREE_ENEMY_KILL","is_prod":false,"is_daily":false,"chose_seed":false,"campfire_upgraded":4,"win_rate":0,"timestamp":1553330976,"path_taken":["M","M","?","?","?","R","E","M","T","?","E","?","R","$","R","BOSS","M","?","?","?","$","E","M","E","T","R","$","R","E","?","R","BOSS"],"build_version":"2019-01-23","purchased_purges":1,"victory":false,"max_hp_per_floor":[75,75,75,75,75,75,82,82,82,82,82,82,82,82,82,82,82,82,41,41,41,41,41,41,41,41,41,41,41,41,41,41,41],"card_choices":[{"not_picked":["Scrape","Cold Snap"],"picked":"Sunder","floor":1},{"not_picked":["Ball Lightning","Compile Driver"],"picked":"White Noise","floor":2},{"not_picked":["Meteor Strike","Beam Cell"],"picked":"Leap","floor":7},{"not_picked":["Barrage","Darkness"],"picked":"FTL","floor":8},{"not_picked":["Leap","Ball Lightning"],"picked":"Coolheaded","floor":11},{"not_picked":["Multi-Cast","Hyperbeam"],"picked":"Fission","floor":16},{"not_picked":["Stack","Compile Driver"],"picked":"Self Repair+1","floor":18},{"not_picked":["Turbo","Lockon"],"picked":"Auto Shields","floor":21},{"not_picked":["Turbo+1","Streamline"],"picked":"Glacier","floor":23},{"not_picked":["White Noise","Go for the Eyes+1"],"picked":"Turbo","floor":24},{"not_picked":["Steam Power","Aggregate"],"picked":"Melter","floor":25},{"not_picked":["Coolheaded","Hello World"],"picked":"Compile Driver","floor":30},{"not_picked":["Streamline","White Noise"],"picked":"Consume","floor":31}],"player_experience":318029,"relics_obtained":[{"floor":7,"key":"Strawberry"},{"floor":11,"key":"Whetstone"},{"floor":12,"key":"Bag of Marbles"},{"floor":23,"key":"Mercury Hourglass"},{"floor":25,"key":"Centennial Puzzle"},{"floor":26,"key":"Prayer Wheel"},{"floor":30,"key":"Ornamental Fan"},{"floor":31,"key":"Red Mask"}],"event_choices":[{"damage_healed":0,"gold_gain":0,"player_choice":"Entered Light","damage_taken":15,"max_hp_gain":0,"max_hp_loss":0,"event_name":"Shining Light","floor":3,"gold_loss":0,"cards_upgraded":["Strike_B","Strike_B"]},{"damage_healed":0,"gold_gain":75,"player_choice":"Gather Gold","damage_taken":11,"max_hp_gain":0,"max_hp_loss":0,"event_name":"World of Goop","floor":4,"gold_loss":0},{"damage_healed":18,"gold_gain":0,"player_choice":"Healed","damage_taken":0,"max_hp_gain":0,"max_hp_loss":0,"event_name":"The Cleric","floor":5,"gold_loss":35},{"damage_healed":0,"gold_gain":175,"player_choice":"AGREE","damage_taken":0,"max_hp_gain":0,"max_hp_loss":0,"event_name":"Liars Game","floor":10,"gold_loss":0,"cards_obtained":["Doubt"]},{"damage_healed":0,"gold_gain":0,"player_choice":"Became a Ghost","damage_taken":0,"max_hp_gain":0,"max_hp_loss":41,"event_name":"Ghosts","floor":19,"gold_loss":0,"cards_obtained":["Ghostly","Ghostly","Ghostly","Ghostly","Ghostly"]},{"damage_healed":0,"gold_gain":0,"player_choice":"1 cards matched","damage_taken":0,"max_hp_gain":0,"max_hp_loss":0,"event_name":"Match and Keep!","floor":20,"gold_loss":0,"cards_obtained":["Good Instincts"]},{"damage_healed":0,"gold_gain":0,"player_choice":"Fought Bandits","damage_taken":0,"max_hp_gain":0,"max_hp_loss":0,"event_name":"Masked Bandits","floor":31,"gold_loss":0}],"is_beta":false,"boss_relics":[{"not_picked":["FrozenCore","Philosopher\u0027s Stone"],"picked":"Runic Pyramid"}],"items_purged_floors":[14],"is_endless":false,"potions_floor_spawned":[1,2,16,21,23,25],"killed_by":"Champ","ascension_level":1}