{"gold_per_floor":[116,116,131,146,165,165,199,199,199,199,223,88,88],"floor_reached":13,"playtime":3784,"items_purged":[],"score":166,"play_id":"00715455-23d1-4bf6-ada2-f77fce2da871","local_time":"20190113033654","is_ascension_mode":true,"campfire_choices":[{"data":"Sucker Punch","floor":6.0,"key":"SMITH"},{"floor":8.0,"key":"REST"}],"neow_cost":"NONE","seed_source_timestamp":282880680424413,"circlet_count":0,"master_deck":["AscendersBane","Defend_G","Defend_G","Defend_G","Defend_G","Defend_G","Strike_G","Strike_G","Strike_G","Strike_G","Strike_G","Survivor","Neutralize","Blade Dance","Flying Knee","Dagger Spray","Sucker Punch+1","Blade Dance","Sucker Punch","Backflip","Wraith Form v2+1"],"special_seed":0,"relics":["Ring of the Snake","NeowsBlessing","Orichalcum","Frozen Egg 2","Anchor","Golden Idol"],"potions_floor_usage":[13],"damage_taken":[{"damage":0.0,"enemies":"2 Louse","floor":1.0,"turns":1.0},{"damage":0.0,"enemies":"Jaw Worm","floor":3.0,"turns":1.0},{"damage":0.0,"enemies":"Small Slimes","floor":4.0,"turns":1.0},{"damage":5.0,"enemies":"Exordium Thugs","floor":5.0,"turns":4.0},{"damage":14.0,"enemies":"Gremlin Nob","floor":7.0,"turns":4.0},{"damage":0.0,"enemies":"Blue Slaver","floor":11.0,"turns":3.0},{"damage":36,"enemies":"Lagavulin","floor":13,"turns":11}],"seed_played":"5859699391876951542","potions_obtained":[{"floor":5.0,"key":"AttackPotion"},{"floor":11.0,"key":"LiquidBronze"}],"is_trial":false,"path_per_floor":["M","?","M","M","M","R","E","R","T","?","M","$","E"],"character_chosen":"THE_SILENT","items_purchased":["Backflip","Wraith Form v2+1"],"campfire_rested":1,"item_purchase_floors":[12,12],"current_hp_per_floor":[59,41,41,41,36,36,22,41,41,41,41,41,5],"gold":88,"neow_bonus":"THREE_ENEMY_KILL","is_prod":false,"is_daily":false,"chose_seed":false,"campfire_upgraded":1,"win_rate":0,"timestamp":1547368614,"path_taken":["M","?","M","M","M","R","E","R","T","?","M","$","E"],"build_version":"2019-01-10","purchased_purges":0,"victory":false,"max_hp_per_floor":[66,66,66,66,66,66,66,66,66,60,60,60,60],"card_choices":[{"not_picked":["Dodge and Roll","Calculated Gamble"],"picked":"Blade Dance","floor":1.0},{"not_picked":["Prepared","Poisoned Stab"],"picked":"Flying Knee","floor":3.0},{"not_picked":["Sucker Punch","Deadly Poison"],"picked":"Dagger Spray","floor":4.0},{"not_picked":["Catalyst","Prepared"],"picked":"Sucker Punch","floor":5.0},{"not_picked":["Distraction","Dodge and Roll"],"picked":"Blade Dance","floor":7.0},{"not_picked":["Dagger Throw","Setup"],"picked":"Sucker Punch","floor":11.0}],"player_experience":2883787,"relics_obtained":[{"floor":7.0,"key":"Frozen Egg 2"},{"floor":9.0,"key":"Anchor"}],"event_choices":[{"damage_healed":0.0,"max_hp_gain":0.0,"max_hp_loss":0.0,"gold_gain":0.0,"event_name":"Scrap Ooze","player_choice":"Success","floor":2.0,"gold_loss":0.0,"damage_taken":18.0,"relics_obtained":["Orichalcum"]},{"damage_healed":0.0,"max_hp_gain":0.0,"max_hp_loss":6.0,"gold_gain":0.0,"event_name":"Golden Idol","player_choice":"Lose Max HP","floor":10.0,"gold_loss":0.0,"damage_taken":0.0,"relics_obtained":["Golden Idol"]}],"is_beta":false,"boss_relics":[],"items_purged_floors":[],"is_endless":false,"potions_floor_spawned":[5,11],"killed_by":"Lagavulin","ascension_level":19}