{"gold_per_floor":[114,86,56,73,73,107,107,107,107,127,140,159,159,189,189,189],"floor_reached":16,"playtime":1240,"items_purged":[],"score":244,"play_id":"8de8ae01-459a-447a-9cbb-d18c5700feda","local_time":"20190108195249","is_ascension_mode":true,"campfire_choices":[{"data":"Armaments","floor":7.0,"key":"SMITH"},{"data":"Flame Barrier","floor":15.0,"key":"SMITH"}],"neow_cost":"NONE","seed_source_timestamp":157457244271004,"circlet_count":0,"master_deck":["AscendersBane","Strike_R","Strike_R","Strike_R","Strike_R","Defend_R","Defend_R","Defend_R","Defend_R","Bash","Ghostly Armor","Armaments+1","Pommel Strike","Iron Wave","Flame Barrier+1"],"special_seed":0,"relics":["Burning Blood","NeowsBlessing","Blood Vial","Frozen Egg 2","Golden Idol"],"potions_floor_usage":[16,16],"damage_taken":[{"damage":0.0,"enemies":"2 Louse","floor":1.0,"turns":1.0},{"damage":0.0,"enemies":"Cultist","floor":4.0,"turns":1.0},{"damage":0.0,"enemies":"Lagavulin","floor":6.0,"turns":1.0},{"damage":9.0,"enemies":"Small Slimes","floor":10.0,"turns":6.0},{"damage":1.0,"enemies":"Looter","floor":11.0,"turns":4.0},{"damage":10.0,"enemies":"Large Slime","floor":12.0,"turns":6.0},{"damage":82,"enemies":"Hexaghost","floor":16,"turns":14}],"seed_played":"4188914861344916737","potions_obtained":[{"floor":3.0,"key":"FearPotion"},{"floor":3.0,"key":"Regen Potion"}],"is_trial":false,"path_per_floor":["M","$","?","M","?","E","R","$","T","M","M","M","?","?","R","B"],"character_chosen":"IRONCLAD","items_purchased":["Armaments"],"campfire_rested":0,"item_purchase_floors":[2],"current_hp_per_floor":[74,74,74,75,75,75,75,75,75,72,75,71,68,68,68,1],"gold":189,"neow_bonus":"THREE_ENEMY_KILL","is_prod":false,"is_daily":false,"chose_seed":false,"campfire_upgraded":2,"win_rate":0,"timestamp":1546995169,"path_taken":["M","$","?","?","?","E","R","$","T","M","?","M","?","?","R","BOSS"],"build_version":"2019-01-03v4","purchased_purges":0,"victory":false,"max_hp_per_floor":[75,75,75,75,75,75,75,75,75,75,75,75,68,68,68,68],"card_choices":[{"not_picked":["Twin Strike","Clothesline"],"picked":"Ghostly Armor","floor":1.0},{"not_picked":["Power Through","True Grit"],"picked":"Pommel Strike","floor":4.0},{"not_picked":["Disarm","Pommel Strike"],"picked":"Iron Wave","floor":6.0},{"not_picked":["Perfected Strike","Fiend Fire","Warcry"],"picked":"SKIP","floor":10.0},{"not_picked":["Perfected Strike","Fiend Fire","Warcry"],"picked":"SKIP","floor":10.0},{"not_picked":["Dual Wield","Armaments","Sentinel"],"picked":"SKIP","floor":11.0},{"not_picked":["Clash","Iron Wave"],"picked":"Flame Barrier","floor":12.0}],"player_experience":2841616,"relics_obtained":[{"floor":6.0,"key":"Blood Vial"},{"floor":9.0,"key":"Frozen Egg 2"}],"event_choices":[{"damage_healed":0.0,"max_hp_gain":0.0,"max_hp_loss":0.0,"gold_gain":0.0,"event_name":"The Woman in Blue","player_choice":"Bought 2 Potions","floor":3.0,"gold_loss":0.0,"damage_taken":0.0},{"cards_removed":["Strike_R"],"damage_healed":0.0,"max_hp_gain":0.0,"max_hp_loss":0.0,"gold_gain":0.0,"event_name":"Wheel of Change","player_choice":"Card Removal","floor":5.0,"gold_loss":0.0,"damage_taken":0.0},{"damage_healed":0.0,"max_hp_gain":0.0,"max_hp_loss":7.0,"gold_gain":0.0,"event_name":"Golden Idol","player_choice":"Lose Max HP","floor":13.0,"gold_loss":0.0,"damage_taken":0.0,"relics_obtained":["Golden Idol"]},{"damage_healed":0.0,"max_hp_gain":0.0,"max_hp_loss":0.0,"gold_gain":30.0,"event_name":"Dead Adventurer","player_choice":"Searched \u00271\u0027 times","floor":14.0,"gold_loss":0.0,"damage_taken":0.0}],"is_beta":false,"boss_relics":[],"items_purged_floors":[],"is_endless":false,"potions_floor_spawned":[4,6,10],"killed_by":"Hexaghost","ascension_level":19}