{"gold_per_floor":[115,115,115,190,258,258,287,299,323,333,333,292,308,320,320,320],"floor_reached":16,"playtime":1116,"items_purged":[],"score":195,"play_id":"3fe0b1ec-437f-4356-b15a-10c1a51be9a2","local_time":"20190107133739","is_ascension_mode":true,"campfire_choices":[{"floor":6,"key":"REST"},{"floor":11,"key":"REST"},{"floor":15,"key":"REST"}],"neow_cost":"TEN_PERCENT_HP_LOSS","seed_source_timestamp":49384745970165,"circlet_count":0,"master_deck":["AscendersBane","Strike_R","Strike_R","Strike_R","Strike_R","Strike_R","Defend_R","Defend_R","Defend_R","Defend_R","Bash","Feed","Sever Soul","Inflame","Metallicize","Ghostly Armor"],"special_seed":0,"relics":["Burning Blood","Thread and Needle","Turnip","Vajra"],"potions_floor_usage":[8,10,16],"damage_taken":[{"damage":5.0,"enemies":"Small Slimes","floor":1.0,"turns":4.0},{"damage":52,"enemies":"Gremlin Nob","floor":7,"turns":6},{"damage":0,"enemies":"2 Louse","floor":8,"turns":1},{"damage":12,"enemies":"Jaw Worm","floor":10,"turns":4},{"damage":2,"enemies":"2 Fungi Beasts","floor":13,"turns":5},{"damage":31,"enemies":"Large Slime","floor":14,"turns":5},{"damage":88,"enemies":"Hexaghost","floor":16,"turns":10}],"seed_played":"5164732507709129141","potions_obtained":[{"floor":7,"key":"Explosive Potion"},{"floor":8,"key":"BloodPotion"},{"floor":10,"key":"Regen Potion"},{"floor":14,"key":"Ancient Potion"}],"is_trial":false,"path_per_floor":["M","?","?","?","?","R","E","M","T","M","R","$","M","M","R","B"],"character_chosen":"IRONCLAD","items_purchased":["Metallicize"],"campfire_rested":3,"item_purchase_floors":[12],"current_hp_per_floor":[71,71,60,49,49,70,27,36,36,40,64,64,71,46,70,0],"gold":320,"neow_bonus":"THREE_RARE_CARDS","is_prod":false,"is_daily":false,"chose_seed":false,"campfire_upgraded":0,"win_rate":0,"timestamp":1546886259,"path_taken":["M","?","?","?","?","R","E","M","T","M","R","?","?","M","R","BOSS"],"build_version":"2019-01-03v4","purchased_purges":0,"victory":false,"max_hp_per_floor":[71,71,71,71,71,71,74,77,77,80,80,80,83,83,83,83],"card_choices":[{"not_picked":["Brutality","Dark Embrace"],"picked":"Feed","floor":0.0},{"not_picked":["Headbutt","Dual Wield"],"picked":"Searing Blow","floor":1.0},{"not_picked":["Anger","Rupture","Sword Boomerang"],"picked":"SKIP","floor":7},{"not_picked":["Perfected Strike","Havoc"],"picked":"Inflame","floor":8},{"not_picked":["Clash","Havoc","Perfected Strike"],"picked":"SKIP","floor":10},{"not_picked":["Feed","Fire Breathing","Wild Strike"],"picked":"SKIP","floor":13},{"not_picked":["Twin Strike","Perfected Strike"],"picked":"Ghostly Armor","floor":14}],"player_experience":2829797,"relics_obtained":[{"floor":7,"key":"Turnip"},{"floor":9,"key":"Vajra"}],"event_choices":[{"damage_healed":0,"gold_gain":0,"cards_transformed":["Searing Blow"],"player_choice":"Change","damage_taken":0,"max_hp_gain":0,"max_hp_loss":0,"event_name":"Living Wall","floor":2,"gold_loss":0,"cards_obtained":["Sever Soul"]},{"damage_healed":0,"gold_gain":0,"player_choice":"Success","damage_taken":11,"relics_obtained":["Thread and Needle"],"max_hp_gain":0,"max_hp_loss":0,"event_name":"Scrap Ooze","floor":3,"gold_loss":0},{"damage_healed":0,"gold_gain":75,"player_choice":"Gather Gold","damage_taken":11,"max_hp_gain":0,"max_hp_loss":0,"event_name":"World of Goop","floor":4,"gold_loss":0},{"damage_healed":0,"gold_gain":68,"player_choice":"Gained Gold","damage_taken":0,"max_hp_gain":0,"max_hp_loss":0,"event_name":"Golden Wing","floor":5,"gold_loss":0}],"is_beta":false,"boss_relics":[],"items_purged_floors":[],"is_endless":false,"potions_floor_spawned":[7,8,10,14],"killed_by":"Hexaghost","ascension_level":19}