{"gold_per_floor":[110,10,21,21,21,21,53,53,53,71,17,33,44,59,59,136,136,154,79,79,79,4,4,24,44,91,91,107,125,13,13,13,13],"floor_reached":33,"playtime":2314,"items_purged":[],"score":530,"play_id":"2d42eeb5-80ba-4084-9f85-4a52157d060a","local_time":"20190103212508","is_ascension_mode":true,"campfire_choices":[{"data":"True Grit","floor":6.0,"key":"SMITH"},{"data":"Uppercut","floor":8.0,"key":"SMITH"},{"data":"Bash","floor":15.0,"key":"SMITH"},{"data":"Barricade","floor":23.0,"key":"SMITH"},{"floor":27.0,"key":"REST"},{"floor":32.0,"key":"REST"}],"neow_cost":"NONE","seed_source_timestamp":183532149929764,"circlet_count":0,"master_deck":["AscendersBane","Strike_R","Strike_R","Strike_R","Defend_R","Defend_R","Defend_R","Defend_R","Bash+1","Shrug It Off","Pommel Strike","True Grit+1","Cleave","Uppercut+1","Twin Strike","Pommel Strike","Ghostly Armor","Barricade+1","Disarm","Iron Wave","Writhe","Battle Trance"],"special_seed":0,"relics":["Burning Blood","NeowsBlessing","Mercury Hourglass","Magic Flower","Darkstone Periapt","Mark of Pain","Blue Candle","Regal Pillow","Anchor"],"potions_floor_usage":[],"damage_taken":[{"damage":0.0,"enemies":"Cultist","floor":1.0,"turns":1.0},{"damage":0.0,"enemies":"Small Slimes","floor":3.0,"turns":1.0},{"damage":0.0,"enemies":"Lagavulin","floor":7.0,"turns":1.0},{"damage":8.0,"enemies":"2 Louse","floor":10.0,"turns":2.0},{"damage":0.0,"enemies":"Gremlin Gang","floor":12.0,"turns":3.0},{"damage":15.0,"enemies":"Exordium Thugs","floor":13.0,"turns":3.0},{"damage":3.0,"enemies":"2 Fungi Beasts","floor":14.0,"turns":3.0},{"damage":65.0,"enemies":"Hexaghost","floor":16.0,"turns":11.0},{"damage":21.0,"enemies":"3 Byrds","floor":18.0,"turns":5.0},{"damage":15.0,"enemies":"Chosen","floor":24.0,"turns":4.0},{"damage":69.0,"enemies":"Sentry and Sphere","floor":25.0,"turns":12.0},{"damage":17.0,"enemies":"Centurion and Healer","floor":28.0,"turns":7.0},{"damage":32.0,"enemies":"Snake Plant","floor":29.0,"turns":3.0},{"damage":67,"enemies":"Automaton","floor":33,"turns":8}],"seed_played":"4086466676578176761","potions_obtained":[{"floor":7.0,"key":"Fire Potion"},{"floor":12.0,"key":"GamblersBrew"},{"floor":14.0,"key":"Block Potion"},{"floor":16.0,"key":"Regen Potion"},{"floor":18.0,"key":"FearPotion"},{"floor":25.0,"key":"BloodPotion"}],"is_trial":false,"path_per_floor":["M","$","M","?","?","R","E","R","T","M","$","M","M","M","R","B",null,"M","$","?","?","?","R","M","M","T","R","M","M","?","$","R","B"],"character_chosen":"IRONCLAD","items_purchased":["Pommel Strike","True Grit","Pommel Strike","Disarm"],"campfire_rested":2,"item_purchase_floors":[2,2,11,19],"current_hp_per_floor":[74,74,75,57,57,57,63,63,63,64,64,73,67,73,73,17,61,49,49,55,55,61,61,55,19,19,60,64,41,41,41,82,15],"gold":13,"neow_bonus":"THREE_ENEMY_KILL","is_prod":false,"is_daily":false,"chose_seed":false,"campfire_upgraded":4,"win_rate":0,"timestamp":1546568708,"path_taken":["M","$","?","?","?","R","E","R","T","?","?","M","M","M","R","BOSS","M","$","?","?","?","R","?","M","T","R","M","M","?","$","R","BOSS"],"build_version":"2018-12-20","purchased_purges":0,"victory":false,"max_hp_per_floor":[75,75,75,75,75,75,75,75,75,75,75,75,75,75,75,75,75,75,75,81,81,87,87,87,87,87,87,87,87,87,87,87,87],"card_choices":[{"not_picked":["Clothesline","Clash"],"picked":"Shrug It Off","floor":1.0},{"not_picked":["Power Through","Sword Boomerang"],"picked":"Cleave","floor":3.0},{"not_picked":["Shrug It Off","Dark Embrace"],"picked":"Uppercut","floor":7.0},{"not_picked":["Shockwave","Corruption"],"picked":"Twin Strike","floor":10.0},{"not_picked":["Rupture","Clash","Rampage"],"picked":"SKIP","floor":12.0},{"not_picked":["Headbutt","Cleave"],"picked":"Ghostly Armor","floor":13.0},{"not_picked":["Rupture","Thunderclap","Power Through"],"picked":"SKIP","floor":14.0},{"not_picked":["Limit Break","Feed"],"picked":"Barricade","floor":16.0},{"not_picked":["Rampage","True Grit","Pommel Strike"],"picked":"SKIP","floor":18.0},{"not_picked":["Heavy Blade","Sever Soul+1","Anger"],"picked":"SKIP","floor":24.0},{"not_picked":["Rampage","Wild Strike","Hemokinesis"],"picked":"SKIP","floor":25.0},{"not_picked":["Wild Strike+1","Perfected Strike"],"picked":"Battle Trance","floor":28.0},{"not_picked":["Pommel Strike","Fire Breathing","Thunderclap"],"picked":"SKIP","floor":29.0}],"player_experience":2785045,"relics_obtained":[{"floor":7.0,"key":"Magic Flower"},{"floor":9.0,"key":"Darkstone Periapt"},{"floor":26.0,"key":"Regal Pillow"}],"event_choices":[{"damage_healed":0.0,"max_hp_gain":0.0,"max_hp_loss":0.0,"gold_gain":0.0,"event_name":"Scrap Ooze","player_choice":"Success","floor":4.0,"gold_loss":0.0,"damage_taken":18.0,"relics_obtained":["Mercury Hourglass"]},{"cards_removed":["Strike_R"],"damage_healed":0.0,"max_hp_gain":0.0,"max_hp_loss":0.0,"gold_gain":0.0,"event_name":"Purifier","player_choice":"Purged","floor":5.0,"gold_loss":0.0,"damage_taken":0.0},{"damage_healed":0.0,"max_hp_gain":0.0,"max_hp_loss":0.0,"gold_gain":0.0,"event_name":"Addict","player_choice":"Stole Relic","floor":20.0,"gold_loss":0.0,"damage_taken":0.0,"relics_obtained":["Blue Candle"],"cards_obtained":["Shame"]},{"damage_healed":0.0,"max_hp_gain":0.0,"max_hp_loss":0.0,"gold_gain":0.0,"event_name":"Ghosts","player_choice":"Ignored","floor":21.0,"gold_loss":0.0,"damage_taken":0.0},{"damage_healed":0.0,"max_hp_gain":0.0,"max_hp_loss":0.0,"gold_gain":0.0,"cards_transformed":["Strike_R","Shame"],"event_name":"Designer","player_choice":"Transformed Cards","floor":22.0,"gold_loss":75.0,"damage_taken":0.0,"cards_obtained":["Iron Wave","Writhe"]},{"damage_healed":0.0,"max_hp_gain":0.0,"max_hp_loss":0.0,"gold_gain":0.0,"event_name":"WeMeetAgain","player_choice":"Paid Gold","floor":30.0,"gold_loss":112.0,"damage_taken":0.0,"relics_obtained":["Anchor"]}],"is_beta":false,"boss_relics":[{"not_picked":["Lizard Tail","Eternal Feather"],"picked":"Mark of Pain"}],"items_purged_floors":[],"is_endless":false,"potions_floor_spawned":[7,12,14,16,18,25],"killed_by":"Automaton","ascension_level":19}