{"gold_per_floor":[114,58,74,74,74,99,109,109,135,135,135,32,32,51,51,51],"floor_reached":16,"playtime":1812,"items_purged":["Strike_R"],"score":240,"play_id":"f68f7d51-d4d8-478d-be7d-63087ff9dc53","local_time":"20190103202541","is_ascension_mode":true,"campfire_choices":[{"data":"Whirlwind","floor":8.0,"key":"SMITH"},{"data":"Bash","floor":10.0,"key":"SMITH"},{"data":"True Grit","floor":15.0,"key":"SMITH"}],"neow_cost":"NONE","seed_source_timestamp":181141461950457,"circlet_count":0,"master_deck":["AscendersBane","Strike_R","Strike_R","Strike_R","Strike_R","Defend_R","Defend_R","Defend_R","Defend_R","Bash+1","Twin Strike","Pommel Strike","Pommel Strike","Whirlwind+1","True Grit+1"],"special_seed":0,"relics":["Burning Blood","NeowsBlessing","Potion Belt","Smiling Mask"],"potions_floor_usage":[16,16,16],"damage_taken":[{"damage":0.0,"enemies":"2 Louse","floor":1.0,"turns":1.0},{"damage":0.0,"enemies":"Jaw Worm","floor":3.0,"turns":1.0},{"damage":0.0,"enemies":"3 Sentries","floor":6.0,"turns":1.0},{"damage":15.0,"enemies":"Small Slimes","floor":7.0,"turns":3.0},{"damage":0.0,"enemies":"2 Fungi Beasts","floor":14.0,"turns":2.0},{"damage":68,"enemies":"Slime Boss","floor":16,"turns":9}],"seed_played":"-7148188881416959325","potions_obtained":[{"floor":3.0,"key":"Fruit Juice"},{"floor":13.0,"key":"GamblersBrew"},{"floor":13.0,"key":"Swift Potion"},{"floor":14.0,"key":"SpeedPotion"}],"is_trial":false,"path_per_floor":["M","$","M","?","?","E","M","R","T","R","?","$","?","M","R","B"],"character_chosen":"IRONCLAD","items_purchased":["Pommel Strike","True Grit"],"campfire_rested":0,"item_purchase_floors":[2,12],"current_hp_per_floor":[74,74,80,80,80,80,71,71,71,71,71,71,71,77,77,9],"gold":51,"neow_bonus":"THREE_ENEMY_KILL","is_prod":false,"is_daily":false,"chose_seed":false,"campfire_upgraded":3,"win_rate":0,"timestamp":1546565141,"path_taken":["M","$","M","?","?","E","M","R","T","R","?","$","?","M","R","BOSS"],"build_version":"2018-12-20","purchased_purges":1,"victory":false,"max_hp_per_floor":[75,75,80,80,80,80,80,80,80,80,80,80,80,80,80,80],"card_choices":[{"not_picked":["Bloodletting","Dropkick"],"picked":"Twin Strike","floor":1.0},{"not_picked":["Burning Pact","Warcry"],"picked":"Pommel Strike","floor":3.0},{"not_picked":["Sever Soul","Flame Barrier"],"picked":"Whirlwind","floor":6.0},{"not_picked":["Heavy Blade","Havoc","Anger"],"picked":"SKIP","floor":7.0},{"not_picked":["Blood for Blood","Feel No Pain","Flex"],"picked":"SKIP","floor":14.0}],"player_experience":2783220,"relics_obtained":[{"floor":6.0,"key":"Potion Belt"},{"floor":9.0,"key":"Smiling Mask"}],"event_choices":[{"damage_healed":0.0,"max_hp_gain":0.0,"max_hp_loss":0.0,"gold_gain":0.0,"event_name":"Liars Game","player_choice":"Ignored","floor":4.0,"gold_loss":0.0,"damage_taken":0.0},{"damage_healed":0.0,"max_hp_gain":0.0,"max_hp_loss":0.0,"gold_gain":0.0,"event_name":"The Cleric","player_choice":"Leave","floor":5.0,"gold_loss":0.0,"damage_taken":0.0},{"damage_healed":0.0,"max_hp_gain":0.0,"max_hp_loss":0.0,"gold_gain":0.0,"event_name":"Shining Light","player_choice":"Ignored","floor":11.0,"gold_loss":0.0,"damage_taken":0.0},{"damage_healed":0.0,"max_hp_gain":0.0,"max_hp_loss":0.0,"gold_gain":0.0,"event_name":"Lab","player_choice":"Got Potions","floor":13.0,"gold_loss":0.0,"damage_taken":0.0}],"is_beta":false,"boss_relics":[],"items_purged_floors":[12],"is_endless":false,"potions_floor_spawned":[3,14],"killed_by":"Slime Boss","ascension_level":19}