{"gold_per_floor":[115,133,7,7,7,34,34,34,86,86,104,115,130,191,191,262,262,279,179,179,232,147,160,160,185,210,210,223,258,258,183,183,260,260,271,289,301,301,301,301],"floor_reached":40,"playtime":3495,"items_purged":["Strike_G","Strike_G"],"score":914,"play_id":"81863ba2-a026-4f8c-8730-aee8d2fcc5db","local_time":"20190128235722","is_ascension_mode":true,"campfire_choices":[{"data":"Footwork","floor":7.0,"key":"SMITH"},{"floor":10.0,"key":"REST"},{"data":"Noxious Fumes","floor":15.0,"key":"SMITH"},{"floor":24.0,"key":"REST"},{"floor":27.0,"key":"REST"},{"floor":32.0,"key":"REST"}],"neow_cost":"NONE","seed_source_timestamp":41747341056314,"circlet_count":0,"master_deck":["AscendersBane","Defend_G","Defend_G+1","Defend_G+1","Defend_G","Defend_G","Strike_G","Survivor","Neutralize+1","Sucker Punch+1","Footwork+1","Deadly Poison","Leg Sweep","Dagger Throw","Poisoned Stab","Bouncing Flask","Noxious Fumes+1","Venomology","Footwork","Bane+1","PiercingWail","Burst","Underhanded Strike+1","Reflex","Deflect","Dodge and Roll","Unload","Neutralize"],"special_seed":0,"relics":["Ring of the Snake","NeowsBlessing","StoneCalendar","Blood Vial","Tiny Chest","Velvet Choker","Letter Opener","Orichalcum","War Paint","Snake Skull","Regal Pillow","Bag of Preparation","Whetstone","Runic Pyramid"],"potions_floor_usage":[40],"damage_taken":[{"damage":0.0,"enemies":"Jaw Worm","floor":1.0,"turns":1.0},{"damage":0.0,"enemies":"Small Slimes","floor":2.0,"turns":1.0},{"damage":0.0,"enemies":"Lagavulin","floor":6.0,"turns":1.0},{"damage":0.0,"enemies":"Cultist","floor":11.0,"turns":4.0},{"damage":5.0,"enemies":"Exordium Wildlife","floor":12.0,"turns":5.0},{"damage":10.0,"enemies":"Large Slime","floor":13.0,"turns":5.0},{"damage":13.0,"enemies":"3 Sentries","floor":14.0,"turns":7.0},{"damage":16.0,"enemies":"Hexaghost","floor":16.0,"turns":8.0},{"damage":22.0,"enemies":"2 Thieves","floor":18.0,"turns":4.0},{"damage":8.0,"enemies":"Shell Parasite","floor":23.0,"turns":5.0},{"damage":26.0,"enemies":"Slavers","floor":25.0,"turns":7.0},{"damage":6.0,"enemies":"Centurion and Healer","floor":28.0,"turns":7.0},{"damage":17.0,"enemies":"Book of Stabbing","floor":29.0,"turns":6.0},{"damage":44.0,"enemies":"Automaton","floor":33.0,"turns":10.0},{"damage":0.0,"enemies":"Orb Walker","floor":35.0,"turns":4.0},{"damage":11.0,"enemies":"3 Darklings","floor":36.0,"turns":5.0},{"damage":4.0,"enemies":"Writhing Mass","floor":37.0,"turns":7.0},{"damage":64,"enemies":"Reptomancer","floor":40,"turns":3}],"seed_played":"-4805852163482177801","potions_obtained":[{"floor":1.0,"key":"Weak Potion"},{"floor":12.0,"key":"Explosive Potion"},{"floor":13.0,"key":"Explosive Potion"},{"floor":14.0,"key":"PowerPotion"},{"floor":18.0,"key":"GamblersBrew"},{"floor":23.0,"key":"GhostInAJar"},{"floor":28.0,"key":"PowerPotion"},{"floor":33.0,"key":"SpeedPotion"},{"floor":35.0,"key":"Fruit Juice"}],"is_trial":false,"path_per_floor":["M","M","$","?","?","E","R","?","T","R","M","M","M","E","R","B",null,"M","$","T","T","?","M","R","E","T","R","M","E","T","?","R","B",null,"M","M","M","?","?","E"],"character_chosen":"THE_SILENT","items_purchased":["Deadly Poison"],"campfire_rested":4,"item_purchase_floors":[3],"current_hp_per_floor":[59,59,59,48,48,48,48,39,39,58,60,57,49,38,38,24,56,36,36,36,36,36,30,49,25,25,59,55,40,40,40,66,22,55,62,53,51,51,51,0],"gold":301,"neow_bonus":"THREE_ENEMY_KILL","is_prod":false,"is_daily":false,"chose_seed":false,"campfire_upgraded":2,"win_rate":0,"timestamp":1548737842,"path_taken":["M","M","$","?","?","E","R","?","T","R","M","M","M","E","R","BOSS","M","$","?","?","?","M","R","E","T","R","M","E","?","?","R","BOSS","M","M","M","?","?","E"],"build_version":"2019-01-23","purchased_purges":2,"victory":false,"max_hp_per_floor":[66,66,66,66,66,66,66,66,66,66,66,66,66,66,66,66,66,66,66,66,66,66,66,66,66,66,66,66,66,66,66,66,66,66,71,71,71,71,71,71],"card_choices":[{"not_picked":["Infinite Blades","Choke"],"picked":"Sucker Punch","floor":1.0},{"not_picked":["Distraction","Underhanded Strike"],"picked":"Footwork","floor":2.0},{"not_picked":["Slice","Bane"],"picked":"Dagger Throw","floor":6.0},{"not_picked":["Flying Knee","Deflect"],"picked":"Poisoned Stab","floor":11.0},{"not_picked":["Poisoned Stab","Concentrate"],"picked":"Bouncing Flask","floor":12.0},{"not_picked":["Quick Slash","Blur"],"picked":"Noxious Fumes","floor":13.0},{"not_picked":["Bouncing Flask","Flechettes","Dagger Throw"],"picked":"SKIP","floor":14.0},{"not_picked":["Tools of the Trade","Bullet Time"],"picked":"Venomology","floor":16.0},{"not_picked":["Dagger Throw","Tactician","Eviscerate"],"picked":"SKIP","floor":18.0},{"not_picked":["Underhanded Strike","Setup+1"],"picked":"Footwork","floor":23.0},{"not_picked":["Glass Knife","Terror"],"picked":"Bane+1","floor":25.0},{"not_picked":["Reflex","Heel Hook","Blade Dance"],"picked":"SKIP","floor":28.0},{"not_picked":["Slice","Blur"],"picked":"PiercingWail","floor":29.0},{"not_picked":["Die Die Die","Phantasmal Killer"],"picked":"Burst","floor":33.0},{"not_picked":["Dagger Throw","PiercingWail"],"picked":"Underhanded Strike+1","floor":35.0},{"not_picked":["Deflect","PiercingWail"],"picked":"Reflex","floor":36.0},{"not_picked":["Poisoned Stab","A Thousand Cuts"],"picked":"Deflect","floor":37.0}],"player_experience":3122424,"relics_obtained":[{"floor":6.0,"key":"Blood Vial"},{"floor":14.0,"key":"Tiny Chest"},{"floor":20.0,"key":"Letter Opener"},{"floor":21.0,"key":"Orichalcum"},{"floor":25.0,"key":"Snake Skull"},{"floor":26.0,"key":"Regal Pillow"},{"floor":29.0,"key":"Bag of Preparation"},{"floor":30.0,"key":"Whetstone"}],"event_choices":[{"damage_healed":0.0,"max_hp_gain":0.0,"max_hp_loss":0.0,"gold_gain":0.0,"event_name":"Scrap Ooze","player_choice":"Success","floor":4.0,"gold_loss":0.0,"damage_taken":11.0,"relics_obtained":["StoneCalendar"]},{"damage_healed":0.0,"max_hp_gain":0.0,"max_hp_loss":0.0,"gold_gain":0.0,"cards_transformed":["Strike_G"],"event_name":"Living Wall","player_choice":"Change","floor":5.0,"gold_loss":0.0,"damage_taken":0.0,"cards_obtained":["Leg Sweep"]},{"damage_healed":0.0,"max_hp_gain":0.0,"max_hp_loss":0.0,"gold_gain":0.0,"event_name":"Wheel of Change","player_choice":"Damaged","floor":8.0,"gold_loss":0.0,"damage_taken":9.0},{"damage_healed":0.0,"max_hp_gain":0.0,"max_hp_loss":0.0,"gold_gain":0.0,"event_name":"Addict","player_choice":"Obtained Relic","floor":22.0,"gold_loss":85.0,"damage_taken":0.0,"relics_obtained":["War Paint"]},{"cards_removed":["Strike_G"],"damage_healed":0.0,"max_hp_gain":0.0,"max_hp_loss":0.0,"gold_gain":0.0,"event_name":"Beggar","player_choice":"Gave Gold","floor":31.0,"gold_loss":75.0,"damage_taken":0.0},{"damage_healed":0.0,"max_hp_gain":0.0,"max_hp_loss":0.0,"gold_gain":0.0,"event_name":"Mysterious Sphere","player_choice":"Ignored","floor":38.0,"gold_loss":0.0,"damage_taken":0.0},{"damage_healed":0,"gold_gain":0,"player_choice":"3 cards matched","damage_taken":0,"max_hp_gain":0,"max_hp_loss":0,"event_name":"Match and Keep!","floor":39,"gold_loss":0,"cards_obtained":["Dodge and Roll","Unload","Neutralize"]}],"is_beta":false,"boss_relics":[{"not_picked":["White Beast Statue","Busted Crown"],"picked":"Velvet Choker"},{"not_picked":["Tiny House","Calling Bell"],"picked":"Runic Pyramid"}],"items_purged_floors":[3,19],"is_endless":false,"potions_floor_spawned":[1,12,13,14,18,23,28,33,35,37],"killed_by":"Reptomancer","ascension_level":20}