{"gold_per_floor":[113,113,36,36,55,86,86,120,165,165,181,35,48,60,60,157,157,170,170,17,29,44,44,44,70,70,99,119,44,77,96,96,193,193,208,208,308,328,373,373],"floor_reached":40,"playtime":2295,"items_purged":["Regret"],"score":655,"play_id":"171f13c4-c6b3-4137-91c0-2c423d723ddc","local_time":"20190313125757","is_ascension_mode":true,"campfire_choices":[{"data":"Shockwave","floor":7,"key":"SMITH"},{"data":"Bash","floor":10,"key":"SMITH"},{"data":"Iron Wave","floor":15,"key":"SMITH"},{"floor":32,"key":"REST"}],"neow_cost":"NONE","seed_source_timestamp":818436642093706,"circlet_count":0,"master_deck":["Strike_R","Strike_R","Strike_R+1","Strike_R+1","Defend_R","Defend_R","Defend_R","Defend_R","Bash+1","Immolate+1","Shockwave+1","Offering","Iron Wave+1","True Grit","Power Through+1","Feed","Flame Barrier+1","Spot Weakness+1"],"relics":["Burning Blood","NeowsBlessing","Vajra","Bronze Scales","Thread and Needle","Potion Belt","Fusion Hammer","MutagenicStrength","Bag of Marbles","Nilry\u0027s Codex","Singing Bowl","Bottled Lightning","Whetstone","Bag of Preparation","Cursed Key","Ginger","Peace Pipe"],"potions_floor_usage":[8,16,16,27,28,33,33,39,40],"damage_taken":[{"damage":0,"enemies":"2 Louse","floor":1,"turns":1},{"damage":0,"enemies":"Jaw Worm","floor":5,"turns":1},{"damage":0,"enemies":"Lagavulin","floor":6,"turns":1},{"damage":20,"enemies":"Gremlin Nob","floor":8,"turns":3},{"damage":3,"enemies":"Cultist","floor":11,"turns":3},{"damage":8,"enemies":"Exordium Wildlife","floor":13,"turns":2},{"damage":0,"enemies":"2 Fungi Beasts","floor":14,"turns":3},{"damage":36,"enemies":"Hexaghost","floor":16,"turns":9},{"damage":12,"enemies":"Spheric Guardian","floor":18,"turns":4},{"damage":6,"enemies":"Shell Parasite","floor":21,"turns":4},{"damage":0,"enemies":"Snecko","floor":22,"turns":3},{"damage":6,"enemies":"Gremlin Leader","floor":25,"turns":5},{"damage":9,"enemies":"Slavers","floor":27,"turns":4},{"damage":4,"enemies":"Chosen and Byrds","floor":28,"turns":4},{"damage":8,"enemies":"Gremlin Leader","floor":30,"turns":3},{"damage":4,"enemies":"Snake Plant","floor":31,"turns":2},{"damage":75,"enemies":"Collector","floor":33,"turns":7},{"damage":7,"enemies":"3 Darklings","floor":35,"turns":3},{"damage":6,"enemies":"Mind Bloom Boss Battle","floor":37,"turns":6},{"damage":30,"enemies":"3 Shapes","floor":38,"turns":3},{"damage":11,"enemies":"2 Orb Walkers","floor":39,"turns":4},{"damage":70,"enemies":"Giant Head","floor":40,"turns":7}],"seed_played":"8799537243214852696","potions_obtained":[{"floor":6,"key":"PowerPotion"},{"floor":11,"key":"GamblersBrew"},{"floor":14,"key":"Block Potion"},{"floor":25,"key":"Poison Potion"},{"floor":27,"key":"LiquidBronze"},{"floor":31,"key":"Ancient Potion"},{"floor":37,"key":"LiquidBronze"},{"floor":38,"key":"BloodPotion"}],"is_trial":false,"path_per_floor":["M","?","$","?","M","E","R","E","T","R","M","$","M","M","R","B",null,"M","?","$","M","M","?","?","E","T","E","M","?","E","M","R","B",null,"M","?","?","M","?","E"],"character_chosen":"IRONCLAD","items_purchased":["Immolate","BloodPotion","Bag of Marbles"],"campfire_rested":1,"item_purchase_floors":[3,12,20],"current_hp_per_floor":[78,78,78,78,80,80,80,66,66,66,69,69,67,73,73,43,71,65,65,65,65,71,55,47,49,49,46,53,53,51,55,81,22,74,75,75,77,53,50,0],"gold":373,"neow_bonus":"THREE_ENEMY_KILL","is_prod":false,"is_daily":false,"chose_seed":false,"campfire_upgraded":3,"win_rate":0,"timestamp":1552496277,"path_taken":["M","?","$","?","?","E","R","E","T","R","M","$","M","M","R","BOSS","M","?","$","M","M","?","?","E","T","E","?","?","E","M","R","BOSS","M","?","?","M","?","E"],"build_version":"2019-01-23","purchased_purges":1,"victory":false,"max_hp_per_floor":[80,80,80,80,80,80,80,80,80,80,80,80,80,80,80,80,80,80,80,80,80,80,80,80,82,82,82,87,87,87,89,89,91,91,93,88,90,90,92,92],"card_choices":[{"not_picked":["Armaments","Clothesline","Body Slam"],"picked":"SKIP","floor":1},{"not_picked":["True Grit","Flex"],"picked":"Shockwave","floor":5},{"not_picked":["Rupture","Perfected Strike"],"picked":"Offering","floor":6},{"not_picked":["Wild Strike","Warcry","Flex"],"picked":"SKIP","floor":8},{"not_picked":["Havoc","Entrench"],"picked":"Iron Wave","floor":11},{"not_picked":["Pommel Strike","Flex"],"picked":"True Grit","floor":13},{"not_picked":["Body Slam","Rupture","Burning Pact"],"picked":"SKIP","floor":14},{"not_picked":["Twin Strike","Cleave","Feel No Pain"],"picked":"SKIP","floor":18},{"not_picked":["Feel No Pain+1","Searing Blow","Flex"],"picked":"SKIP","floor":21},{"not_picked":["Shockwave","Clash"],"picked":"Power Through+1","floor":22},{"not_picked":["Cleave","Anger+1","Flex"],"picked":"Singing Bowl","floor":25},{"not_picked":["Sword Boomerang","Flex"],"picked":"Feed","floor":27},{"not_picked":["Clash","Heavy Blade+1","Sentinel"],"picked":"Singing Bowl","floor":28},{"not_picked":["Searing Blow","Armaments+1"],"picked":"Flame Barrier+1","floor":30},{"not_picked":["True Grit+1","Clash","Shockwave+1"],"picked":"Singing Bowl","floor":31},{"not_picked":["Berserk","Impervious","Reaper"],"picked":"Singing Bowl","floor":33},{"not_picked":["Armaments","Thunderclap","Clash+1"],"picked":"Singing Bowl","floor":35},{"not_picked":["Pommel Strike","Shockwave","Cleave"],"picked":"Singing Bowl","floor":37},{"not_picked":["Cleave","Heavy Blade"],"picked":"Spot Weakness+1","floor":38},{"not_picked":["Armaments+1","Pummel","Clothesline+1"],"picked":"Singing Bowl","floor":39}],"player_experience":164382,"relics_obtained":[{"floor":6,"key":"Bronze Scales"},{"floor":8,"key":"Thread and Needle"},{"floor":9,"key":"Potion Belt"},{"floor":23,"key":"Nilry\u0027s Codex"},{"floor":25,"key":"Singing Bowl"},{"floor":26,"key":"Bottled Lightning"},{"floor":27,"key":"Whetstone"},{"floor":30,"key":"Bag of Preparation"},{"floor":37,"key":"Ginger"},{"floor":39,"key":"Peace Pipe"}],"event_choices":[{"damage_healed":0,"gold_gain":0,"player_choice":"Box","damage_taken":0,"relics_obtained":["Vajra"],"max_hp_gain":0,"max_hp_loss":0,"event_name":"Big Fish","floor":2,"gold_loss":0,"cards_obtained":["Regret"]},{"damage_healed":0,"gold_gain":0,"player_choice":"Upgraded","damage_taken":0,"max_hp_gain":0,"max_hp_loss":0,"event_name":"Upgrade Shrine","floor":4,"gold_loss":0,"cards_upgraded":["Immolate"]},{"damage_healed":0,"gold_gain":0,"player_choice":"Inject Mutagens","damage_taken":0,"relics_obtained":["MutagenicStrength"],"max_hp_gain":0,"max_hp_loss":0,"event_name":"Drug Dealer","floor":19,"gold_loss":0},{"damage_healed":0,"gold_gain":0,"player_choice":"Obtained Book","damage_taken":16,"max_hp_gain":0,"max_hp_loss":0,"event_name":"Cursed Tome","floor":23,"gold_loss":0},{"damage_healed":0,"gold_gain":0,"player_choice":"","damage_taken":8,"max_hp_gain":0,"max_hp_loss":0,"event_name":"Knowing Skull","floor":24,"potions_obtained":[],"gold_loss":0,"cards_obtained":[]},{"cards_removed":["Strike_R"],"damage_healed":0,"gold_gain":0,"player_choice":"Gave Gold","damage_taken":0,"max_hp_gain":0,"max_hp_loss":0,"event_name":"Beggar","floor":29,"gold_loss":75},{"damage_healed":0,"gold_gain":0,"player_choice":"Max HP","damage_taken":0,"max_hp_gain":0,"max_hp_loss":5,"event_name":"Winding Halls","floor":36,"gold_loss":0},{"damage_healed":0,"gold_gain":0,"player_choice":"Fight","damage_taken":0,"max_hp_gain":0,"max_hp_loss":0,"event_name":"MindBloom","floor":37,"gold_loss":0},{"damage_healed":0,"gold_gain":0,"player_choice":"Fight","damage_taken":0,"max_hp_gain":0,"max_hp_loss":0,"event_name":"Mysterious Sphere","floor":39,"gold_loss":0}],"is_beta":false,"boss_relics":[{"not_picked":["Busted Crown","Philosopher\u0027s Stone"],"picked":"Fusion Hammer"},{"not_picked":["Orrery","Runic Dome"],"picked":"Cursed Key"}],"items_purged_floors":[12],"is_endless":false,"potions_floor_spawned":[6,11,14,25,27,31,37,38],"killed_by":"Giant Head","ascension_level":6}