{"gold_per_floor":[118,118,118,31,46,46,79,79,79,92,105,119,119,159,159,254,254,277,62,62],"floor_reached":20,"playtime":2270,"items_purged":[],"score":404,"play_id":"6dc0a55b-b34e-4de0-ae72-3198688d507b","local_time":"20190110182253","is_ascension_mode":true,"campfire_choices":[{"data":"Armaments","floor":6.0,"key":"SMITH"},{"data":"Inflame","floor":13.0,"key":"SMITH"},{"data":"Uppercut","floor":15.0,"key":"SMITH"}],"neow_cost":"NONE","seed_source_timestamp":0,"circlet_count":0,"master_deck":["AscendersBane","Strike_R","Strike_R","Strike_R","Strike_R","Defend_R","Defend_R","Defend_R","Defend_R","Bash","Armaments+1","Shrug It Off","Juggernaut","Uppercut+1","Feel No Pain","Second Wind","Ghostly Armor","Shockwave+1","Inflame+1","Havoc+1","Feed","Discovery+1","Pommel Strike","Metallicize"],"special_seed":0,"relics":["Burning Blood","NeowsBlessing","Red Skull","Golden Idol","Toxic Egg 2","Regal Pillow","Philosopher\u0027s Stone"],"potions_floor_usage":[],"damage_taken":[{"damage":0.0,"enemies":"Cultist","floor":1.0,"turns":1.0},{"damage":0.0,"enemies":"Jaw Worm","floor":5.0,"turns":1.0},{"damage":0.0,"enemies":"3 Sentries","floor":7.0,"turns":2.0},{"damage":1.0,"enemies":"Small Slimes","floor":10.0,"turns":5.0},{"damage":1.0,"enemies":"3 Louse","floor":11.0,"turns":7.0},{"damage":4.0,"enemies":"Blue Slaver","floor":12.0,"turns":6.0},{"damage":6.0,"enemies":"Gremlin Nob","floor":14.0,"turns":3.0},{"damage":32.0,"enemies":"Hexaghost","floor":16.0,"turns":11.0},{"damage":29.0,"enemies":"2 Thieves","floor":18.0,"turns":5.0}],"seed_played":"-3907847117632839185","potions_obtained":[{"floor":1.0,"key":"Poison Potion"},{"floor":10.0,"key":"Swift Potion"},{"floor":12.0,"key":"AttackPotion"}],"is_trial":false,"path_per_floor":["M","?","?","$","M","R","E","?","T","M","M","M","R","E","R","B",null,"M","$","?"],"character_chosen":"IRONCLAD","items_purchased":["Feel No Pain","Discovery+1","Pommel Strike","Metallicize"],"campfire_rested":0,"item_purchase_floors":[4,19,19,19],"current_hp_per_floor":[74,67,67,67,73,73,75,68,68,68,68,68,68,68,68,42,62,39,39,39],"gold":62,"neow_bonus":"THREE_ENEMY_KILL","is_prod":false,"is_daily":false,"chose_seed":false,"campfire_upgraded":3,"win_rate":0,"timestamp":1547162573,"path_taken":["M","?","?","$","?","R","E","?","T","M","M","M","R","E","R","BOSS","M","$","?"],"build_version":"2019-01-03v4","purchased_purges":0,"victory":false,"max_hp_per_floor":[75,75,75,75,75,75,75,68,68,68,68,68,68,68,68,68,68,68,68,68],"card_choices":[{"not_picked":["Blood for Blood","Iron Wave"],"picked":"Armaments","floor":1.0},{"not_picked":["Perfected Strike","Body Slam"],"picked":"Second Wind","floor":5.0},{"not_picked":["Uppercut","Thunderclap"],"picked":"Ghostly Armor","floor":7.0},{"not_picked":["Clothesline","Warcry+1"],"picked":"Shockwave+1","floor":10.0},{"not_picked":["Flex+1","Sentinel+1","Fire Breathing"],"picked":"SKIP","floor":11.0},{"not_picked":["Evolve","Twin Strike"],"picked":"Inflame","floor":12.0},{"not_picked":["Sword Boomerang","Dropkick"],"picked":"Havoc+1","floor":14.0},{"not_picked":["Fiend Fire","Bludgeon"],"picked":"Feed","floor":16.0},{"not_picked":["Dual Wield+1","Shockwave+1","Perfected Strike"],"picked":"SKIP","floor":18.0}],"player_experience":2863046,"relics_obtained":[{"floor":7.0,"key":"Red Skull"},{"floor":9.0,"key":"Toxic Egg 2"},{"floor":14.0,"key":"Regal Pillow"}],"event_choices":[{"cards_removed":["Strike_R"],"damage_healed":0.0,"max_hp_gain":0.0,"max_hp_loss":0.0,"gold_gain":0.0,"event_name":"Golden Wing","player_choice":"Card Removal","floor":2.0,"gold_loss":0.0,"damage_taken":7.0},{"damage_healed":0.0,"max_hp_gain":0.0,"max_hp_loss":0.0,"gold_gain":0.0,"event_name":"Match and Keep!","player_choice":"3 cards matched","floor":3.0,"gold_loss":0.0,"damage_taken":0.0,"cards_obtained":["Shrug It Off","Juggernaut","Uppercut"]},{"damage_healed":0.0,"max_hp_gain":0.0,"max_hp_loss":7.0,"gold_gain":0.0,"event_name":"Golden Idol","player_choice":"Lose Max HP","floor":8.0,"gold_loss":0.0,"damage_taken":0.0,"relics_obtained":["Golden Idol"]}],"is_beta":false,"boss_relics":[{"not_picked":["Runic Dome","Fusion Hammer"],"picked":"Philosopher\u0027s Stone"}],"items_purged_floors":[],"is_endless":false,"potions_floor_spawned":[1,10,12],"ascension_level":19}