{"gold_per_floor":[369,387,403,403,24,24,34,34,34,61,81,98,98,9,9,85,85,96,96,96,22,36,36,66,66,89,89,4,24,49,68,68,68],"floor_reached":33,"playtime":3334,"items_purged":[],"score":555,"play_id":"44455157-951c-44a3-a019-8afde291223c","local_time":"20190205195409","is_ascension_mode":true,"campfire_choices":[{"data":"Chrysalis","floor":6.0,"key":"SMITH"},{"data":"Caltrops","floor":8.0,"key":"SMITH"},{"floor":15.0,"key":"REST"},{"data":"Wraith Form v2","floor":23.0,"key":"SMITH"},{"floor":25.0,"key":"REST"},{"data":"Venomology","floor":32.0,"key":"SMITH"}],"neow_cost":"TEN_PERCENT_HP_LOSS","seed_source_timestamp":11597479942151,"circlet_count":0,"master_deck":["AscendersBane","Defend_G","Defend_G","Defend_G","Defend_G","Defend_G","Survivor","Neutralize","Dagger Throw","Backstab","Cloak And Dagger","Backstab","Neutralize","Chrysalis+1","Caltrops+1","All Out Attack","Dagger Spray","Dodge and Roll","Cloak And Dagger","Good Instincts","Wraith Form v2+1","Ghostly","Ghostly","Ghostly","Footwork","Bite","Bite","Bite","Bite","Bite","Venomology+1"],"special_seed":0,"relics":["Ring of the Snake","Bottled Tornado","Darkstone Periapt","Ginger","Velvet Choker","Anchor","Juzu Bracelet","Happy Flower","Snake Skull"],"potions_floor_usage":[33,33],"damage_taken":[{"damage":5.0,"enemies":"Cultist","floor":1.0,"turns":4.0},{"damage":1.0,"enemies":"2 Louse","floor":2.0,"turns":2.0},{"damage":7.0,"enemies":"Jaw Worm","floor":3.0,"turns":4.0},{"damage":0.0,"enemies":"2 Fungi Beasts","floor":7.0,"turns":2.0},{"damage":24.0,"enemies":"Lagavulin","floor":10.0,"turns":7.0},{"damage":0.0,"enemies":"3 Louse","floor":11.0,"turns":2.0},{"damage":2.0,"enemies":"Large Slime","floor":12.0,"turns":4.0},{"damage":27.0,"enemies":"Hexaghost","floor":16.0,"turns":9.0},{"damage":13.0,"enemies":"Spheric Guardian","floor":18.0,"turns":5.0},{"damage":0.0,"enemies":"2 Thieves","floor":22.0,"turns":4.0},{"damage":24.0,"enemies":"Book of Stabbing","floor":24.0,"turns":6.0},{"damage":0.0,"enemies":"Snake Plant","floor":29.0,"turns":4.0},{"damage":7.0,"enemies":"Centurion and Healer","floor":31.0,"turns":11.0},{"damage":35,"enemies":"Automaton","floor":33,"turns":10}],"seed_played":"-6126842795100389416","potions_obtained":[{"floor":1.0,"key":"LiquidBronze"},{"floor":7.0,"key":"SkillPotion"},{"floor":11.0,"key":"GamblersBrew"},{"floor":22.0,"key":"PowerPotion"},{"floor":31.0,"key":"LiquidBronze"}],"is_trial":false,"path_per_floor":["M","M","M","?","$","R","M","R","T","E","M","M","?","$","R","B",null,"M","?","?","$","M","R","E","R","T","?","?","M","T","M","R","B"],"character_chosen":"THE_SILENT","items_purchased":["Chrysalis","Caltrops","All Out Attack","Good Instincts","Footwork"],"campfire_rested":2,"item_purchase_floors":[5,5,5,14,21],"current_hp_per_floor":[54,53,46,46,46,46,46,46,46,22,22,20,20,20,38,11,48,35,35,30,30,30,30,6,15,15,15,15,21,21,21,21,0],"gold":68,"neow_bonus":"TWO_FIFTY_GOLD","is_prod":false,"is_daily":false,"chose_seed":false,"campfire_upgraded":4,"win_rate":0,"timestamp":1549414449,"path_taken":["M","M","M","?","$","R","M","R","T","E","?","M","?","$","R","BOSS","M","?","?","$","M","R","E","R","T","?","?","M","?","M","R","BOSS"],"build_version":"2019-01-23","purchased_purges":0,"victory":false,"max_hp_per_floor":[60,60,60,60,60,60,60,60,60,60,60,60,60,60,60,60,60,60,60,30,30,30,30,30,30,30,21,21,21,21,21,21,21],"card_choices":[{"not_picked":["Distraction","Blade Dance"],"picked":"Dagger Throw","floor":1.0},{"not_picked":["Sucker Punch","Skewer"],"picked":"Backstab","floor":2.0},{"not_picked":["Dagger Spray","Acrobatics"],"picked":"Cloak And Dagger","floor":3.0},{"not_picked":["Underhanded Strike","Bane"],"picked":"Dagger Spray","floor":7.0},{"not_picked":["Outmaneuver","Masterful Stab"],"picked":"Dodge and Roll","floor":10.0},{"not_picked":["Blade Dance","Bullet Time","Quick Slash"],"picked":"SKIP","floor":11.0},{"not_picked":["Reflex","Outmaneuver"],"picked":"Cloak And Dagger","floor":12.0},{"not_picked":["Doppelganger","Storm of Steel"],"picked":"Wraith Form v2","floor":16.0},{"not_picked":["Cloak And Dagger","Prepared+1","Slice"],"picked":"SKIP","floor":18.0},{"not_picked":["Sucker Punch+1","Dagger Throw+1","Reflex"],"picked":"SKIP","floor":22.0},{"not_picked":["Predator","Reflex","Caltrops+1"],"picked":"SKIP","floor":24.0},{"not_picked":["Calculated Gamble+1","Catalyst"],"picked":"Venomology","floor":29.0},{"not_picked":["Bane","Underhanded Strike","Blade Dance"],"picked":"SKIP","floor":31.0}],"player_experience":3197862,"relics_obtained":[{"floor":9.0,"key":"Bottled Tornado"},{"floor":10.0,"key":"Darkstone Periapt"},{"floor":24.0,"key":"Anchor"},{"floor":26.0,"key":"Juzu Bracelet"},{"floor":30.0,"key":"Snake Skull"}],"event_choices":[{"damage_healed":0.0,"max_hp_gain":0.0,"max_hp_loss":0.0,"gold_gain":0.0,"event_name":"Match and Keep!","player_choice":"2 cards matched","floor":4.0,"gold_loss":0.0,"damage_taken":0.0,"cards_obtained":["Backstab","Neutralize"]},{"damage_healed":0.0,"max_hp_gain":0.0,"max_hp_loss":0.0,"gold_gain":0.0,"event_name":"Dead Adventurer","player_choice":"Searched \u00271\u0027 times","floor":13.0,"gold_loss":0.0,"damage_taken":0.0,"relics_obtained":["Ginger"]},{"damage_healed":0.0,"max_hp_gain":0.0,"max_hp_loss":0.0,"gold_gain":0.0,"event_name":"Cursed Tome","player_choice":"Ignored","floor":19.0,"gold_loss":0.0,"damage_taken":0.0},{"damage_healed":0.0,"max_hp_gain":0.0,"max_hp_loss":30.0,"gold_gain":0.0,"event_name":"Ghosts","player_choice":"Became a Ghost","floor":20.0,"gold_loss":0.0,"damage_taken":0.0,"cards_obtained":["Ghostly","Ghostly","Ghostly"]},{"damage_healed":0.0,"max_hp_gain":0.0,"max_hp_loss":9.0,"gold_gain":0.0,"event_name":"Vampires","player_choice":"Became a vampire","floor":27.0,"gold_loss":0.0,"damage_taken":0.0,"cards_obtained":["Bite","Bite","Bite","Bite","Bite"]},{"damage_healed":0.0,"max_hp_gain":0.0,"max_hp_loss":0.0,"gold_gain":0.0,"event_name":"Addict","player_choice":"Obtained Relic","floor":28.0,"gold_loss":85.0,"damage_taken":0.0,"relics_obtained":["Happy Flower"]}],"is_beta":false,"boss_relics":[{"not_picked":["Lizard Tail","Tiny House"],"picked":"Velvet Choker"}],"items_purged_floors":[],"is_endless":false,"potions_floor_spawned":[1,7,11,22,31],"killed_by":"Automaton","ascension_level":20}