{"gold_per_floor":[365,382,382,57,69,69,11,11,36,69,69,69,69,100,100,176,176,187,202,202,242,242],"floor_reached":22,"playtime":3148,"items_purged":[],"score":399,"play_id":"952f08d9-c527-42a0-b200-3fce7ae5be4d","local_time":"20190115004355","is_ascension_mode":true,"campfire_choices":[{"data":"Magnetism","floor":6.0,"key":"SMITH"},{"data":"Noxious Fumes","floor":8.0,"key":"SMITH"},{"data":"Leg Sweep","floor":11.0,"key":"SMITH"},{"floor":13.0,"key":"REST"},{"floor":15.0,"key":"REST"}],"neow_cost":"TEN_PERCENT_HP_LOSS","seed_source_timestamp":0,"circlet_count":0,"master_deck":["AscendersBane","Defend_G","Defend_G","Defend_G","Defend_G","Survivor","Neutralize","Infinite Blades","Cloak And Dagger","Noxious Fumes+1","Leg Sweep+1","Magnetism+1","Quick Slash","Bane","PiercingWail","Dagger Spray","Corpse Explosion","Pain","Backflip","Caltrops","Bite","Bite","Bite","Bite","Bite","Backflip"],"special_seed":0,"relics":["Ring of the Snake","Art of War","Bag of Preparation","Happy Flower","Omamori","Calling Bell","Potion Belt","Darkstone Periapt","Pocketwatch"],"potions_floor_usage":[22],"damage_taken":[{"damage":4.0,"enemies":"Jaw Worm","floor":1.0,"turns":6.0},{"damage":6.0,"enemies":"Small Slimes","floor":2.0,"turns":4.0},{"damage":0.0,"enemies":"2 Louse","floor":5.0,"turns":2.0},{"damage":9.0,"enemies":"Lagavulin","floor":10.0,"turns":7.0},{"damage":9.0,"enemies":"3 Sentries","floor":14.0,"turns":5.0},{"damage":36.0,"enemies":"Slime Boss","floor":16.0,"turns":9.0},{"damage":17.0,"enemies":"Shell Parasite","floor":18.0,"turns":6.0},{"damage":8.0,"enemies":"Chosen","floor":19.0,"turns":5.0},{"damage":22.0,"enemies":"Snecko","floor":21.0,"turns":9.0},{"damage":16,"enemies":"Sentry and Sphere","floor":22,"turns":6}],"seed_played":"-7355148857292625994","potions_obtained":[{"floor":2.0,"key":"Explosive Potion"},{"floor":10.0,"key":"Ancient Potion"},{"floor":16.0,"key":"Fire Potion"},{"floor":21.0,"key":"Dexterity Potion"}],"is_trial":false,"path_per_floor":["M","M","?","$","M","R","$","R","T","E","R","?","R","E","R","B",null,"M","M","?","M","M"],"character_chosen":"THE_SILENT","items_purchased":["Noxious Fumes","Leg Sweep","Magnetism","Bane"],"campfire_rested":2,"item_purchase_floors":[4,4,4,7],"current_hp_per_floor":[55,49,42,42,42,42,42,42,42,33,33,22,40,31,49,13,48,31,23,23,15,3],"gold":242,"neow_bonus":"TWO_FIFTY_GOLD","is_prod":false,"is_daily":false,"chose_seed":false,"campfire_upgraded":3,"win_rate":0,"timestamp":1547531035,"path_taken":["M","M","?","$","M","R","$","R","T","E","R","?","R","E","R","BOSS","M","M","?","M","M"],"build_version":"2019-01-10","purchased_purges":0,"victory":false,"max_hp_per_floor":[60,60,60,60,60,60,60,60,60,60,60,60,60,60,60,60,60,60,60,42,42,42],"card_choices":[{"not_picked":["Deflect","Slice"],"picked":"Infinite Blades","floor":1.0},{"not_picked":["Poisoned Stab","Accuracy"],"picked":"Cloak And Dagger","floor":2.0},{"not_picked":["All Out Attack","Heel Hook"],"picked":"Quick Slash","floor":5.0},{"not_picked":["Choke","Infinite Blades"],"picked":"PiercingWail","floor":10.0},{"not_picked":["Concentrate","Acrobatics"],"picked":"Dagger Spray","floor":14.0},{"not_picked":["Burst","After Image"],"picked":"Corpse Explosion","floor":16.0},{"not_picked":["Poisoned Stab","Deflect"],"picked":"Backflip","floor":18.0},{"not_picked":["Heel Hook","Masterful Stab"],"picked":"Caltrops","floor":19.0},{"not_picked":["Tactician+1","Acrobatics"],"picked":"Backflip","floor":21.0}],"player_experience":2911027,"relics_obtained":[{"floor":9.0,"key":"Art of War"},{"floor":10.0,"key":"Bag of Preparation"},{"floor":14.0,"key":"Omamori"},{"floor":17.0,"key":"Potion Belt"},{"floor":17.0,"key":"Darkstone Periapt"},{"floor":17.0,"key":"Pocketwatch"}],"event_choices":[{"cards_removed":["Defend_G"],"damage_healed":0.0,"max_hp_gain":0.0,"max_hp_loss":0.0,"gold_gain":0.0,"event_name":"Golden Wing","player_choice":"Card Removal","floor":3.0,"gold_loss":0.0,"damage_taken":7.0},{"damage_healed":0.0,"max_hp_gain":0.0,"max_hp_loss":0.0,"gold_gain":0.0,"event_name":"Scrap Ooze","player_choice":"Success","floor":12.0,"gold_loss":0.0,"damage_taken":11.0,"relics_obtained":["Happy Flower"]},{"damage_healed":0.0,"max_hp_gain":0.0,"max_hp_loss":18.0,"gold_gain":0.0,"event_name":"Vampires","player_choice":"Became a vampire","floor":20.0,"gold_loss":0.0,"damage_taken":0.0,"cards_obtained":["Bite","Bite","Bite","Bite","Bite"]}],"is_beta":false,"boss_relics":[{"not_picked":["Lizard Tail","Runic Dome"],"picked":"Calling Bell"}],"items_purged_floors":[],"is_endless":false,"potions_floor_spawned":[2,10,16,21],"killed_by":"Sentry and Sphere","ascension_level":19}