{"gold_per_floor":[118,131,151,23,34,65,65,77,146,146,146,146,171,171,171,246,246,258,269,269,88,106,106],"floor_reached":23,"playtime":822,"items_purged":["Strike_B","Strike_B"],"score":402,"play_id":"715af403-eeeb-461f-b64b-46d57adb254b","local_time":"20190325123705","is_ascension_mode":true,"campfire_choices":[{"data":"Zap","floor":7,"key":"SMITH"},{"data":"Defragment","floor":10,"key":"SMITH"},{"floor":12,"key":"REST"},{"floor":15,"key":"REST"}],"neow_cost":"NONE","seed_source_timestamp":436740939523378,"circlet_count":0,"master_deck":["AscendersBane","Strike_B","Strike_B","Defend_B+1","Defend_B","Defend_B","Defend_B","Zap+1","Dualcast+1","Ball Lightning","Coolheaded","Ball Lightning","Auto Shields","Cold Snap","Defragment+1","Reinforced Body+1","Thunder Strike","Glacier+1","Defragment","Redo"],"relics":["FrozenCore","Bottled Lightning","Meat on the Bone","Peace Pipe"],"potions_floor_usage":[6,6,16,19,22,23,23],"damage_taken":[{"damage":4,"enemies":"Jaw Worm","floor":1,"turns":4},{"damage":1,"enemies":"Small Slimes","floor":2,"turns":3},{"damage":0,"enemies":"2 Louse","floor":3,"turns":3},{"damage":19,"enemies":"Exordium Thugs","floor":5,"turns":5},{"damage":6,"enemies":"Gremlin Nob","floor":6,"turns":3},{"damage":9,"enemies":"Looter","floor":8,"turns":3},{"damage":7,"enemies":"Lagavulin","floor":13,"turns":6},{"damage":4,"enemies":"The Guardian","floor":16,"turns":11},{"damage":15,"enemies":"Shell Parasite","floor":18,"turns":7},{"damage":6,"enemies":"3 Byrds","floor":19,"turns":6},{"damage":40,"enemies":"3 Cultists","floor":22,"turns":8},{"damage":32,"enemies":"Slavers","floor":23,"turns":2}],"seed_played":"345846512340660071","potions_obtained":[{"floor":2,"key":"Swift Potion"},{"floor":13,"key":"Swift Potion"},{"floor":16,"key":"Regen Potion"},{"floor":18,"key":"Ancient Potion"},{"floor":22,"key":"SkillPotion"}],"is_trial":false,"path_per_floor":["M","M","M","$","M","E","R","M","T","R","?","R","E","?","R","B",null,"M","M","?","$","M","E"],"character_chosen":"DEFECT","items_purchased":["PowerPotion","Redo","Block Potion"],"campfire_rested":2,"item_purchase_floors":[4,21,21],"current_hp_per_floor":[60,59,59,59,40,34,34,25,25,25,4,25,30,30,51,47,65,50,59,59,59,31,0],"gold":106,"neow_bonus":"THREE_CARDS","is_prod":false,"is_daily":false,"chose_seed":false,"campfire_upgraded":2,"win_rate":0,"timestamp":1553513825,"path_taken":["M","M","M","$","M","E","R","M","T","R","?","R","E","?","R","BOSS","M","M","?","$","M","E"],"build_version":"2019-01-23","purchased_purges":2,"victory":false,"max_hp_per_floor":[71,71,71,71,71,71,71,71,71,71,71,71,71,71,71,71,71,71,71,71,71,71,71],"card_choices":[{"not_picked":["Doom and Gloom","Blizzard"],"picked":"Ball Lightning","floor":0},{"not_picked":["Beam Cell","Barrage"],"picked":"Coolheaded","floor":1},{"not_picked":["Redo","Barrage"],"picked":"Ball Lightning","floor":2},{"not_picked":["Ball Lightning","Sweeping Beam"],"picked":"Auto Shields","floor":3},{"not_picked":["Amplify","Leap"],"picked":"Cold Snap","floor":5},{"not_picked":["Darkness","Go for the Eyes","Stack"],"picked":"SKIP","floor":6},{"not_picked":["Aggregate","Ball Lightning"],"picked":"Defragment","floor":8},{"not_picked":["Conserve Battery","Steam"],"picked":"Reinforced Body","floor":13},{"not_picked":["All For One","Meteor Strike"],"picked":"Thunder Strike","floor":16},{"not_picked":["Hologram","Conserve Battery"],"picked":"Glacier+1","floor":18},{"not_picked":["Streamline","Compile Driver"],"picked":"Defragment","floor":19},{"not_picked":["Ball Lightning","Compile Driver","Gash+1"],"picked":"SKIP","floor":22}],"player_experience":1114017,"relics_obtained":[{"floor":6,"key":"Bottled Lightning"},{"floor":9,"key":"Meat on the Bone"},{"floor":13,"key":"Peace Pipe"}],"event_choices":[{"damage_healed":0,"gold_gain":0,"player_choice":"Entered Light","damage_taken":21,"max_hp_gain":0,"max_hp_loss":0,"event_name":"Shining Light","floor":11,"gold_loss":0,"cards_upgraded":["Dualcast","Defend_B"]},{"damage_healed":0,"gold_gain":0,"player_choice":"Grow","damage_taken":0,"max_hp_gain":0,"max_hp_loss":0,"event_name":"Living Wall","floor":14,"gold_loss":0,"cards_upgraded":["Reinforced Body"]},{"damage_healed":0,"gold_gain":0,"player_choice":"Ignored","damage_taken":0,"max_hp_gain":0,"max_hp_loss":0,"event_name":"Ghosts","floor":20,"gold_loss":0}],"is_beta":false,"boss_relics":[{"not_picked":["Runic Dome","Empty Cage"],"picked":"FrozenCore"}],"items_purged_floors":[4,21],"is_endless":false,"potions_floor_spawned":[2,13,16,18,22],"killed_by":"Slavers","ascension_level":20}