{"gold_per_floor":[361,39,49,62,78,106,106,118,118,145,145,59,75,55,55,131,131,151,66,15,15,29,57,57,57,105,8,8,8],"floor_reached":29,"playtime":2623,"items_purged":[],"score":502,"play_id":"4e922355-2a8b-4dfb-a1e8-62de53edb24e","local_time":"20190204205317","is_ascension_mode":true,"campfire_choices":[{"floor":7.0,"key":"REST"},{"floor":11.0,"key":"REST"},{"data":"Footwork","floor":15.0,"key":"SMITH"},{"floor":25,"key":"REST"},{"floor":28,"key":"REST"}],"neow_cost":"PERCENT_DAMAGE","seed_source_timestamp":636957821816200,"circlet_count":0,"master_deck":["AscendersBane","Defend_G+1","Defend_G+1","Defend_G+1","Defend_G+1","Defend_G+1","Strike_G+1","Strike_G+1","Strike_G+1","Survivor","Neutralize","Dash","Sucker Punch","Bouncing Flask","Cloak And Dagger","Deadly Poison","Wraith Form v2","Backflip","Dagger Spray","Footwork+1","Deflect","Die Die Die","Deflect+1","Backflip","Catalyst","Deadly Poison","Noxious Fumes","Cloak And Dagger"],"special_seed":0,"relics":["Ring of the Snake","Question Card","Bird Faced Urn","Pantograph","Darkstone Periapt","Empty Cage","Bag of Preparation","Tingsha","Orichalcum"],"potions_floor_usage":[23,23],"damage_taken":[{"damage":0.0,"enemies":"Cultist","floor":1.0,"turns":4.0},{"damage":2.0,"enemies":"Small Slimes","floor":3.0,"turns":4.0},{"damage":0.0,"enemies":"Jaw Worm","floor":4.0,"turns":3.0},{"damage":1.0,"enemies":"Blue Slaver","floor":5.0,"turns":5.0},{"damage":21.0,"enemies":"Lagavulin","floor":6.0,"turns":6.0},{"damage":1.0,"enemies":"Exordium Wildlife","floor":8.0,"turns":6.0},{"damage":26.0,"enemies":"3 Sentries","floor":10.0,"turns":9.0},{"damage":0.0,"enemies":"3 Louse","floor":13.0,"turns":3.0},{"damage":36.0,"enemies":"The Guardian","floor":16.0,"turns":11.0},{"damage":22.0,"enemies":"3 Byrds","floor":18.0,"turns":7.0},{"damage":12.0,"enemies":"Spheric Guardian","floor":22.0,"turns":8.0},{"damage":22,"enemies":"Book of Stabbing","floor":23,"turns":7},{"damage":63,"enemies":"3 Cultists","floor":29,"turns":5}],"seed_played":"-1808130833651865334","potions_obtained":[{"floor":1.0,"key":"PowerPotion"},{"floor":4.0,"key":"LiquidBronze"},{"floor":13.0,"key":"Regen Potion"},{"floor":14.0,"key":"FearPotion"},{"floor":16.0,"key":"GhostInAJar"}],"is_trial":false,"path_per_floor":["M","$","M","M","M","E","R","M","T","E","R","$","M","?","R","B",null,"M","?","$","?","M","E","$","R","T","$","R","M"],"character_chosen":"THE_SILENT","items_purchased":["Question Card","Sucker Punch","Footwork","Backflip","Noxious Fumes","Cloak And Dagger"],"campfire_rested":4,"item_purchase_floors":[2,2,12,20,27,27],"current_hp_per_floor":[44,44,42,42,41,20,39,40,40,14,33,33,35,35,35,41,60,40,40,40,40,30,10,10,29,29,29,48,0],"gold":8,"neow_bonus":"TWO_FIFTY_GOLD","is_prod":false,"is_daily":false,"chose_seed":false,"campfire_upgraded":1,"win_rate":0,"timestamp":1549331597,"path_taken":["M","$","?","M","M","E","R","M","T","E","R","$","M","?","R","BOSS","M","?","$","?","M","E","$","R","T","?","R","M"],"build_version":"2019-01-23","purchased_purges":0,"victory":false,"max_hp_per_floor":[66,66,66,66,66,66,66,66,66,66,66,66,66,66,66,66,66,66,66,66,66,66,66,66,66,66,66,66,66],"card_choices":[{"not_picked":["Deflect","PiercingWail"],"picked":"Dash","floor":1.0},{"not_picked":["Prepared","Dagger Spray","Outmaneuver"],"picked":"Bouncing Flask","floor":3.0},{"not_picked":["Skewer","Blade Dance","Poisoned Stab"],"picked":"Cloak And Dagger","floor":4.0},{"not_picked":["Accuracy","Heel Hook","Blade Dance"],"picked":"Deadly Poison","floor":5.0},{"not_picked":["Blade Dance","Sucker Punch","Cloak And Dagger"],"picked":"Wraith Form v2","floor":6.0},{"not_picked":["PiercingWail","Dagger Spray","Glass Knife"],"picked":"Backflip","floor":8.0},{"not_picked":["Prepared","Cloak And Dagger","Endless Agony"],"picked":"Dagger Spray","floor":10.0},{"not_picked":["Prepared","Leg Sweep","Slice"],"picked":"Deflect","floor":13.0},{"not_picked":["Unload","Burst","Phantasmal Killer"],"picked":"Die Die Die","floor":16.0},{"not_picked":["Bane","Outmaneuver","Prepared"],"picked":"Deflect+1","floor":18.0},{"not_picked":["Quick Slash","PiercingWail+1","Backflip"],"picked":"Catalyst","floor":22.0},{"not_picked":["Phantasmal Killer","Underhanded Strike","Distraction"],"picked":"Deadly Poison","floor":23}],"player_experience":3189943,"relics_obtained":[{"floor":6.0,"key":"Bird Faced Urn"},{"floor":9.0,"key":"Pantograph"},{"floor":10.0,"key":"Darkstone Periapt"},{"floor":23,"key":"Tingsha"},{"floor":26,"key":"Orichalcum"}],"event_choices":[{"damage_healed":0.0,"max_hp_gain":0.0,"max_hp_loss":0.0,"gold_gain":0.0,"event_name":"The Woman in Blue","player_choice":"Bought 1 Potion","floor":14.0,"gold_loss":0.0,"damage_taken":0.0},{"damage_healed":0.0,"max_hp_gain":0.0,"max_hp_loss":0.0,"gold_gain":0.0,"event_name":"Addict","player_choice":"Obtained Relic","floor":19.0,"gold_loss":85.0,"damage_taken":0.0,"relics_obtained":["Bag of Preparation"]},{"damage_healed":0.0,"max_hp_gain":0.0,"max_hp_loss":0.0,"gold_gain":0.0,"event_name":"Back to Basics","player_choice":"Simplicity","floor":21.0,"gold_loss":0.0,"damage_taken":0.0,"cards_upgraded":["Defend_G","Defend_G","Defend_G","Defend_G","Defend_G","Strike_G","Strike_G","Strike_G"]}],"is_beta":false,"boss_relics":[{"not_picked":["Tiny House","White Beast Statue"],"picked":"Empty Cage"}],"items_purged_floors":[],"is_endless":false,"potions_floor_spawned":[1,4,13,16],"killed_by":"3 Cultists","ascension_level":20}