{"gold_per_floor":[16,29,48,60,60,60,75,35,35,35,11,29,52,67,67,167,167,177,177,28,43,43,43,73,73,141,141,156,173,204,119,119,119],"floor_reached":33,"playtime":1869,"items_purged":[],"score":357,"play_id":"e4c66c07-18e8-4716-8d75-72d66439a372","local_time":"20190311125251","is_ascension_mode":true,"campfire_choices":[{"data":"Anger","floor":6,"key":"SMITH"},{"data":"Shrug It Off","floor":15,"key":"SMITH"},{"data":"Shrug It Off","floor":23,"key":"SMITH"},{"floor":27,"key":"REST"},{"floor":32,"key":"REST"}],"neow_cost":"NO_GOLD","seed_source_timestamp":757936526362734,"circlet_count":0,"master_deck":["Strike_R","Strike_R","Defend_R","Defend_R","Defend_R","Defend_R","Bash","Spot Weakness","Anger+1","Combust+1","Shockwave","Shrug It Off+1","Iron Wave","Demon Form","Heavy Blade+1","Shrug It Off+1","Flex","Decay","Shrug It Off"],"relics":["Burning Blood","Darkstone Periapt","Odd Mushroom","Runic Cube","Nilry\u0027s Codex","Matryoshka","Regal Pillow","Pear","Dodecahedron","Question Card"],"potions_floor_usage":[2,12,14,16,21,24,33],"damage_taken":[{"damage":3,"enemies":"Jaw Worm","floor":1,"turns":5},{"damage":0,"enemies":"Small Slimes","floor":2,"turns":3},{"damage":4,"enemies":"2 Louse","floor":3,"turns":4},{"damage":30,"enemies":"Lots of Slimes","floor":4,"turns":4},{"damage":5,"enemies":"2 Fungi Beasts","floor":7,"turns":3},{"damage":6,"enemies":"Blue Slaver","floor":12,"turns":4},{"damage":15,"enemies":"The Mushroom Lair","floor":13,"turns":4},{"damage":8,"enemies":"Gremlin Gang","floor":14,"turns":3},{"damage":22,"enemies":"The Guardian","floor":16,"turns":7},{"damage":14,"enemies":"Spheric Guardian","floor":18,"turns":4},{"damage":6,"enemies":"Shell Parasite","floor":21,"turns":4},{"damage":47,"enemies":"Gremlin Leader","floor":24,"turns":8},{"damage":13,"enemies":"Snake Plant","floor":28,"turns":3},{"damage":13,"enemies":"Sentry and Sphere","floor":29,"turns":6},{"damage":38,"enemies":"Slavers","floor":30,"turns":6},{"damage":93,"enemies":"Champ","floor":33,"turns":9}],"seed_played":"5187417900242179284","potions_obtained":[{"floor":1,"key":"Fruit Juice"},{"floor":4,"key":"Weak Potion"},{"floor":13,"key":"LiquidBronze"},{"floor":14,"key":"Swift Potion"},{"floor":21,"key":"SteroidPotion"},{"floor":30,"key":"Weak Potion"}],"is_trial":false,"path_per_floor":["M","M","M","M","?","R","M","$","T","?","$","M","?","M","R","B",null,"M","?","$","M","?","R","E","?","T","R","M","M","E","?","R","B"],"character_chosen":"IRONCLAD","items_purchased":["Shockwave","Shrug It Off","Shrug It Off","EssenceOfSteel","Flex"],"campfire_rested":2,"item_purchase_floors":[8,11,20,20,20],"current_hp_per_floor":[80,85,85,61,61,61,62,62,62,55,55,55,46,44,44,28,85,77,61,61,61,61,61,20,26,36,81,74,67,35,35,80,0],"gold":119,"neow_bonus":"REMOVE_TWO","is_prod":false,"is_daily":false,"chose_seed":false,"campfire_upgraded":3,"win_rate":0,"timestamp":1552323171,"path_taken":["M","M","M","M","?","R","M","$","T","?","?","M","?","M","R","BOSS","M","?","$","M","?","R","E","?","T","R","?","M","E","?","R","BOSS"],"build_version":"2019-01-23","purchased_purges":0,"victory":false,"max_hp_per_floor":[80,85,85,85,85,85,85,85,85,85,85,85,85,85,85,85,85,85,85,85,85,85,85,85,91,101,101,101,101,101,101,101,101],"card_choices":[{"not_picked":["Reckless Charge","Warcry"],"picked":"Spot Weakness","floor":1},{"not_picked":["Body Slam","Rage"],"picked":"Anger","floor":2},{"not_picked":["Clash","Anger","Body Slam"],"picked":"SKIP","floor":3},{"not_picked":["Thunderclap","Body Slam"],"picked":"Combust","floor":4},{"not_picked":["True Grit","Havoc","Spot Weakness"],"picked":"SKIP","floor":7},{"not_picked":["Clash","Brutality","Headbutt"],"picked":"SKIP","floor":12},{"not_picked":["Evolve","Rampage"],"picked":"Iron Wave","floor":13},{"not_picked":["Dropkick","Body Slam","Dual Wield"],"picked":"SKIP","floor":14},{"not_picked":["Reaper","Juggernaut"],"picked":"Demon Form","floor":16},{"not_picked":["Carnage","Armaments"],"picked":"Heavy Blade+1","floor":18},{"not_picked":["Inflame","Sword Boomerang","Shockwave+1"],"picked":"SKIP","floor":21},{"not_picked":["Clothesline","Anger+1","Twin Strike"],"picked":"SKIP","floor":24},{"not_picked":["Thunderclap+1","Havoc"],"picked":"Shrug It Off","floor":28},{"not_picked":["Twin Strike","Warcry","Flex+1"],"picked":"SKIP","floor":29},{"not_picked":["Reaper","Pommel Strike","Heavy Blade"],"picked":"SKIP","floor":30}],"player_experience":138445,"relics_obtained":[{"floor":9,"key":"Darkstone Periapt"},{"floor":13,"key":"Odd Mushroom"},{"floor":19,"key":"Nilry\u0027s Codex"},{"floor":24,"key":"Matryoshka"},{"floor":26,"key":"Regal Pillow"},{"floor":26,"key":"Pear"},{"floor":30,"key":"Dodecahedron"}],"event_choices":[{"damage_healed":0,"gold_gain":0,"player_choice":"Grow","damage_taken":0,"max_hp_gain":0,"max_hp_loss":0,"event_name":"Living Wall","floor":5,"gold_loss":0,"cards_upgraded":["Combust"]},{"cards_removed":["Strike_R"],"damage_healed":0,"gold_gain":0,"player_choice":"Card Removal","damage_taken":7,"max_hp_gain":0,"max_hp_loss":0,"event_name":"Golden Wing","floor":10,"gold_loss":0},{"damage_healed":0,"gold_gain":0,"player_choice":"Fought Mushrooms","damage_taken":0,"max_hp_gain":0,"max_hp_loss":0,"event_name":"Mushrooms","floor":13,"gold_loss":0},{"damage_healed":0,"gold_gain":0,"player_choice":"Obtained Book","damage_taken":16,"max_hp_gain":0,"max_hp_loss":0,"event_name":"Cursed Tome","floor":19,"gold_loss":0},{"damage_healed":0,"gold_gain":0,"player_choice":"Ignored","damage_taken":0,"max_hp_gain":0,"max_hp_loss":0,"event_name":"The Mausoleum","floor":22,"gold_loss":0},{"damage_healed":0,"gold_gain":0,"player_choice":"Smashed Altar","damage_taken":0,"max_hp_gain":0,"max_hp_loss":0,"event_name":"Forgotten Altar","floor":25,"gold_loss":0,"cards_obtained":["Decay"]},{"damage_healed":0,"gold_gain":0,"player_choice":"Obtained Relic","damage_taken":0,"relics_obtained":["Question Card"],"max_hp_gain":0,"max_hp_loss":0,"event_name":"Addict","floor":31,"gold_loss":85}],"is_beta":false,"boss_relics":[{"not_picked":["Snecko Eye","Lizard Tail"],"picked":"Runic Cube"}],"items_purged_floors":[],"is_endless":false,"potions_floor_spawned":[1,4,13,14,21,30],"killed_by":"Champ","ascension_level":4}