{"gold_per_floor":[118,43,60,71,71,71,71,127,153,166,66,81,111,83,83,83],"floor_reached":16,"playtime":1307,"items_purged":["Shame","Strike_R"],"score":220,"play_id":"ce298653-1eae-4e55-87b5-ddedbea7c987","local_time":"20190120183904","is_ascension_mode":true,"campfire_choices":[{"data":"Searing Blow+1","floor":6,"key":"SMITH"},{"floor":7,"key":"REST"},{"floor":15,"key":"REST"}],"neow_cost":"CURSE","seed_source_timestamp":4915778810372,"circlet_count":0,"master_deck":["AscendersBane","Strike_R+1","Strike_R","Strike_R","Strike_R","Defend_R","Defend_R","Defend_R","Defend_R","Bash","Searing Blow+2","Burning Pact","Shrug It Off","Metallicize","Battle Trance","Clothesline"],"relics":["Burning Blood","WingedGreaves","Tiny Chest","Strawberry","Bag of Preparation"],"potions_floor_usage":[8,12,13],"damage_taken":[{"damage":9,"enemies":"2 Louse","floor":1,"turns":4},{"damage":2,"enemies":"Jaw Worm","floor":3,"turns":5},{"damage":6,"enemies":"Cultist","floor":4,"turns":4},{"damage":40,"enemies":"Lagavulin","floor":8,"turns":6},{"damage":10,"enemies":"Blue Slaver","floor":10,"turns":4},{"damage":5,"enemies":"2 Fungi Beasts","floor":12,"turns":4},{"damage":15,"enemies":"3 Sentries","floor":13,"turns":9},{"damage":27,"enemies":"Slime Boss","floor":16,"turns":7}],"seed_played":"1445810992570749895","potions_obtained":[{"floor":3,"key":"Block Potion"},{"floor":10,"key":"EntropicBrew"},{"floor":13,"key":"EssenceOfSteel"}],"is_trial":false,"path_per_floor":["M","$","M","M","?","R","R","E","T","M","$","M","E","$","R","B"],"character_chosen":"IRONCLAD","items_purchased":["Clothesline"],"campfire_rested":2,"item_purchase_floors":[14],"current_hp_per_floor":[65,65,69,69,46,46,68,34,41,37,37,38,29,29,53,26],"gold":83,"neow_bonus":"ONE_RARE_RELIC","is_prod":false,"is_daily":false,"chose_seed":false,"campfire_upgraded":1,"win_rate":0,"timestamp":1548027544,"path_taken":["M","$","M","M","?","R","R","E","T","M","$","M","E","$","R","BOSS"],"build_version":"2019-01-17v2","purchased_purges":2,"victory":false,"max_hp_per_floor":[75,75,75,75,75,75,75,75,82,82,82,82,82,82,82,82],"card_choices":[{"not_picked":["Clothesline","Sword Boomerang"],"picked":"Searing Blow","floor":1},{"not_picked":["Sentinel","Dual Wield"],"picked":"Burning Pact","floor":3},{"not_picked":["Uppercut","Thunderclap"],"picked":"Shrug It Off","floor":4},{"not_picked":["Perfected Strike","Exhume"],"picked":"Metallicize","floor":8},{"not_picked":["Perfected Strike","Sword Boomerang","Pummel"],"picked":"SKIP","floor":10},{"not_picked":["Dual Wield","Intimidate","Clash"],"picked":"SKIP","floor":12},{"not_picked":["Intimidate","Carnage"],"picked":"Battle Trance","floor":13}],"player_experience":2998445,"relics_obtained":[{"floor":8,"key":"Tiny Chest"},{"floor":9,"key":"Strawberry"},{"floor":13,"key":"Bag of Preparation"}],"event_choices":[{"damage_healed":0,"gold_gain":0,"player_choice":"Entered Light","damage_taken":23,"max_hp_gain":0,"max_hp_loss":0,"event_name":"Shining Light","floor":5,"gold_loss":0,"cards_upgraded":["Searing Blow","Strike_R"]}],"is_beta":false,"boss_relics":[],"items_purged_floors":[2,11],"is_endless":false,"potions_floor_spawned":[3,10,13],"killed_by":"Slime Boss","ascension_level":20}