{"gold_per_floor":[119,44,58,75,92,92,104,104,131,165,165,197,197,216,216,216],"floor_reached":16,"playtime":405,"items_purged":["Strike_B"],"score":224,"play_id":"a8859e32-056b-45e1-bd85-c3486e5ed4c6","local_time":"20190325213046","is_ascension_mode":true,"campfire_choices":[{"data":"Capacitor","floor":6,"key":"SMITH"},{"floor":8,"key":"REST"},{"floor":11,"key":"REST"},{"floor":15,"key":"REST"}],"neow_cost":"NONE","seed_source_timestamp":469182253058525,"circlet_count":0,"master_deck":["AscendersBane","Strike_B","Strike_B","Strike_B","Defend_B","Defend_B","Defend_B","Defend_B","Zap","Dualcast","Capacitor+1","White Noise+1","Ball Lightning","Conserve Battery","Conserve Battery"],"relics":["Cracked Core","NeowsBlessing","Strawberry","Vajra","Lantern"],"potions_floor_usage":[12,14],"damage_taken":[{"damage":0,"enemies":"Jaw Worm","floor":1,"turns":1},{"damage":0,"enemies":"Small Slimes","floor":3,"turns":1},{"damage":0,"enemies":"Cultist","floor":4,"turns":1},{"damage":9,"enemies":"Red Slaver","floor":5,"turns":3},{"damage":13,"enemies":"Large Slime","floor":7,"turns":4},{"damage":51,"enemies":"3 Sentries","floor":10,"turns":9},{"damage":4,"enemies":"Lagavulin","floor":12,"turns":6},{"damage":14,"enemies":"Lots of Slimes","floor":14,"turns":3},{"damage":56,"enemies":"Slime Boss","floor":16,"turns":8}],"seed_played":"-8912855359683667407","potions_obtained":[{"floor":1,"key":"Energy Potion"},{"floor":5,"key":"SmokeBomb"},{"floor":12,"key":"SteroidPotion"}],"is_trial":false,"path_per_floor":["M","$","M","M","M","R","M","R","T","E","R","E","?","M","R","B"],"character_chosen":"DEFECT","items_purchased":[],"campfire_rested":3,"item_purchase_floors":[],"current_hp_per_floor":[64,64,64,64,55,55,42,63,70,19,42,38,38,24,47,0],"gold":216,"neow_bonus":"THREE_ENEMY_KILL","is_prod":false,"is_daily":false,"chose_seed":false,"campfire_upgraded":1,"win_rate":0,"timestamp":1553545846,"path_taken":["M","$","M","M","M","R","M","R","T","E","R","E","?","M","R","BOSS"],"build_version":"2019-01-23","purchased_purges":1,"victory":false,"max_hp_per_floor":[71,71,71,71,71,71,71,71,78,78,78,78,78,78,78,78],"card_choices":[{"not_picked":["Chill","Go for the Eyes"],"picked":"Capacitor","floor":1},{"not_picked":["Beam Cell","Sweeping Beam"],"picked":"White Noise","floor":3},{"not_picked":["Double Energy","Leap"],"picked":"Ball Lightning","floor":4},{"not_picked":["Rebound","Rip and Tear"],"picked":"Conserve Battery","floor":5},{"not_picked":["Hologram","Leap"],"picked":"Conserve Battery","floor":7},{"not_picked":["Redo","Meteor Strike","Gash"],"picked":"SKIP","floor":10},{"not_picked":["Undo","Redo","Rebound"],"picked":"SKIP","floor":12},{"not_picked":["Stack","Compile Driver","Rebound"],"picked":"SKIP","floor":14}],"player_experience":1117004,"relics_obtained":[{"floor":9,"key":"Strawberry"},{"floor":10,"key":"Vajra"},{"floor":12,"key":"Lantern"}],"event_choices":[{"damage_healed":0,"gold_gain":0,"player_choice":"Grow","damage_taken":0,"max_hp_gain":0,"max_hp_loss":0,"event_name":"Living Wall","floor":13,"gold_loss":0,"cards_upgraded":["White Noise"]}],"is_beta":false,"boss_relics":[],"items_purged_floors":[2],"is_endless":false,"potions_floor_spawned":[1,5,7,12],"killed_by":"Slime Boss","ascension_level":20}