{"gold_per_floor":[110,185,185,19,39,73,73,117,171,14,39,73,73,113,113,209,209,232,48,48,67,91,131,131,21,44,57,95,95,111,111,111,200,200,225,286,286,286,305,305,330,330,357,393,726,331,331,254,254,254],"floor_reached":51,"playtime":8542,"items_purged":[],"score":1536,"play_id":"0fce1a74-e3fe-45ce-8f2a-32380d0b5cb0","local_time":"20190119211948","is_ascension_mode":true,"campfire_choices":[{"data":"Consume","floor":7.0,"key":"SMITH"},{"floor":13.0,"key":"REST"},{"data":"Zap","floor":15.0,"key":"SMITH"},{"floor":24.0,"key":"REST"},{"floor":29.0,"key":"REST"},{"floor":32.0,"key":"REST"},{"floor":40,"key":"REST"},{"data":"Capacitor","floor":42,"key":"SMITH"},{"data":"Loop","floor":49,"key":"SMITH"}],"neow_cost":"NONE","seed_source_timestamp":0,"circlet_count":0,"master_deck":["AscendersBane","Strike_B","Strike_B","Strike_B","Defend_B+1","Defend_B","Defend_B","Defend_B","Zap+1","Dualcast","Ball Lightning","Consume+1","FTL","Cold Snap","Tempest","Doom and Gloom","Capacitor+1","Compile Driver","Turbo+1","Leap+1","Sunder","Biased Cognition","Compile Driver+1","Apotheosis+1","Self Repair","Stack+1","Melter","Glacier+1","Echo Form","Hologram+1","Multi-Cast+1","BootSequence+1","Writhe","Glacier+1","Hologram+1","Conserve Battery+1","Loop","Go for the Eyes","Loop+1"],"special_seed":0,"relics":["Cracked Core","NeowsBlessing","PreservedInsect","Toxic Egg 2","Art of War","Vajra","Pocketwatch","Inserter","Mummified Hand","Bag of Preparation","Orichalcum","Nuclear Battery","FossilizedHelix","DataDisk","Pen Nib","Symbiotic Virus"],"potions_floor_usage":[50,50],"damage_taken":[{"damage":0.0,"enemies":"Cultist","floor":1.0,"turns":1.0},{"damage":0.0,"enemies":"Small Slimes","floor":5.0,"turns":1.0},{"damage":0.0,"enemies":"Lagavulin","floor":6.0,"turns":1.0},{"damage":11.0,"enemies":"Gremlin Nob","floor":8.0,"turns":3.0},{"damage":12.0,"enemies":"Jaw Worm","floor":11.0,"turns":2.0},{"damage":8.0,"enemies":"Lagavulin","floor":12.0,"turns":3.0},{"damage":5.0,"enemies":"3 Sentries","floor":14.0,"turns":3.0},{"damage":5.0,"enemies":"Slime Boss","floor":16.0,"turns":7.0},{"damage":23.0,"enemies":"Shell Parasite","floor":18.0,"turns":4.0},{"damage":1.0,"enemies":"3 Byrds","floor":21.0,"turns":3.0},{"damage":12.0,"enemies":"Sentry and Sphere","floor":22.0,"turns":4.0},{"damage":31.0,"enemies":"Book of Stabbing","floor":23.0,"turns":3.0},{"damage":4.0,"enemies":"Snake Plant","floor":27.0,"turns":3.0},{"damage":15.0,"enemies":"Gremlin Leader","floor":28.0,"turns":5.0},{"damage":13.0,"enemies":"Snecko","floor":30.0,"turns":4.0},{"damage":48.0,"enemies":"Automaton","floor":33.0,"turns":8.0},{"damage":1.0,"enemies":"3 Shapes","floor":35.0,"turns":3.0},{"damage":51.0,"enemies":"2 Orb Walkers","floor":36.0,"turns":6.0},{"damage":14,"enemies":"Orb Walker","floor":39,"turns":4},{"damage":0,"enemies":"Transient","floor":41,"turns":6},{"damage":0,"enemies":"Giant Head","floor":44,"turns":7},{"damage":21,"enemies":"Time Eater","floor":50,"turns":6}],"seed_played":"3804971049104760591","potions_obtained":[{"floor":5.0,"key":"AttackPotion"},{"floor":6.0,"key":"GamblersBrew"},{"floor":11.0,"key":"Poison Potion"},{"floor":14.0,"key":"Poison Potion"},{"floor":18.0,"key":"Ancient Potion"},{"floor":21.0,"key":"Dexterity Potion"},{"floor":23.0,"key":"Weak Potion"},{"floor":41,"key":"Weak Potion"}],"is_trial":false,"path_per_floor":["M","?","?","$","M","E","R","E","T","$","M","E","R","E","R","B",null,"M","$","?","M","M","E","R","?","T","M","E","R","M","?","R","B",null,"M","?","?","?","M","R","M","R","T","E","?","$","?","$","R","B",null],"character_chosen":"DEFECT","items_purchased":["Consume","FTL","Capacitor","Compile Driver","Turbo+1","Apotheosis+1","Symbiotic Virus","Loop","Go for the Eyes","Loop"],"campfire_rested":5,"item_purchase_floors":[4,4,10,10,10,19,46,46,46,48],"current_hp_per_floor":[64,53,53,53,53,53,53,42,42,42,30,22,41,36,36,31,56,33,33,33,42,40,16,35,35,35,41,36,55,52,52,64,36,57,63,32,32,45,45,64,64,64,64,64,64,64,64,64,64,50],"gold":254,"neow_bonus":"THREE_ENEMY_KILL","is_prod":false,"is_daily":false,"chose_seed":false,"campfire_upgraded":4,"win_rate":0,"timestamp":1547950788,"path_taken":["M","?","?","$","M","E","R","E","T","?","M","E","R","E","R","BOSS","M","$","?","M","M","E","R","?","T","M","E","R","?","?","R","BOSS","M","?","?","?","M","R","M","R","T","E","?","$","?","$","R","BOSS"],"build_version":"2019-01-17v2","purchased_purges":0,"victory":true,"max_hp_per_floor":[71,71,64,64,64,64,64,64,64,64,64,64,64,64,64,64,64,64,64,64,64,64,64,64,64,64,64,64,64,64,64,64,64,64,64,64,64,64,64,64,64,64,64,64,64,64,64,64,64,64],"card_choices":[{"not_picked":["Stack","Recycle"],"picked":"Ball Lightning","floor":1.0},{"not_picked":["Rip and Tear","Streamline"],"picked":"Cold Snap","floor":5.0},{"not_picked":["Auto Shields","Lockon"],"picked":"Tempest","floor":6.0},{"not_picked":["Compile Driver","Redo"],"picked":"Doom and Gloom","floor":8.0},{"not_picked":["Heatsinks","Gash"],"picked":"Leap+1","floor":11.0},{"not_picked":["Ball Lightning","Beam Cell"],"picked":"Sunder","floor":12.0},{"not_picked":["Rebound","Ball Lightning","Barrage"],"picked":"SKIP","floor":14.0},{"not_picked":["All For One","Rainbow+1"],"picked":"Biased Cognition","floor":16.0},{"not_picked":["Cold Snap","Steam Power+1"],"picked":"Compile Driver+1","floor":18.0},{"not_picked":["Turbo+1","Heatsinks"],"picked":"Stack+1","floor":21.0},{"not_picked":["Rebound","Lockon+1"],"picked":"Melter","floor":22.0},{"not_picked":["Heatsinks","Doom and Gloom"],"picked":"Glacier+1","floor":23.0},{"not_picked":["Sweeping Beam","Static Discharge+1"],"picked":"Echo Form","floor":27.0},{"not_picked":["Cold Snap","Beam Cell"],"picked":"Hologram+1","floor":28.0},{"not_picked":["Undo+1","Recycle+1"],"picked":"Sweeping Beam","floor":30.0},{"not_picked":["Creative AI","Hyperbeam"],"picked":"Multi-Cast+1","floor":33.0},{"not_picked":["Sunder","Lockon"],"picked":"BootSequence+1","floor":35.0},{"not_picked":["Skim+1","Streamline"],"picked":"Glacier+1","floor":39},{"not_picked":["BootSequence+1","FTL+1"],"picked":"Hologram+1","floor":41},{"not_picked":["Fusion+1","Ball Lightning"],"picked":"Conserve Battery+1","floor":44}],"player_experience":2973513,"relics_obtained":[{"floor":6.0,"key":"PreservedInsect"},{"floor":8.0,"key":"Toxic Egg 2"},{"floor":9.0,"key":"Art of War"},{"floor":12.0,"key":"Vajra"},{"floor":14.0,"key":"Pocketwatch"},{"floor":23.0,"key":"Mummified Hand"},{"floor":26.0,"key":"Bag of Preparation"},{"floor":28.0,"key":"Orichalcum"},{"floor":36.0,"key":"FossilizedHelix"},{"floor":43,"key":"DataDisk"},{"floor":44,"key":"Pen Nib"}],"event_choices":[{"damage_healed":0.0,"max_hp_gain":0.0,"max_hp_loss":0.0,"gold_gain":75.0,"event_name":"World of Goop","player_choice":"Gather Gold","floor":2.0,"gold_loss":0.0,"damage_taken":11.0},{"damage_healed":0.0,"max_hp_gain":0.0,"max_hp_loss":7.0,"gold_gain":0.0,"event_name":"Golden Idol","player_choice":"Lose Max HP","floor":3.0,"gold_loss":0.0,"damage_taken":0.0,"relics_obtained":["Golden Idol"]},{"damage_healed":0.0,"max_hp_gain":0.0,"max_hp_loss":0.0,"gold_gain":0.0,"event_name":"The Library","player_choice":"Read","floor":20.0,"gold_loss":0.0,"damage_taken":0.0,"cards_obtained":["Self Repair"]},{"cards_removed":["Strike_B"],"damage_healed":0.0,"max_hp_gain":0.0,"max_hp_loss":0.0,"gold_gain":0.0,"event_name":"Designer","player_choice":"Upgrade and Remove","floor":25.0,"gold_loss":110.0,"damage_taken":0.0,"cards_upgraded":["Defend_B"]},{"damage_healed":0.0,"max_hp_gain":0.0,"max_hp_loss":0.0,"gold_gain":0.0,"event_name":"Vampires","player_choice":"Ignored","floor":31.0,"gold_loss":0.0,"damage_taken":0.0},{"damage_healed":0.0,"max_hp_gain":0.0,"max_hp_loss":0.0,"gold_gain":0.0,"event_name":"Mysterious Sphere","player_choice":"Fight","floor":36.0,"gold_loss":0.0,"damage_taken":0.0},{"damage_healed":0.0,"max_hp_gain":0.0,"max_hp_loss":0.0,"gold_gain":0.0,"event_name":"Tomb of Lord Red Mask","player_choice":"Ignored","floor":37.0,"gold_loss":0.0,"damage_taken":0.0},{"damage_healed":13.0,"max_hp_gain":0.0,"max_hp_loss":0.0,"gold_gain":0.0,"event_name":"Winding Halls","player_choice":"Writhe","floor":38.0,"gold_loss":0.0,"damage_taken":0.0,"cards_obtained":["Writhe"]},{"damage_healed":0,"gold_gain":333,"player_choice":"Gave Idol","damage_taken":0,"max_hp_gain":0,"max_hp_loss":0,"event_name":"The Moai Head","floor":45,"relics_lost":["Golden Idol"],"gold_loss":0},{"cards_removed":["Sweeping Beam"],"damage_healed":0,"gold_gain":0,"player_choice":"Removed Attack","damage_taken":0,"max_hp_gain":0,"max_hp_loss":0,"event_name":"Falling","floor":47,"gold_loss":0}],"is_beta":false,"boss_relics":[{"not_picked":["Astrolabe","Runic Dome"],"picked":"Inserter"},{"not_picked":["Calling Bell","Black Star"],"picked":"Nuclear Battery"}],"items_purged_floors":[],"is_endless":false,"potions_floor_spawned":[5,6,11,14,18,21,23,41,44],"ascension_level":19}