{"gold_per_floor":[117,117,135,153,168,168,187,187,187,197,197,122,122,122,122,227,227,238,254,270,270,61,61,111,121,175,274,274,374,399,415,415,512,512,532,12,32,32,46,80,80,114,160,160,187,187,212,226,226,226],"floor_reached":51,"playtime":1135,"items_purged":["Strike_R","Defend_R"],"score":870,"play_id":"854904da-0ea0-4ac1-8003-b59749f04b70","local_time":"20190321143151","is_ascension_mode":false,"campfire_choices":[{"data":"Immolate","floor":6.0,"key":"SMITH"},{"data":"Whirlwind","floor":8.0,"key":"SMITH"},{"data":"Bash","floor":13.0,"key":"SMITH"},{"data":"Bash","floor":15.0,"key":"SMITH"},{"data":"Offering","floor":23.0,"key":"SMITH"},{"data":"Rampage","floor":32.0,"key":"SMITH"},{"data":"Battle Trance","floor":41.0,"key":"SMITH"},{"data":"Infernal Blade","floor":46.0,"key":"SMITH"},{"data":"Headbutt","floor":49,"key":"SMITH"}],"neow_cost":"TEN_PERCENT_HP_LOSS","seed_source_timestamp":8619526739409,"circlet_count":0,"master_deck":["Strike_R","Strike_R","Defend_R","Defend_R","Defend_R","Bash+1","Battle Trance+1","Immolate+1","Bash+1","Rampage+1","Whirlwind+1","Infernal Blade+1","Headbutt+1","Offering+1","Clothesline+1","True Grit+1","True Grit+1","Limit Break+1","Offering+1","Shrug It Off+1","Inflame+1","Inflame+1","Inflame+1"],"special_seed":0,"relics":["Burning Blood","Magic Flower","Blood Vial","Bag of Preparation","Coffee Dripper","Toxic Egg 2","Chemical X","Regal Pillow","Tiny Chest","Frozen Egg 2","Gambling Chip","Kunai","The Courier","Empty Cage","Brimstone","Shuriken","Singing Bowl","Orichalcum","Blue Candle","Centennial Puzzle","Oddly Smooth Stone","Ancient Tea Set"],"potions_floor_usage":[50,50,50],"damage_taken":[{"damage":0.0,"enemies":"2 Louse","floor":1.0,"turns":3.0},{"damage":0.0,"enemies":"Cultist","floor":3.0,"turns":2.0},{"damage":0.0,"enemies":"Small Slimes","floor":4.0,"turns":2.0},{"damage":10.0,"enemies":"Looter","floor":5.0,"turns":3.0},{"damage":0.0,"enemies":"Gremlin Gang","floor":7.0,"turns":1.0},{"damage":1.0,"enemies":"2 Fungi Beasts","floor":10.0,"turns":2.0},{"damage":0.0,"enemies":"Slime Boss","floor":16.0,"turns":3.0},{"damage":11.0,"enemies":"Shell Parasite","floor":18.0,"turns":3.0},{"damage":16.0,"enemies":"Spheric Guardian","floor":19.0,"turns":3.0},{"damage":8.0,"enemies":"Centurion and Healer","floor":20.0,"turns":4.0},{"damage":0.0,"enemies":"3 Cultists","floor":25.0,"turns":1.0},{"damage":16.0,"enemies":"Colosseum Slavers","floor":29.0,"turns":3.0},{"damage":0.0,"enemies":"Colosseum Nobs","floor":29.0,"turns":2.0},{"damage":6.0,"enemies":"Gremlin Leader","floor":30.0,"turns":4.0},{"damage":2.0,"enemies":"Cultist and Chosen","floor":31.0,"turns":4.0},{"damage":70.0,"enemies":"Champ","floor":33.0,"turns":11.0},{"damage":12.0,"enemies":"Orb Walker","floor":35.0,"turns":2.0},{"damage":0.0,"enemies":"3 Shapes","floor":37.0,"turns":2.0},{"damage":12.0,"enemies":"Transient","floor":39.0,"turns":4.0},{"damage":22.0,"enemies":"Nemesis","floor":40.0,"turns":3.0},{"damage":12.0,"enemies":"Reptomancer","floor":42.0,"turns":2.0},{"damage":25.0,"enemies":"Nemesis","floor":45.0,"turns":3.0},{"damage":18.0,"enemies":"4 Shapes","floor":48.0,"turns":1.0},{"damage":28,"enemies":"Donu and Deca","floor":50,"turns":2}],"seed_played":"-6022364889892246000","potions_obtained":[{"floor":1.0,"key":"AttackPotion"},{"floor":7.0,"key":"AttackPotion"},{"floor":10.0,"key":"Poison Potion"},{"floor":18.0,"key":"Dexterity Potion"},{"floor":19.0,"key":"Block Potion"},{"floor":29.0,"key":"PowerPotion"},{"floor":40.0,"key":"SteroidPotion"},{"floor":42.0,"key":"Fire Potion"},{"floor":45.0,"key":"LiquidBronze"}],"is_trial":false,"path_per_floor":["M","?","M","M","M","R","M","R","T","M","?","$","R","?","R","B",null,"M","M","M","?","$","R","T","M","T","?","T","?","E","M","R","B",null,"M","$","M","T","M","E","R","E","T","?","E","R","T","M","R","B",null],"character_chosen":"IRONCLAD","items_purchased":["Chemical X","Brimstone","Inflame+1","Inflame+1","Shuriken"],"campfire_rested":0,"item_purchase_floors":[22,36,36,36,36],"current_hp_per_floor":[72,72,72,72,71,71,72,72,72,72,65,65,65,65,65,72,72,70,65,69,69,69,69,69,72,72,72,72,72,72,72,72,11,72,69,69,72,72,71,63,63,65,65,65,52,52,52,48,48,32],"gold":226,"neow_bonus":"ONE_RARE_RELIC","is_prod":false,"is_daily":false,"chose_seed":false,"campfire_upgraded":9,"win_rate":0,"timestamp":1553200311,"path_taken":["M","?","?","M","M","R","M","R","T","M","?","$","R","?","R","BOSS","M","M","?","?","$","R","?","M","T","?","?","?","E","?","R","BOSS","M","$","M","?","M","E","R","E","T","?","E","R","?","M","R","BOSS"],"build_version":"2019-01-23","purchased_purges":2,"victory":true,"max_hp_per_floor":[72,72,72,72,72,72,72,72,72,72,72,72,72,72,72,72,72,72,72,72,72,72,72,72,72,72,72,72,72,72,72,72,72,72,72,72,72,72,74,76,76,78,78,78,78,78,78,80,80,80],"card_choices":[{"not_picked":["Entrench","Body Slam"],"picked":"Battle Trance","floor":1.0},{"not_picked":["Pommel Strike","Wild Strike"],"picked":"Whirlwind","floor":3.0},{"not_picked":["Iron Wave","Anger"],"picked":"Infernal Blade","floor":4.0},{"not_picked":["Cleave","Dropkick","Pummel"],"picked":"SKIP","floor":5.0},{"not_picked":["Headbutt","Burning Pact","Ghostly Armor"],"picked":"SKIP","floor":7.0},{"not_picked":["Ghostly Armor","Warcry","Wild Strike"],"picked":"SKIP","floor":10.0},{"not_picked":["Reaper","Double Tap"],"picked":"Offering","floor":16.0},{"not_picked":["Metallicize","Headbutt+1"],"picked":"Clothesline+1","floor":18.0},{"not_picked":["Sword Boomerang","Headbutt","Wild Strike"],"picked":"SKIP","floor":19.0},{"not_picked":["Perfected Strike","Seeing Red+1","Flex"],"picked":"SKIP","floor":20.0},{"not_picked":["Headbutt","Feel No Pain","True Grit+1"],"picked":"SKIP","floor":25.0},{"not_picked":["Headbutt","Feel No Pain"],"picked":"True Grit+1","floor":25.0},{"not_picked":["Clothesline","Heavy Blade"],"picked":"True Grit+1","floor":29.0},{"not_picked":["Evolve+1","Warcry+1"],"picked":"Limit Break+1","floor":30.0},{"not_picked":["Havoc+1","Rage+1","Perfected Strike+1"],"picked":"SKIP","floor":31.0},{"not_picked":["Feed","Bludgeon"],"picked":"Offering+1","floor":33.0},{"not_picked":["Hemokinesis+1","Flame Barrier+1"],"picked":"Shrug It Off+1","floor":35.0},{"not_picked":["Clothesline","Twin Strike","Wild Strike"],"picked":"SKIP","floor":37.0},{"not_picked":["Armaments+1","Body Slam","Shockwave+1"],"picked":"Singing Bowl","floor":39.0},{"not_picked":["Pommel Strike+1","True Grit+1","Berserk+1"],"picked":"Singing Bowl","floor":40.0},{"not_picked":["Seeing Red+1","Perfected Strike","Second Wind+1"],"picked":"Singing Bowl","floor":42.0},{"not_picked":["Clothesline","Heavy Blade+1"],"picked":"Inflame+1","floor":45.0},{"not_picked":["Body Slam+1","Bloodletting+1","Carnage"],"picked":"Singing Bowl","floor":48}],"player_experience":1107903,"relics_obtained":[{"floor":9.0,"key":"Blood Vial"},{"floor":24.0,"key":"Regal Pillow"},{"floor":26.0,"key":"Tiny Chest"},{"floor":28.0,"key":"Frozen Egg 2"},{"floor":29.0,"key":"Gambling Chip"},{"floor":29.0,"key":"Kunai"},{"floor":30.0,"key":"The Courier"},{"floor":38.0,"key":"Singing Bowl"},{"floor":40.0,"key":"Orichalcum"},{"floor":42.0,"key":"Blue Candle"},{"floor":43.0,"key":"Centennial Puzzle"},{"floor":45.0,"key":"Oddly Smooth Stone"},{"floor":47.0,"key":"Ancient Tea Set"}],"event_choices":[{"damage_healed":0.0,"max_hp_gain":0.0,"max_hp_loss":0.0,"gold_gain":0.0,"event_name":"Match and Keep!","player_choice":"3 cards matched","floor":2.0,"gold_loss":0.0,"damage_taken":0.0,"cards_obtained":["Immolate","Bash","Rampage"]},{"damage_healed":0.0,"max_hp_gain":0.0,"max_hp_loss":0.0,"gold_gain":0.0,"event_name":"Scrap Ooze","player_choice":"Success","floor":11.0,"gold_loss":0.0,"damage_taken":7.0,"relics_obtained":["Bag of Preparation"]},{"damage_healed":0.0,"max_hp_gain":0.0,"max_hp_loss":0.0,"gold_gain":0.0,"cards_transformed":["Strike_R"],"event_name":"Transmorgrifier","player_choice":"Transformed","floor":14.0,"gold_loss":0.0,"damage_taken":0.0,"cards_obtained":["Headbutt"]},{"damage_healed":0.0,"max_hp_gain":0.0,"max_hp_loss":0.0,"gold_gain":0.0,"event_name":"Addict","player_choice":"Stole Relic","floor":21.0,"gold_loss":0.0,"damage_taken":0.0,"relics_obtained":["Toxic Egg 2"],"cards_obtained":["Shame"]},{"damage_healed":0.0,"max_hp_gain":0.0,"max_hp_loss":0.0,"gold_gain":99.0,"event_name":"Nest","player_choice":"Stole From Cult","floor":27.0,"gold_loss":0.0,"damage_taken":0.0},{"damage_healed":0.0,"max_hp_gain":0.0,"max_hp_loss":0.0,"gold_gain":0.0,"event_name":"Colosseum","player_choice":"Fight","floor":29.0,"gold_loss":0.0,"damage_taken":0.0},{"damage_healed":0.0,"max_hp_gain":0.0,"max_hp_loss":0.0,"gold_gain":0.0,"event_name":"Colosseum","player_choice":"Fought Nobs","floor":29.0,"gold_loss":0.0,"damage_taken":0.0},{"damage_healed":0.0,"max_hp_gain":0.0,"max_hp_loss":0.0,"gold_gain":0.0,"event_name":"Tomb of Lord Red Mask","player_choice":"Ignored","floor":44.0,"gold_loss":0.0,"damage_taken":0.0}],"is_beta":false,"boss_relics":[{"not_picked":["Lizard Tail","Ectoplasm"],"picked":"Coffee Dripper"},{"not_picked":["White Beast Statue","Runic Cube"],"picked":"Empty Cage"}],"items_purged_floors":[12,36],"is_endless":false,"potions_floor_spawned":[1,7,10,18,19,29,29,40,42,45],"ascension_level":0}