{"gold_per_floor":[112,36,46,46,46,79,79,95,118,137,197,197,225,225],"floor_reached":14,"playtime":395,"items_purged":[],"score":216,"play_id":"fd426585-c483-4c39-901a-6ea4033598dc","local_time":"20190325115239","is_ascension_mode":true,"campfire_choices":[{"data":"Reinforced Body","floor":7,"key":"SMITH"},{"data":"Darkness","floor":12,"key":"SMITH"}],"neow_cost":"NONE","seed_source_timestamp":434502357766679,"circlet_count":0,"master_deck":["AscendersBane","Strike_B","Strike_B","Strike_B","Strike_B","Defend_B","Defend_B","Defend_B","Defend_B","Zap+1","Dualcast","Go for the Eyes","Go for the Eyes","Seek","Doom and Gloom","Reinforced Body+1","Darkness+1","BootSequence"],"relics":["Cracked Core","Happy Flower","Thread and Needle","Strawberry","Tiny Chest","DataDisk"],"potions_floor_usage":[11,11],"damage_taken":[{"damage":1,"enemies":"Cultist","floor":1,"turns":3},{"damage":0,"enemies":"Small Slimes","floor":3,"turns":3},{"damage":25,"enemies":"Lagavulin","floor":6,"turns":6},{"damage":0,"enemies":"Jaw Worm","floor":8,"turns":3},{"damage":8,"enemies":"Exordium Thugs","floor":10,"turns":4},{"damage":1,"enemies":"3 Sentries","floor":11,"turns":4},{"damage":14,"enemies":"Lagavulin","floor":13,"turns":6},{"damage":15,"enemies":"Gremlin Gang","floor":14,"turns":1}],"seed_played":"6745053989344948871","potions_obtained":[{"floor":1,"key":"Explosive Potion"},{"floor":3,"key":"SpeedPotion"},{"floor":6,"key":"Block Potion"}],"is_trial":false,"path_per_floor":["M","$","M","?","?","E","R","M","T","M","E","R","E","M"],"character_chosen":"DEFECT","items_purchased":["Seek"],"campfire_rested":0,"item_purchase_floors":[2],"current_hp_per_floor":[63,63,63,52,52,27,27,27,34,26,25,25,11,0],"gold":225,"neow_bonus":"THREE_CARDS","is_prod":false,"is_daily":false,"chose_seed":false,"campfire_upgraded":2,"win_rate":0,"timestamp":1553511159,"path_taken":["M","$","M","?","?","E","R","M","T","?","E","R","E","M"],"build_version":"2019-01-23","purchased_purges":0,"victory":false,"max_hp_per_floor":[71,71,71,71,71,71,71,71,78,78,78,78,78,78],"card_choices":[{"not_picked":["Darkness","White Noise"],"picked":"Go for the Eyes","floor":0},{"not_picked":["Tempest","Darkness"],"picked":"Go for the Eyes","floor":1},{"not_picked":["Redo","Skim"],"picked":"Doom and Gloom","floor":3},{"not_picked":["Rebound","Auto Shields"],"picked":"Reinforced Body","floor":6},{"not_picked":["Reinforced Body","Stack","Heatsinks"],"picked":"SKIP","floor":8},{"not_picked":["Ball Lightning","Turbo"],"picked":"Darkness","floor":10},{"not_picked":["Turbo","Streamline","Reinforced Body"],"picked":"SKIP","floor":11},{"not_picked":["Beam Cell","Double Energy"],"picked":"BootSequence","floor":13}],"player_experience":1111903,"relics_obtained":[{"floor":6,"key":"Thread and Needle"},{"floor":9,"key":"Strawberry"},{"floor":11,"key":"Tiny Chest"},{"floor":13,"key":"DataDisk"}],"event_choices":[{"damage_healed":0,"gold_gain":0,"player_choice":"Success","damage_taken":11,"relics_obtained":["Happy Flower"],"max_hp_gain":0,"max_hp_loss":0,"event_name":"Scrap Ooze","floor":4,"gold_loss":0},{"damage_healed":0,"gold_gain":0,"player_choice":"Forge","damage_taken":0,"max_hp_gain":0,"max_hp_loss":0,"event_name":"Accursed Blacksmith","floor":5,"gold_loss":0,"cards_upgraded":["Zap"]}],"is_beta":false,"boss_relics":[],"items_purged_floors":[],"is_endless":false,"potions_floor_spawned":[1,3,6],"killed_by":"Gremlin Gang","ascension_level":20}