{"gold_per_floor":[114,126,126,38,56,56,69,34,34,34,69,69,69,88,88,183,183,201,201,201],"floor_reached":20,"playtime":653,"items_purged":[],"score":344,"play_id":"8f10e720-f231-4fc8-9a5e-d76f49e2822c","local_time":"20190325121433","is_ascension_mode":true,"campfire_choices":[{"data":"Chill","floor":6.0,"key":"SMITH"},{"data":"Hologram","floor":10.0,"key":"SMITH"},{"data":"Self Repair","floor":13.0,"key":"SMITH"},{"data":"Zap","floor":15.0,"key":"SMITH"}],"neow_cost":"NONE","seed_source_timestamp":435527960503505,"circlet_count":0,"master_deck":["AscendersBane","Strike_B","Strike_B","Strike_B","Strike_B","Defend_B","Defend_B","Defend_B","Defend_B","Zap+1","Dualcast","Hologram+1","Gash","Chill+1","Gash","Self Repair+1","Coolheaded","All For One","FTL+1"],"special_seed":0,"relics":["Cracked Core","Dream Catcher","Golden Idol","Darkstone Periapt","Blue Candle","Black Star"],"potions_floor_usage":[18,19],"damage_taken":[{"damage":14.0,"enemies":"Small Slimes","floor":1.0,"turns":4.0},{"damage":0.0,"enemies":"2 Louse","floor":2.0,"turns":2.0},{"damage":0.0,"enemies":"Cultist","floor":5.0,"turns":4.0},{"damage":3.0,"enemies":"Lots of Slimes","floor":7.0,"turns":4.0},{"damage":34.0,"enemies":"Lagavulin","floor":11.0,"turns":8.0},{"damage":15.0,"enemies":"Exordium Wildlife","floor":14.0,"turns":5.0},{"damage":16.0,"enemies":"The Guardian","floor":16.0,"turns":11.0},{"damage":19,"enemies":"Chosen","floor":18,"turns":5},{"damage":52,"enemies":"Colosseum Slavers","floor":19,"turns":7},{"damage":30,"enemies":"Masked Bandits","floor":20,"turns":3}],"seed_played":"1633818832391553861","potions_obtained":[{"floor":2.0,"key":"Energy Potion"},{"floor":7.0,"key":"Swift Potion"},{"floor":14.0,"key":"Dexterity Potion"},{"floor":16.0,"key":"Block Potion"},{"floor":18,"key":"Regen Potion"}],"is_trial":false,"path_per_floor":["M","M","?","$","M","R","M","?","T","R","E","?","R","M","R","B",null,"M","?","?"],"character_chosen":"DEFECT","items_purchased":["Chill"],"campfire_rested":0,"item_purchase_floors":[4],"current_hp_per_floor":[50,50,50,50,50,50,47,63,63,63,36,57,57,52,52,46,60,51,24,0],"gold":201,"neow_bonus":"RANDOM_COMMON_RELIC","is_prod":false,"is_daily":false,"chose_seed":false,"campfire_upgraded":4,"win_rate":0,"timestamp":1553512473,"path_taken":["M","M","?","$","M","R","M","?","T","R","E","?","R","M","R","BOSS","M","?","?"],"build_version":"2019-01-23","purchased_purges":0,"victory":false,"max_hp_per_floor":[71,71,64,64,64,64,64,64,64,64,64,64,64,64,64,64,64,64,64,64],"card_choices":[{"not_picked":["Scrape","Barrage"],"picked":"Hologram","floor":1.0},{"not_picked":["Loop","Hello World"],"picked":"Gash","floor":2.0},{"not_picked":["Hologram","Rip and Tear"],"picked":"Gash","floor":5.0},{"not_picked":["Auto Shields","Barrage"],"picked":"Self Repair","floor":7.0},{"not_picked":["Cold Snap","Thunder Strike","Redo"],"picked":"SKIP","floor":11.0},{"not_picked":["Tempest","Cold Snap"],"picked":"Coolheaded","floor":14.0},{"not_picked":["Buffer","Echo Form"],"picked":"All For One","floor":16.0},{"not_picked":["Turbo","Defragment"],"picked":"FTL+1","floor":18}],"player_experience":1112904,"relics_obtained":[{"floor":9.0,"key":"Darkstone Periapt"},{"floor":11.0,"key":"Blue Candle"}],"event_choices":[{"damage_healed":0.0,"max_hp_gain":0.0,"max_hp_loss":7.0,"gold_gain":0.0,"event_name":"Golden Idol","player_choice":"Lose Max HP","floor":3.0,"gold_loss":0.0,"damage_taken":0.0,"relics_obtained":["Golden Idol"]},{"damage_healed":16.0,"max_hp_gain":0.0,"max_hp_loss":0.0,"gold_gain":0.0,"event_name":"The Cleric","player_choice":"Healed","floor":8.0,"gold_loss":35.0,"damage_taken":0.0},{"damage_healed":21.0,"max_hp_gain":0.0,"max_hp_loss":0.0,"gold_gain":0.0,"event_name":"Big Fish","player_choice":"Banana","floor":12.0,"gold_loss":0.0,"damage_taken":0.0},{"damage_healed":0,"gold_gain":0,"player_choice":"Fight","damage_taken":0,"max_hp_gain":0,"max_hp_loss":0,"event_name":"Colosseum","floor":19,"gold_loss":0},{"damage_healed":0,"gold_gain":0,"player_choice":"Fled From Nobs","damage_taken":0,"max_hp_gain":0,"max_hp_loss":0,"event_name":"Colosseum","floor":19,"gold_loss":0},{"damage_healed":0,"gold_gain":0,"player_choice":"Fought Bandits","damage_taken":0,"max_hp_gain":0,"max_hp_loss":0,"event_name":"Masked Bandits","floor":20,"gold_loss":0}],"is_beta":false,"boss_relics":[{"not_picked":["Busted Crown","Orrery"],"picked":"Black Star"}],"items_purged_floors":[],"is_endless":false,"potions_floor_spawned":[2,7,14,16,18],"killed_by":"Masked Bandits","ascension_level":20}