{"gold_per_floor":[217,167,178,3,17,47,47,66,66,94,94,109,284,584,584,685,685,700,712,712,712,173,173,133,147,174,1,1,27,27,27,27,122,122,138,183,30,30,49,49,107,120,120,120,140,172,172,172,172,172,172,172,48,77,77],"floor_reached":56,"playtime":11195,"items_purged":[],"score":1327,"play_id":"2bd12414-afce-4e76-8395-c0349a7f05fd","local_time":"20190305163008","is_ascension_mode":true,"campfire_choices":[{"data":"Footwork","floor":7,"key":"SMITH"},{"data":"Neutralize","floor":15,"key":"SMITH"},{"floor":23,"key":"REST"},{"data":"Apotheosis","floor":28,"key":"SMITH"},{"floor":30,"key":"REST"},{"floor":32,"key":"REST"},{"floor":40,"key":"RECALL"},{"floor":44,"key":"REST"},{"data":"Apotheosis","floor":47,"key":"SMITH"},{"floor":49,"key":"REST"},{"data":"Adrenaline","floor":52,"key":"SMITH"}],"neow_cost":"NONE","seed_source_timestamp":16977936368632,"circlet_count":0,"master_deck":["Defend_G","Defend_G+1","Defend_G","Defend_G","Strike_G","Strike_G","Strike_G","Strike_G","Strike_G","Survivor","Neutralize+1","Cloak And Dagger","Backflip","Footwork+1","Poisoned Stab","Deadly Poison","Predator","Leg Sweep","Escape Plan","Sucker Punch","Glass Knife","Doubt","Corpse Explosion","Blade Dance+1","Slice+1","Necronomicurse","Unload","Leg Sweep","HandOfGreed","Deflect+1","Apotheosis+1","Prepared+1","Adrenaline+1","Dagger Spray+1","Blade Dance+1","Prepared","Bouncing Flask","Flying Knee","Apotheosis+1","Dagger Spray","All Out Attack+1","Catalyst","Underhanded Strike+1","Eviscerate+1","Terror","Dodge and Roll"],"special_seed":0,"relics":["Ring of the Snake","Potion Belt","Singing Bowl","Du-Vu Doll","Old Coin","White Beast Statue","Necronomicon","Strawberry","Bag of Marbles","Juzu Bracelet","HoveringKite","Tough Bandages","Happy Flower","Bottled Flame","Mango","Unceasing Top"],"potions_floor_usage":[6,29,33,33,33,41,41,50,50,50,55,55,55],"damage_taken":[{"damage":0.0,"enemies":"Small Slimes","floor":1.0,"turns":5.0},{"damage":0.0,"enemies":"2 Louse","floor":3.0,"turns":4.0},{"damage":0.0,"enemies":"Cultist","floor":5.0,"turns":3.0},{"damage":8,"enemies":"3 Sentries","floor":6,"turns":9},{"damage":0,"enemies":"Blue Slaver","floor":8,"turns":4},{"damage":28,"enemies":"Gremlin Nob","floor":10,"turns":5},{"damage":0,"enemies":"3 Louse","floor":12,"turns":6},{"damage":30,"enemies":"Slime Boss","floor":16,"turns":12},{"damage":23,"enemies":"2 Thieves","floor":18,"turns":3},{"damage":10,"enemies":"3 Byrds","floor":19,"turns":3},{"damage":23,"enemies":"Snake Plant","floor":25,"turns":4},{"damage":17,"enemies":"Book of Stabbing","floor":29,"turns":6},{"damage":39,"enemies":"Automaton","floor":33,"turns":13},{"damage":0,"enemies":"Orb Walker","floor":35,"turns":1},{"damage":21,"enemies":"2 Orb Walkers","floor":36,"turns":2},{"damage":0,"enemies":"3 Shapes","floor":39,"turns":2},{"damage":2,"enemies":"Giant Head","floor":41,"turns":7},{"damage":13,"enemies":"Spire Growth","floor":42,"turns":3},{"damage":2,"enemies":"Jaw Worm Horde","floor":45,"turns":2},{"damage":0,"enemies":"Nemesis","floor":46,"turns":3},{"damage":86,"enemies":"Awakened One","floor":50,"turns":15},{"damage":16,"enemies":"Shield and Spear","floor":54,"turns":3},{"damage":75,"enemies":"The Heart","floor":55,"turns":10}],"seed_played":"8820678041504794133","potions_obtained":[{"floor":5.0,"key":"Strength Potion"},{"floor":6,"key":"GhostInAJar"},{"floor":10,"key":"Ancient Potion"},{"floor":12,"key":"Ancient Potion"},{"floor":18,"key":"LiquidBronze"},{"floor":19,"key":"GamblersBrew"},{"floor":25,"key":"Explosive Potion"},{"floor":29,"key":"SpeedPotion"},{"floor":33,"key":"Explosive Potion"},{"floor":35,"key":"FairyPotion"},{"floor":36,"key":"AttackPotion"},{"floor":39,"key":"SteroidPotion"},{"floor":41,"key":"Weak Potion"},{"floor":42,"key":"Weak Potion"},{"floor":45,"key":"Weak Potion"},{"floor":46,"key":"SteroidPotion"},{"floor":54,"key":"Swift Potion"}],"is_trial":false,"path_per_floor":["M","?","M","$","M","E","R","M","T","E","?","M","?","T","R","B",null,"M","M","?","?","$","R","?","M","T","$","R","E","R","T","R","B",null,"M","?","$","?","M","R","E","M","T","R","M","E","R","?","R","B",null,"R","$","E","B",null],"character_chosen":"THE_SILENT","items_purchased":["Footwork","Poisoned Stab","Deadly Poison","Strawberry","Unload","Leg Sweep","HandOfGreed","Apotheosis","Prepared","Bouncing Flask","Flying Knee","FearPotion","Terror"],"campfire_rested":5,"item_purchase_floors":[4,4,4,22,22,22,22,27,37,37,37,53,53],"current_hp_per_floor":[70,70,70,70,70,62,62,62,62,34,57,57,57,57,57,27,70,47,37,21,44,51,74,74,51,51,51,51,34,57,57,77,38,77,77,56,56,56,56,56,54,41,41,64,62,76,76,76,91,5,91,91,91,75,9],"gold":77,"neow_bonus":"HUNDRED_GOLD","is_prod":false,"is_daily":false,"chose_seed":false,"campfire_upgraded":5,"win_rate":0,"timestamp":1551821408,"path_taken":["M","?","M","$","M","E","R","M","T","E","?","M","?","?","R","BOSS","M","?","?","?","$","R","?","?","T","$","R","E","R","?","R","BOSS","M","?","$","?","M","R","E","M","T","R","M","E","R","?","R","BOSS","R","$","E","BOSS"],"build_version":"2019-01-23","purchased_purges":0,"victory":true,"max_hp_per_floor":[70,70,70,70,70,70,70,70,70,70,70,70,70,70,70,70,70,70,70,70,70,77,77,77,77,77,77,77,77,77,77,77,77,77,77,77,77,77,77,77,77,77,77,77,77,91,91,91,91,91,91,91,91,91,91],"card_choices":[{"not_picked":["Bane","Flying Knee"],"picked":"Cloak And Dagger","floor":1.0},{"not_picked":["Masterful Stab","PiercingWail"],"picked":"Backflip","floor":3.0},{"not_picked":["Prepared","Flying Knee"],"picked":"Predator","floor":5.0},{"not_picked":["Well Laid Plans","Bane"],"picked":"Leg Sweep","floor":6},{"not_picked":["Acrobatics","Dodge and Roll"],"picked":"Escape Plan","floor":8},{"not_picked":["Reflex","Expertise"],"picked":"Sucker Punch","floor":10},{"not_picked":["Endless Agony","Blade Dance"],"picked":"Glass Knife","floor":12},{"not_picked":["Unload","Burst"],"picked":"Corpse Explosion","floor":16},{"not_picked":["Masterful Stab","Deadly Poison"],"picked":"Blade Dance+1","floor":18},{"not_picked":["Masterful Stab","Leg Sweep"],"picked":"Slice","floor":19},{"not_picked":["Dagger Throw","Expertise"],"picked":"Deflect+1","floor":25},{"not_picked":["Dagger Spray+1","PiercingWail"],"picked":"Prepared+1","floor":29},{"not_picked":["Burst","After Image"],"picked":"Adrenaline","floor":33},{"not_picked":["Slice","Bane"],"picked":"Dagger Spray+1","floor":35},{"not_picked":["Prepared","Dodge and Roll"],"picked":"Blade Dance+1","floor":36},{"not_picked":["Madness","Blind"],"picked":"Apotheosis","floor":38},{"not_picked":["Slice","Cloak And Dagger"],"picked":"Dagger Spray","floor":39},{"not_picked":["Outmaneuver+1","Deflect+1"],"picked":"All Out Attack+1","floor":41},{"not_picked":["Die Die Die","Endless Agony+1"],"picked":"Catalyst","floor":42},{"not_picked":["Masterful Stab","Blade Dance+1"],"picked":"Underhanded Strike+1","floor":45},{"not_picked":["Expertise","Deadly Poison"],"picked":"Eviscerate+1","floor":46},{"not_picked":["Accuracy","Finisher"],"picked":"Dodge and Roll","floor":54}],"player_experience":185073,"relics_obtained":[{"floor":6,"key":"Potion Belt"},{"floor":9,"key":"Singing Bowl"},{"floor":10,"key":"Du-Vu Doll"},{"floor":14,"key":"Old Coin"},{"floor":20,"key":"Necronomicon"},{"floor":29,"key":"Bag of Marbles"},{"floor":31,"key":"Juzu Bracelet"},{"floor":36,"key":"Tough Bandages"},{"floor":41,"key":"Happy Flower"},{"floor":43,"key":"Bottled Flame"},{"floor":46,"key":"Mango"},{"floor":54,"key":"Unceasing Top"}],"event_choices":[{"cards_removed":["Defend_G"],"damage_healed":0.0,"max_hp_gain":0.0,"max_hp_loss":0.0,"gold_gain":0.0,"event_name":"The Cleric","player_choice":"Card Removal","floor":2.0,"gold_loss":50.0,"damage_taken":0.0},{"damage_healed":23,"gold_gain":0,"player_choice":"Banana","damage_taken":0,"max_hp_gain":0,"max_hp_loss":0,"event_name":"Big Fish","floor":11,"gold_loss":0},{"damage_healed":0,"gold_gain":175,"player_choice":"AGREE","damage_taken":0,"max_hp_gain":0,"max_hp_loss":0,"event_name":"Liars Game","floor":13,"gold_loss":0,"cards_obtained":["Doubt"]},{"damage_healed":0,"gold_gain":0,"player_choice":"Obtained Book","damage_taken":16,"max_hp_gain":0,"max_hp_loss":0,"event_name":"Cursed Tome","floor":20,"gold_loss":0},{"damage_healed":23,"gold_gain":0,"player_choice":"Heal","damage_taken":0,"max_hp_gain":0,"max_hp_loss":0,"event_name":"The Library","floor":21,"gold_loss":0},{"damage_healed":0,"gold_gain":0,"player_choice":"Upgraded Two","damage_taken":0,"max_hp_gain":0,"max_hp_loss":0,"event_name":"Designer","floor":24,"gold_loss":40,"cards_upgraded":["Defend_G","Slice"]},{"damage_healed":0,"gold_gain":0,"player_choice":"Fight","damage_taken":0,"max_hp_gain":0,"max_hp_loss":0,"event_name":"Mysterious Sphere","floor":36,"gold_loss":0},{"damage_healed":0,"gold_gain":0,"player_choice":"Memory 1","damage_taken":0,"max_hp_gain":0,"max_hp_loss":0,"event_name":"SensoryStone","floor":38,"gold_loss":0},{"damage_healed":0,"gold_gain":0,"player_choice":"Ignored","damage_taken":0,"max_hp_gain":0,"max_hp_loss":0,"event_name":"Tomb of Lord Red Mask","floor":48,"gold_loss":0}],"is_beta":false,"boss_relics":[{"not_picked":["Lizard Tail","Tiny House"],"picked":"White Beast Statue"},{"not_picked":["Orrery","Philosopher\u0027s Stone"],"picked":"HoveringKite"}],"items_purged_floors":[],"is_endless":false,"potions_floor_spawned":[5,6,10,12,18,19,25,29,33,35,36,39,41,42,45,46,54],"ascension_level":1}