{"gold_per_floor":[112,132,51,51,51,51,65,95,95,107,130,153,165,196,208,291,303,332,35,35],"floor_reached":20,"playtime":1582,"items_purged":[],"score":328,"play_id":"ddda0928-d0cf-4eac-bbb0-dfcea7f43ef2","local_time":"20190131112553","is_ascension_mode":true,"campfire_choices":[{"floor":10.0,"key":"REST"},{"floor":13.0,"key":"REST"},{"floor":15.0,"key":"REST"}],"neow_cost":"NONE","seed_source_timestamp":258497187351530,"circlet_count":0,"master_deck":["AscendersBane","Defend_G","Defend_G","Defend_G","Defend_G","Defend_G","Strike_G+1","Strike_G","Strike_G","Strike_G+1","Strike_G","Survivor","Neutralize","Acrobatics","Noxious Fumes","Leg Sweep","Bane","Footwork","Dash","Backflip","Predator","Envenom","Quick Slash+1","Mind Blast"],"special_seed":0,"relics":["Velvet Choker","Singing Bowl","Odd Mushroom","MawBank","Eternal Feather","PrismaticShard"],"potions_floor_usage":[],"damage_taken":[{"damage":0.0,"enemies":"Jaw Worm","floor":1.0,"turns":4.0},{"damage":0.0,"enemies":"Small Slimes","floor":2.0,"turns":4.0},{"damage":0.0,"enemies":"Cultist","floor":7.0,"turns":5.0},{"damage":11.0,"enemies":"The Mushroom Lair","floor":8.0,"turns":5.0},{"damage":6.0,"enemies":"Looter","floor":11.0,"turns":4.0},{"damage":0.0,"enemies":"Large Slime","floor":12.0,"turns":4.0},{"damage":0.0,"enemies":"2 Fungi Beasts","floor":14.0,"turns":4.0},{"damage":1.0,"enemies":"The Guardian","floor":16.0,"turns":13.0},{"damage":32,"enemies":"2 Thieves","floor":18,"turns":5},{"damage":38,"enemies":"Chosen","floor":20,"turns":5}],"seed_played":"-5718592766454432637","potions_obtained":[{"floor":7.0,"key":"Dexterity Potion"},{"floor":14.0,"key":"SpeedPotion"}],"is_trial":false,"path_per_floor":["M","M","$","?","?","?","M","?","T","R","M","M","R","M","R","B",null,"M","$","M"],"character_chosen":"THE_SILENT","items_purchased":["Leg Sweep","Mind Blast","PrismaticShard"],"campfire_rested":3,"item_purchase_floors":[3,19,19],"current_hp_per_floor":[59,59,59,59,39,21,21,10,10,29,23,23,42,42,61,60,65,33,33,0],"gold":35,"neow_bonus":"BOSS_RELIC","is_prod":false,"is_daily":false,"chose_seed":false,"campfire_upgraded":0,"win_rate":0,"timestamp":1548951953,"path_taken":["M","M","$","?","?","?","M","?","T","R","?","M","R","M","R","BOSS","M","$","M"],"build_version":"2019-01-23","purchased_purges":0,"victory":false,"max_hp_per_floor":[66,66,66,66,66,66,66,66,66,66,66,66,66,66,66,66,66,66,66,66],"card_choices":[{"not_picked":["Underhanded Strike","Sucker Punch"],"picked":"Acrobatics","floor":1.0},{"not_picked":["Backstab","Blade Dance"],"picked":"Noxious Fumes","floor":2.0},{"not_picked":["Dodge and Roll","Blade Dance"],"picked":"Bane","floor":7.0},{"not_picked":["Bane","Escape Plan"],"picked":"Footwork","floor":8.0},{"not_picked":["Calculated Gamble","Concentrate"],"picked":"Dash","floor":11.0},{"not_picked":["Dodge and Roll","Quick Slash"],"picked":"Backflip","floor":12.0},{"not_picked":["Deadly Poison","PiercingWail"],"picked":"Predator","floor":14.0},{"not_picked":["Malaise","Doppelganger"],"picked":"Envenom","floor":16.0},{"not_picked":["Deflect","Riddle With Holes"],"picked":"Quick Slash+1","floor":18}],"player_experience":3144496,"relics_obtained":[{"floor":8.0,"key":"Odd Mushroom"},{"floor":9.0,"key":"MawBank"}],"event_choices":[{"damage_healed":0.0,"max_hp_gain":0.0,"max_hp_loss":0.0,"gold_gain":0.0,"event_name":"The Cleric","player_choice":"Leave","floor":4.0,"gold_loss":0.0,"damage_taken":0.0},{"damage_healed":0.0,"max_hp_gain":0.0,"max_hp_loss":0.0,"gold_gain":0.0,"event_name":"Shining Light","player_choice":"Entered Light","floor":5.0,"gold_loss":0.0,"damage_taken":20.0,"cards_upgraded":["Strike_G","Strike_G"]},{"damage_healed":0.0,"max_hp_gain":0.0,"max_hp_loss":0.0,"gold_gain":0.0,"event_name":"Scrap Ooze","player_choice":"Success","floor":6.0,"gold_loss":0.0,"damage_taken":18.0,"relics_obtained":["Singing Bowl"]},{"damage_healed":0.0,"max_hp_gain":0.0,"max_hp_loss":0.0,"gold_gain":0.0,"event_name":"Mushrooms","player_choice":"Fought Mushrooms","floor":8.0,"gold_loss":0.0,"damage_taken":0.0}],"is_beta":false,"boss_relics":[{"not_picked":["White Beast Statue","Orrery"],"picked":"Eternal Feather"}],"items_purged_floors":[],"is_endless":false,"potions_floor_spawned":[7,14],"killed_by":"Chosen","ascension_level":20}