{"gold_per_floor":[116,116,166,176,33,61,61,78,78,96,171,171,171,190,190,262,262,281,312,362,17,43,43,72,72,118,132,132,151,164,164,164,239,239,249,304,304,304,324,324,334,347,392,292,308,308,308,10,10,10],"floor_reached":51,"playtime":1924,"items_purged":["Strike_B","Parasite"],"score":1417,"play_id":"8c647871-7366-4efd-955f-be3f72620027","local_time":"20190316005054","is_ascension_mode":true,"campfire_choices":[{"data":"Defragment","floor":7.0,"key":"SMITH"},{"data":"Capacitor","floor":13.0,"key":"SMITH"},{"floor":15.0,"key":"REST"},{"data":"Genetic Algorithm","floor":23.0,"key":"SMITH"},{"data":"Defragment","floor":25.0,"key":"SMITH"},{"data":"Barrage","floor":28.0,"key":"SMITH"},{"floor":32.0,"key":"REST"},{"floor":40.0,"key":"REST"},{"floor":47,"key":"REST"},{"floor":49,"key":"REST"}],"neow_cost":"NONE","seed_source_timestamp":177000389814598,"circlet_count":0,"master_deck":["AscendersBane","Strike_B","Strike_B","Defend_B","Defend_B","Defend_B+1","Defend_B+1","Zap","Dualcast","Capacitor+1","Genetic Algorithm+1","Defragment+1","Hologram","Barrage+1","Glacier","BootSequence","Core Surge","Barrage+1","Core Surge","Defragment+1","Darkness+1","Echo Form","Go for the Eyes","Seek"],"special_seed":0,"relics":["Cracked Core","NeowsBlessing","Emotion Chip","Pocketwatch","Philosopher\u0027s Stone","Red Mask","Singing Bowl","Strawberry","Bag of Preparation","Oddly Smooth Stone","Fusion Hammer","Turnip","Anchor"],"potions_floor_usage":[48,50,50],"damage_taken":[{"damage":0.0,"enemies":"Small Slimes","floor":1.0,"turns":1.0},{"damage":0.0,"enemies":"Cultist","floor":4.0,"turns":1.0},{"damage":0.0,"enemies":"3 Sentries","floor":6.0,"turns":1.0},{"damage":8.0,"enemies":"Jaw Worm","floor":8.0,"turns":2.0},{"damage":0.0,"enemies":"2 Fungi Beasts","floor":10.0,"turns":4.0},{"damage":0.0,"enemies":"3 Louse","floor":14.0,"turns":5.0},{"damage":0.0,"enemies":"Hexaghost","floor":16.0,"turns":11.0},{"damage":1.0,"enemies":"Shell Parasite","floor":18.0,"turns":7.0},{"damage":7.0,"enemies":"Masked Bandits","floor":19.0,"turns":3.0},{"damage":20.0,"enemies":"Book of Stabbing","floor":24.0,"turns":6.0},{"damage":10.0,"enemies":"Chosen","floor":27.0,"turns":4.0},{"damage":0.0,"enemies":"Snecko","floor":29.0,"turns":5.0},{"damage":1.0,"enemies":"Centurion and Healer","floor":30.0,"turns":5.0},{"damage":38.0,"enemies":"Automaton","floor":33.0,"turns":11.0},{"damage":25.0,"enemies":"Orb Walker","floor":35.0,"turns":5.0},{"damage":18.0,"enemies":"2 Orb Walkers","floor":36.0,"turns":5.0},{"damage":22.0,"enemies":"3 Darklings","floor":39.0,"turns":5.0},{"damage":0.0,"enemies":"Writhing Mass","floor":41.0,"turns":8.0},{"damage":24.0,"enemies":"Sphere and 2 Shapes","floor":42.0,"turns":5.0},{"damage":1,"enemies":"Transient","floor":45,"turns":6},{"damage":24,"enemies":"Awakened One","floor":50,"turns":13}],"seed_played":"8355220688636975602","potions_obtained":[{"floor":6.0,"key":"FocusPotion"},{"floor":14.0,"key":"FearPotion"},{"floor":18.0,"key":"Explosive Potion"},{"floor":19.0,"key":"Ancient Potion"},{"floor":33.0,"key":"Fire Potion"},{"floor":35.0,"key":"AttackPotion"},{"floor":45,"key":"Ancient Potion"}],"is_trial":false,"path_per_floor":["M","$","?","M","$","E","R","M","T","M","?","?","R","M","R","B",null,"M","?","?","$","T","R","E","R","T","M","R","M","M","?","R","B",null,"M","?","?","?","M","R","M","M","T","$","M","?","R","$","R","B",null],"character_chosen":"DEFECT","items_purchased":["Defragment","Hologram","Singing Bowl","Seek","Fruit Juice","Block Potion","Swift Potion"],"campfire_rested":5,"item_purchase_floors":[5,5,21,48,48,48,48],"current_hp_per_floor":[64,64,57,57,57,57,57,49,49,49,38,17,17,17,38,38,63,62,55,55,55,62,62,42,42,42,34,34,34,35,35,59,21,67,44,26,26,28,8,34,36,14,14,14,15,15,42,47,75,51],"gold":10,"neow_bonus":"THREE_ENEMY_KILL","is_prod":false,"is_daily":false,"chose_seed":false,"campfire_upgraded":5,"win_rate":0,"timestamp":1552693854,"path_taken":["M","$","?","?","$","E","R","M","T","M","?","?","R","M","R","BOSS","M","?","?","$","?","R","E","R","T","M","R","M","?","?","R","BOSS","M","?","?","?","M","R","M","M","T","$","M","?","R","$","R","BOSS"],"build_version":"2019-01-23","purchased_purges":2,"victory":true,"max_hp_per_floor":[71,71,71,71,71,71,71,71,71,71,71,71,71,71,71,71,71,71,71,71,71,78,78,78,78,78,80,80,80,82,82,82,82,82,84,84,84,86,88,88,90,92,92,89,91,91,91,96,96,96],"card_choices":[{"not_picked":["Rebound","Leap"],"picked":"Capacitor","floor":1.0},{"not_picked":["Stack","Cold Snap"],"picked":"Genetic Algorithm","floor":4.0},{"not_picked":["Barrage","Aggregate","Steam Power"],"picked":"SKIP","floor":6.0},{"not_picked":["Aggregate","Steam Power"],"picked":"Barrage","floor":6.0},{"not_picked":["Stack","Static Discharge"],"picked":"Chill","floor":8.0},{"not_picked":["Hologram","Go for the Eyes"],"picked":"Glacier","floor":10.0},{"not_picked":["Melter","Steam Power"],"picked":"BootSequence","floor":14.0},{"not_picked":["All For One","Hyperbeam"],"picked":"Core Surge","floor":16.0},{"not_picked":["Conserve Battery","Ball Lightning"],"picked":"Barrage+1","floor":18.0},{"not_picked":["Sunder","Lockon"],"picked":"Core Surge","floor":19.0},{"not_picked":["Go for the Eyes","Hyperbeam"],"picked":"Defragment","floor":24.0},{"not_picked":["Heatsinks","Hello World","Stack"],"picked":"Singing Bowl","floor":27.0},{"not_picked":["Steam","Sweeping Beam"],"picked":"Darkness+1","floor":29.0},{"not_picked":["Coolheaded","Cold Snap","Gash+1"],"picked":"Singing Bowl","floor":30.0},{"not_picked":["Hyperbeam","Seek"],"picked":"Echo Form","floor":33.0},{"not_picked":["Sunder+1","Streamline","Barrage+1"],"picked":"Singing Bowl","floor":35.0},{"not_picked":["Leap","Steam"],"picked":"Go for the Eyes","floor":36.0},{"not_picked":["Deep Breath","Jack Of All Trades","Blind"],"picked":"Singing Bowl","floor":38.0},{"not_picked":["Aggregate","Streamline+1","Barrage"],"picked":"Singing Bowl","floor":39.0},{"not_picked":["Leap","Cold Snap+1","FTL"],"picked":"Singing Bowl","floor":41.0},{"not_picked":["Go for the Eyes","Conserve Battery","Hologram"],"picked":"Singing Bowl","floor":42.0},{"not_picked":["Conserve Battery","Turbo","Go for the Eyes+1"],"picked":"Singing Bowl","floor":45}],"player_experience":1025760,"relics_obtained":[{"floor":6.0,"key":"Emotion Chip"},{"floor":9.0,"key":"Pocketwatch"},{"floor":19.0,"key":"Red Mask"},{"floor":22.0,"key":"Strawberry"},{"floor":24.0,"key":"Bag of Preparation"},{"floor":26.0,"key":"Oddly Smooth Stone"},{"floor":36.0,"key":"Turnip"},{"floor":43.0,"key":"Anchor"}],"event_choices":[{"damage_healed":0.0,"max_hp_gain":0.0,"max_hp_loss":0.0,"gold_gain":50.0,"event_name":"FaceTrader","player_choice":"Touch","floor":3.0,"gold_loss":0.0,"damage_taken":7.0},{"damage_healed":0.0,"max_hp_gain":0.0,"max_hp_loss":0.0,"gold_gain":75.0,"event_name":"World of Goop","player_choice":"Gather Gold","floor":11.0,"gold_loss":0.0,"damage_taken":11.0},{"damage_healed":0.0,"max_hp_gain":0.0,"max_hp_loss":0.0,"gold_gain":0.0,"event_name":"Shining Light","player_choice":"Entered Light","floor":12.0,"gold_loss":0.0,"damage_taken":21.0,"cards_upgraded":["Defend_B","Defend_B"]},{"damage_healed":0.0,"max_hp_gain":0.0,"max_hp_loss":0.0,"gold_gain":0.0,"event_name":"Masked Bandits","player_choice":"Fought Bandits","floor":19.0,"gold_loss":0.0,"damage_taken":0.0},{"damage_healed":0.0,"max_hp_gain":0.0,"max_hp_loss":0.0,"gold_gain":50.0,"event_name":"Nest","player_choice":"Stole From Cult","floor":20.0,"gold_loss":0.0,"damage_taken":0.0},{"damage_healed":0.0,"max_hp_gain":0.0,"max_hp_loss":0.0,"gold_gain":0.0,"event_name":"The Mausoleum","player_choice":"Ignored","floor":31.0,"gold_loss":0.0,"damage_taken":0.0},{"damage_healed":0.0,"max_hp_gain":0.0,"max_hp_loss":0.0,"gold_gain":0.0,"event_name":"Mysterious Sphere","player_choice":"Fight","floor":36.0,"gold_loss":0.0,"damage_taken":0.0},{"cards_removed":["Chill"],"damage_healed":0.0,"max_hp_gain":0.0,"max_hp_loss":0.0,"gold_gain":0.0,"event_name":"Falling","player_choice":"Removed Skill","floor":37.0,"gold_loss":0.0,"damage_taken":0.0},{"damage_healed":0.0,"max_hp_gain":0.0,"max_hp_loss":0.0,"gold_gain":0.0,"event_name":"SensoryStone","player_choice":"Memory 1","floor":38.0,"gold_loss":0.0,"damage_taken":0.0},{"cards_removed":["Strike_B"],"damage_healed":0,"gold_gain":0,"player_choice":"Purged","damage_taken":0,"max_hp_gain":0,"max_hp_loss":0,"event_name":"Purifier","floor":46,"gold_loss":0}],"is_beta":false,"boss_relics":[{"not_picked":["Tiny House","Empty Cage"],"picked":"Philosopher\u0027s Stone"},{"not_picked":["Coffee Dripper","Runic Pyramid"],"picked":"Fusion Hammer"}],"items_purged_floors":[21,44],"is_endless":false,"potions_floor_spawned":[6,14,18,19,33,35,45],"ascension_level":19}