{"gold_per_floor":[114,74,88,88,88,88,99,99,99,99,113,113,125,142,142,216,216,233,233],"floor_reached":19,"playtime":3832,"items_purged":[],"score":310,"play_id":"adff6c52-8336-48b3-8cb6-057584fa6481","local_time":"20190118114226","is_ascension_mode":true,"campfire_choices":[{"data":"Zap","floor":6.0,"key":"SMITH"},{"data":"Dualcast","floor":8.0,"key":"SMITH"},{"data":"Go for the Eyes","floor":10.0,"key":"SMITH"},{"floor":15.0,"key":"REST"}],"neow_cost":"NONE","seed_source_timestamp":360508201531951,"circlet_count":0,"master_deck":["AscendersBane","Strike_B","Strike_B","Strike_B","Defend_B","Defend_B","Defend_B","Defend_B","Zap+1","Dualcast+1","Go for the Eyes+1","Ball Lightning","Auto Shields","Go for the Eyes","Regret","Cold Snap","Hologram","Coolheaded","Darkness","All For One","Conserve Battery"],"special_seed":0,"relics":["Cracked Core","Pen Nib","Kunai","Velvet Choker"],"potions_floor_usage":[19,19],"damage_taken":[{"damage":0.0,"enemies":"Jaw Worm","floor":1.0,"turns":4.0},{"damage":1.0,"enemies":"2 Louse","floor":3.0,"turns":2.0},{"damage":10.0,"enemies":"Small Slimes","floor":7.0,"turns":3.0},{"damage":2.0,"enemies":"Exordium Wildlife","floor":11.0,"turns":4.0},{"damage":1.0,"enemies":"2 Fungi Beasts","floor":13.0,"turns":2.0},{"damage":9.0,"enemies":"Looter","floor":14.0,"turns":2.0},{"damage":42.0,"enemies":"Hexaghost","floor":16.0,"turns":10.0},{"damage":12.0,"enemies":"3 Byrds","floor":18.0,"turns":4.0},{"damage":17,"enemies":"Colosseum Slavers","floor":19,"turns":5},{"damage":37,"enemies":"Colosseum Nobs","floor":19,"turns":4}],"seed_played":"8923087672087072411","potions_obtained":[{"floor":3.0,"key":"Strength Potion"},{"floor":7.0,"key":"Weak Potion"},{"floor":13.0,"key":"Dexterity Potion"},{"floor":18.0,"key":"SteroidPotion"}],"is_trial":false,"path_per_floor":["M","$","M","?","?","R","M","R","T","R","M","?","M","M","R","B",null,"M","?"],"character_chosen":"DEFECT","items_purchased":["Auto Shields"],"campfire_rested":1,"item_purchase_floors":[2],"current_hp_per_floor":[64,64,63,63,63,63,53,53,53,53,51,51,50,41,62,20,58,46,0],"gold":233,"neow_bonus":"TRANSFORM_CARD","is_prod":false,"is_daily":false,"chose_seed":false,"campfire_upgraded":3,"win_rate":0,"timestamp":1547829746,"path_taken":["M","$","M","?","?","R","M","R","T","R","M","?","M","M","R","BOSS","M","?"],"build_version":"2019-01-17v2","purchased_purges":0,"victory":false,"max_hp_per_floor":[71,71,71,71,71,71,71,71,71,71,71,71,71,71,71,71,71,71,71],"card_choices":[{"not_picked":["Hologram","Conserve Battery"],"picked":"Ball Lightning","floor":1.0},{"not_picked":["Reinforced Body","Aggregate"],"picked":"Go for the Eyes","floor":3.0},{"not_picked":["Stack","Streamline"],"picked":"Cold Snap","floor":7.0},{"not_picked":["Turbo","Stack"],"picked":"Hologram","floor":11.0},{"not_picked":["Lockon","Recycle"],"picked":"Coolheaded","floor":13.0},{"not_picked":["Undo","Rebound"],"picked":"Darkness","floor":14.0},{"not_picked":["Biased Cognition","Reboot"],"picked":"All For One","floor":16.0},{"not_picked":["Streamline","Stack"],"picked":"Conserve Battery","floor":18.0}],"player_experience":2961134,"relics_obtained":[{"floor":9.0,"key":"Kunai"}],"event_choices":[{"damage_healed":0.0,"max_hp_gain":0.0,"max_hp_loss":0.0,"gold_gain":0.0,"event_name":"Big Fish","player_choice":"Box","floor":4.0,"gold_loss":0.0,"damage_taken":0.0,"relics_obtained":["Pen Nib"],"cards_obtained":["Regret"]},{"damage_healed":0.0,"max_hp_gain":0.0,"max_hp_loss":0.0,"gold_gain":0.0,"event_name":"Liars Game","player_choice":"Ignored","floor":5.0,"gold_loss":0.0,"damage_taken":0.0},{"damage_healed":0.0,"max_hp_gain":0.0,"max_hp_loss":0.0,"gold_gain":0.0,"event_name":"Shining Light","player_choice":"Ignored","floor":12.0,"gold_loss":0.0,"damage_taken":0.0},{"damage_healed":0,"gold_gain":0,"player_choice":"Fight","damage_taken":0,"max_hp_gain":0,"max_hp_loss":0,"event_name":"Colosseum","floor":19,"gold_loss":0},{"damage_healed":0,"gold_gain":0,"player_choice":"Fought Nobs","damage_taken":0,"max_hp_gain":0,"max_hp_loss":0,"event_name":"Colosseum","floor":19,"gold_loss":0}],"is_beta":false,"boss_relics":[{"not_picked":["Philosopher\u0027s Stone","Cursed Key"],"picked":"Velvet Choker"}],"items_purged_floors":[],"is_endless":false,"potions_floor_spawned":[3,7,11,13,18],"killed_by":"Colosseum Nobs","ascension_level":19}