{"gold_per_floor":[219,229,93,108,123,123,153,153,153,187,187,201,276,276,276,372,372,389,406,406,52,62,62,76,76,76,76,90,35,35,134,134,232,232,250,250,295,306,324,324,277,277,277,303,323,10,38,38,38,38,38,38,16,45,45],"floor_reached":55,"playtime":6900,"items_purged":[],"score":768,"play_id":"a3df85ca-3036-4d77-9497-ce5f9169e4c2","local_time":"20190319041155","is_ascension_mode":true,"campfire_choices":[{"data":"Zap","floor":6.0,"key":"SMITH"},{"floor":11.0,"key":"REST"},{"data":"Dualcast","floor":15.0,"key":"SMITH"},{"floor":23.0,"key":"REST"},{"floor":25.0,"key":"REST"},{"data":"White Noise","floor":27.0,"key":"SMITH"},{"floor":32.0,"key":"REST"},{"floor":40.0,"key":"REST"},{"floor":42,"key":"RECALL"},{"floor":49,"key":"REST"},{"data":"Consume","floor":52,"key":"SMITH"}],"neow_cost":"NONE","seed_source_timestamp":0,"circlet_count":0,"master_deck":["Strike_B+1","Strike_B+1","Strike_B+1","Strike_B+1","Defend_B+1","Defend_B+1","Defend_B+1","Defend_B+1","Zap+1","Dualcast+1","Go for the Eyes","White Noise+1","Coolheaded","Reinforced Body","Stack","Coolheaded","Blizzard","Blizzard","Echo Form","FTL","FTL","Leap","Sunder","Defragment+1","Consume+1","Go for the Eyes+1","Electrodynamics","Cold Snap+1","Conserve Battery","Reinforced Body+1","Capacitor+1","Glacier","Melter","Defragment+1","Hologram","Sweeping Beam+1"],"special_seed":0,"relics":["Cracked Core","Ornamental Fan","Bag of Preparation","Black Star","Mercury Hourglass","Dodecahedron","Tiny Chest","Busted Crown","Emotion Chip","Bottled Flame","Kunai","Bag of Marbles","DollysMirror","Letter Opener","Molten Egg 2","Bird Faced Urn","Blue Candle"],"potions_floor_usage":[50,50,55],"damage_taken":[{"damage":6.0,"enemies":"Jaw Worm","floor":1.0,"turns":3.0},{"damage":0.0,"enemies":"Cultist","floor":2.0,"turns":4.0},{"damage":5.0,"enemies":"Small Slimes","floor":4.0,"turns":2.0},{"damage":7.0,"enemies":"Blue Slaver","floor":5.0,"turns":4.0},{"damage":35.0,"enemies":"3 Sentries","floor":7.0,"turns":8.0},{"damage":35.0,"enemies":"Gremlin Nob","floor":10.0,"turns":5.0},{"damage":4.0,"enemies":"Red Slaver","floor":12.0,"turns":3.0},{"damage":28.0,"enemies":"Hexaghost","floor":16.0,"turns":11.0},{"damage":18.0,"enemies":"Spheric Guardian","floor":18.0,"turns":6.0},{"damage":5.0,"enemies":"Chosen","floor":19.0,"turns":6.0},{"damage":18.0,"enemies":"Centurion and Healer","floor":22.0,"turns":5.0},{"damage":19.0,"enemies":"Snake Plant","floor":24.0,"turns":4.0},{"damage":9.0,"enemies":"Chosen and Byrds","floor":28.0,"turns":6.0},{"damage":70.0,"enemies":"Automaton","floor":33.0,"turns":11.0},{"damage":0.0,"enemies":"3 Darklings","floor":35.0,"turns":3.0},{"damage":32.0,"enemies":"2 Orb Walkers","floor":37.0,"turns":5.0},{"damage":9.0,"enemies":"Orb Walker","floor":38.0,"turns":4.0},{"damage":16.0,"enemies":"3 Darklings","floor":39.0,"turns":4.0},{"damage":0,"enemies":"Reptomancer","floor":44,"turns":9},{"damage":2,"enemies":"Jaw Worm Horde","floor":45,"turns":3},{"damage":1,"enemies":"Giant Head","floor":47,"turns":10},{"damage":23,"enemies":"Time Eater","floor":50,"turns":14},{"damage":44,"enemies":"Shield and Spear","floor":54,"turns":7},{"damage":35,"enemies":"The Heart","floor":55,"turns":2}],"seed_played":"9084976386430443029","potions_obtained":[{"floor":1.0,"key":"LiquidBronze"},{"floor":4.0,"key":"FearPotion"},{"floor":7.0,"key":"Ancient Potion"},{"floor":12.0,"key":"PowerPotion"},{"floor":16.0,"key":"Swift Potion"},{"floor":24.0,"key":"Swift Potion"},{"floor":35.0,"key":"AttackPotion"},{"floor":45,"key":"FearPotion"},{"floor":47,"key":"SteroidPotion"},{"floor":54,"key":"FocusPotion"}],"is_trial":false,"path_per_floor":["M","M","$","M","M","R","E","?","T","E","R","M","?","?","R","B",null,"M","M","?","$","M","R","M","R","T","R","M","?","?","?","R","B",null,"M","?","?","M","M","R","$","R","T","E","M","$","E","?","R","B",null,"R","$","E","B"],"character_chosen":"DEFECT","items_purchased":["Coolheaded","Compile Driver","Reinforced Body","Leap","Mercury Hourglass","Sunder","Conserve Battery","Glacier","Melter","DollysMirror","Hologram"],"campfire_rested":6,"item_purchase_floors":[3,3,3,21,21,21,41,46,46,46,53],"current_hp_per_floor":[69,69,69,64,57,57,22,75,75,40,62,58,47,72,72,44,75,57,52,52,52,34,56,37,59,59,59,50,50,50,50,72,2,75,75,75,43,34,18,40,40,40,40,40,38,38,37,37,58,35,71,71,71,27,0],"gold":45,"neow_bonus":"HUNDRED_GOLD","is_prod":false,"is_daily":false,"chose_seed":false,"campfire_upgraded":4,"win_rate":0,"timestamp":1552983115,"path_taken":["M","M","$","M","M","R","E","?","T","E","R","?","?","?","R","BOSS","M","M","?","$","M","R","?","R","T","R","M","?","?","?","R","BOSS","M","?","?","M","M","R","$","R","T","E","M","$","E","?","R","BOSS","R","$","E","BOSS"],"build_version":"2019-01-23","purchased_purges":0,"victory":false,"max_hp_per_floor":[75,75,75,75,75,75,75,75,75,75,75,75,75,75,75,75,75,75,75,75,75,75,75,75,75,75,75,75,75,75,75,75,75,75,75,75,75,75,75,75,75,75,75,75,75,75,75,71,71,71,71,71,71,71,71],"card_choices":[{"not_picked":["Aggregate","Turbo"],"picked":"Go for the Eyes","floor":1.0},{"not_picked":["Conserve Battery","Stack"],"picked":"White Noise","floor":2.0},{"not_picked":["Reinforced Body","Rebound"],"picked":"Stack","floor":4.0},{"not_picked":["Hello World","Darkness","Heatsinks"],"picked":"SKIP","floor":5.0},{"not_picked":["Hello World","Heatsinks"],"picked":"Darkness","floor":5.0},{"not_picked":["Rebound","Aggregate"],"picked":"Coolheaded","floor":7.0},{"not_picked":["Redo","Leap"],"picked":"Blizzard","floor":10.0},{"not_picked":["Steam","Static Discharge"],"picked":"Blizzard","floor":12.0},{"not_picked":["Buffer","Seek"],"picked":"Echo Form","floor":16.0},{"not_picked":["Rebound+1","Conserve Battery"],"picked":"FTL","floor":18.0},{"not_picked":["Turbo","Heatsinks+1"],"picked":"FTL","floor":19.0},{"not_picked":["Gash","Doom and Gloom+1"],"picked":"Defragment+1","floor":22.0},{"not_picked":["Compile Driver","Redo"],"picked":"Consume","floor":24.0},{"not_picked":["Barrage","Double Energy"],"picked":"Go for the Eyes+1","floor":28.0},{"not_picked":["All For One","Machine Learning"],"picked":"Electrodynamics","floor":33.0},{"not_picked":[],"picked":"Cold Snap+1","floor":35.0},{"not_picked":["Go for the Eyes"],"picked":"SKIP","floor":38.0},{"not_picked":["Compile Driver"],"picked":"SKIP","floor":39.0},{"not_picked":[],"picked":"Reinforced Body+1","floor":44},{"not_picked":[],"picked":"Capacitor+1","floor":45},{"not_picked":["Rebound+1"],"picked":"SKIP","floor":47},{"not_picked":[],"picked":"Sweeping Beam+1","floor":54}],"player_experience":291578,"relics_obtained":[{"floor":7.0,"key":"Ornamental Fan"},{"floor":10.0,"key":"Bag of Preparation"},{"floor":26.0,"key":"Dodecahedron"},{"floor":37.0,"key":"Emotion Chip"},{"floor":43,"key":"Bottled Flame"},{"floor":44,"key":"Kunai"},{"floor":44,"key":"Bag of Marbles"},{"floor":47,"key":"Letter Opener"},{"floor":47,"key":"Molten Egg 2"},{"floor":54,"key":"Bird Faced Urn"},{"floor":54,"key":"Blue Candle"}],"event_choices":[{"cards_removed":["Darkness"],"damage_healed":53.0,"max_hp_gain":0.0,"max_hp_loss":0.0,"gold_gain":0.0,"event_name":"Bonfire Elementals","player_choice":"Offered Uncommon","floor":8.0,"gold_loss":0.0,"damage_taken":0.0},{"damage_healed":0.0,"max_hp_gain":0.0,"max_hp_loss":0.0,"gold_gain":75.0,"event_name":"World of Goop","player_choice":"Gather Gold","floor":13.0,"gold_loss":0.0,"damage_taken":11.0},{"damage_healed":25.0,"max_hp_gain":0.0,"max_hp_loss":0.0,"gold_gain":0.0,"event_name":"Big Fish","player_choice":"Banana","floor":14.0,"gold_loss":0.0,"damage_taken":0.0},{"damage_healed":0.0,"max_hp_gain":0.0,"max_hp_loss":0.0,"gold_gain":0.0,"event_name":"Match and Keep!","player_choice":"0 cards matched","floor":20.0,"gold_loss":0.0,"damage_taken":0.0,"cards_obtained":[]},{"damage_healed":0.0,"max_hp_gain":0.0,"max_hp_loss":0.0,"gold_gain":0.0,"event_name":"Addict","player_choice":"Obtained Relic","floor":29.0,"gold_loss":85.0,"damage_taken":0.0,"relics_obtained":["Tiny Chest"]},{"damage_healed":0.0,"max_hp_gain":0.0,"max_hp_loss":0.0,"gold_gain":0.0,"event_name":"Back to Basics","player_choice":"Simplicity","floor":30.0,"gold_loss":0.0,"damage_taken":0.0,"cards_upgraded":["Strike_B","Strike_B","Strike_B","Strike_B","Defend_B","Defend_B","Defend_B","Defend_B"]},{"damage_healed":0.0,"max_hp_gain":0.0,"max_hp_loss":0.0,"gold_gain":99.0,"event_name":"Nest","player_choice":"Stole From Cult","floor":31.0,"gold_loss":0.0,"damage_taken":0.0},{"cards_removed":["Compile Driver"],"damage_healed":0.0,"max_hp_gain":0.0,"max_hp_loss":0.0,"gold_gain":0.0,"event_name":"Falling","player_choice":"Removed Attack","floor":36.0,"gold_loss":0.0,"damage_taken":0.0},{"damage_healed":0.0,"max_hp_gain":0.0,"max_hp_loss":0.0,"gold_gain":0.0,"event_name":"Mysterious Sphere","player_choice":"Fight","floor":37.0,"gold_loss":0.0,"damage_taken":0.0},{"damage_healed":0,"gold_gain":0,"player_choice":"Max HP","damage_taken":0,"max_hp_gain":0,"max_hp_loss":4,"event_name":"Winding Halls","floor":48,"gold_loss":0}],"is_beta":false,"boss_relics":[{"not_picked":["Calling Bell","Orrery"],"picked":"Black Star"},{"not_picked":["Eternal Feather","FrozenCore"],"picked":"Busted Crown"}],"items_purged_floors":[],"is_endless":false,"potions_floor_spawned":[1,4,7,12,16,24,28,35,45,47,54],"killed_by":"The Heart","ascension_level":1}