{"gold_per_floor":[110,110,110,110,110,153,153,168,168,207,223,263,187,237,237,330,330,355,432,456,506,60,60,75,116,116,132,147,0,38,51,51,144,144,164,185,16,40,90,134,1,24,24,199,199,212,212,225,225,225,225],"floor_reached":52,"playtime":10510,"items_purged":["Strike_B","Defend_B"],"score":1980,"play_id":"96d98c00-b8c2-4c46-abb6-e09ecf352d1f","local_time":"20190208180400","is_ascension_mode":true,"campfire_choices":[{"data":"Streamline","floor":7.0,"key":"SMITH"},{"data":"Zap","floor":15.0,"key":"SMITH"},{"data":"Hyperbeam","floor":23.0,"key":"SMITH"},{"data":"Blizzard","floor":32.0,"key":"SMITH"},{"data":"Rainbow","floor":45,"key":"SMITH"},{"data":"Thunder Strike","floor":47,"key":"SMITH"},{"data":"Turbo","floor":49,"key":"SMITH"}],"neow_cost":"NONE","seed_source_timestamp":38029624790130,"circlet_count":0,"master_deck":["AscendersBane","Strike_B","Strike_B","Strike_B","Defend_B","Defend_B","Defend_B","Zap+1","Dualcast","Streamline+1","Chill","Hyperbeam+1","Self Repair+1","Ball Lightning","Genetic Algorithm","Loop+1","Biased Cognition+1","Conserve Battery","Genetic Algorithm","Heatsinks+1","Glacier","Self Repair+1","Core Surge","Coolheaded+1","Defragment+1","Steam","Coolheaded+1","Blizzard+1","Core Surge","Cold Snap","Compile Driver","Rainbow+1","Compile Driver","Parasite","Thunder Strike+1","Core Surge","Loop+1","Finesse","Cold Snap","Defragment+1","Turbo+1"],"special_seed":0,"relics":["Cracked Core","NeowsBlessing","Golden Idol","Question Card","SsserpentHead","Ancient Tea Set","Mummified Hand","Frozen Egg 2","Juzu Bracelet","Coffee Dripper","Smiling Mask","Lee\u0027s Waffle","Du-Vu Doll","Darkstone Periapt","Lantern","Inserter","Anchor","Bottled Lightning","Dead Branch"],"potions_floor_usage":[40,48,50],"damage_taken":[{"damage":0.0,"enemies":"Small Slimes","floor":1.0,"turns":1.0},{"damage":0.0,"enemies":"Lagavulin","floor":6.0,"turns":1.0},{"damage":0.0,"enemies":"2 Louse","floor":8.0,"turns":1.0},{"damage":0.0,"enemies":"3 Sentries","floor":10.0,"turns":5.0},{"damage":2.0,"enemies":"Jaw Worm","floor":11.0,"turns":3.0},{"damage":31.0,"enemies":"Lagavulin","floor":12.0,"turns":5.0},{"damage":12.0,"enemies":"Slime Boss","floor":16.0,"turns":6.0},{"damage":31.0,"enemies":"2 Thieves","floor":18.0,"turns":4.0},{"damage":24.0,"enemies":"3 Byrds","floor":20.0,"turns":4.0},{"damage":19.0,"enemies":"Centurion and Healer","floor":24.0,"turns":7.0},{"damage":42.0,"enemies":"Book of Stabbing","floor":25.0,"turns":6.0},{"damage":6.0,"enemies":"Shelled Parasite and Fungi","floor":27.0,"turns":5.0},{"damage":19.0,"enemies":"Snake Plant","floor":28.0,"turns":4.0},{"damage":16.0,"enemies":"Slavers","floor":30.0,"turns":6.0},{"damage":4.0,"enemies":"Snecko","floor":31.0,"turns":5.0},{"damage":3.0,"enemies":"Automaton","floor":33.0,"turns":10.0},{"damage":4.0,"enemies":"Orb Walker","floor":35.0,"turns":3.0},{"damage":4.0,"enemies":"3 Shapes","floor":36.0,"turns":2.0},{"damage":45.0,"enemies":"Writhing Mass","floor":38.0,"turns":7.0},{"damage":9,"enemies":"Nemesis","floor":40,"turns":7},{"damage":12,"enemies":"Jaw Worm Horde","floor":42,"turns":3},{"damage":9,"enemies":"Mind Bloom Boss Battle","floor":44,"turns":5},{"damage":1,"enemies":"4 Shapes","floor":46,"turns":4},{"damage":30,"enemies":"3 Darklings","floor":48,"turns":4},{"damage":19,"enemies":"Awakened One","floor":50,"turns":19},{"damage":34,"enemies":"Time Eater","floor":51,"turns":9}],"seed_played":"7166727096756586930","potions_obtained":[{"floor":8.0,"key":"Explosive Potion"},{"floor":11.0,"key":"LiquidBronze"},{"floor":12.0,"key":"Strength Potion"},{"floor":14.0,"key":"PowerPotion"},{"floor":16.0,"key":"SteroidPotion"},{"floor":18.0,"key":"Regen Potion"},{"floor":20.0,"key":"Strength Potion"},{"floor":28.0,"key":"Weak Potion"},{"floor":31.0,"key":"SpeedPotion"},{"floor":42,"key":"Energy Potion"}],"is_trial":false,"path_per_floor":["M","?","?","T","?","E","R","M","T","E","M","E","$","?","R","B",null,"M","T","M","?","$","R","M","E","T","M","M","$","E","M","R","B",null,"M","M","$","M","?","E","$","M","T","?","R","M","R","M","R","B","B",null],"character_chosen":"DEFECT","items_purchased":["Loop+1","Heatsinks+1","Glacier","Lee\u0027s Waffle","Defragment+1","Steam","Rainbow","Compile Driver","Loop+1","Finesse"],"campfire_rested":0,"item_purchase_floors":[13,22,22,22,29,29,37,37,41,41],"current_hp_per_floor":[64,69,69,69,69,69,69,69,69,69,69,48,48,48,48,46,63,42,42,40,40,76,76,67,35,35,49,50,50,54,70,70,76,76,76,76,76,57,57,58,58,66,66,67,67,82,82,62,62,43,9],"gold":225,"neow_bonus":"THREE_ENEMY_KILL","is_prod":false,"is_daily":false,"chose_seed":false,"campfire_upgraded":7,"win_rate":0,"timestamp":1549667040,"path_taken":["M","?","?","?","?","E","R","M","T","E","M","E","$","?","R","BOSS","M","?","M","?","$","R","M","E","T","M","M","$","E","M","R","BOSS","M","M","?","M","?","E","$","M","T","?","R","M","R","M","R","BOSS","BOSS"],"build_version":"2019-01-23","purchased_purges":2,"victory":true,"max_hp_per_floor":[71,76,69,69,69,69,69,69,69,69,69,69,69,69,69,69,69,69,69,69,69,76,76,76,76,76,76,76,76,76,76,76,76,76,76,76,76,82,82,82,82,82,82,82,82,82,82,82,82,82,82],"card_choices":[{"not_picked":["Barrage","Hologram"],"picked":"Streamline","floor":1.0},{"not_picked":["Double Energy","Leap","Hologram"],"picked":"Chill","floor":6.0},{"not_picked":["Leap","Steam","Rip and Tear"],"picked":"Hyperbeam","floor":8.0},{"not_picked":["Beam Cell","Consume","Recycle"],"picked":"Self Repair","floor":10.0},{"not_picked":["Steam","Self Repair+1","Beam Cell"],"picked":"Ball Lightning","floor":11.0},{"not_picked":["Hello World+1","Cold Snap","Glacier"],"picked":"Genetic Algorithm","floor":12.0},{"not_picked":["Seek","Buffer+1","Meteor Strike"],"picked":"Biased Cognition+1","floor":16.0},{"not_picked":["Undo","Beam Cell","Leap"],"picked":"Conserve Battery","floor":18.0},{"not_picked":["Recycle+1","Rip and Tear","Chaos","Streamline"],"picked":"SKIP","floor":20.0},{"not_picked":["Hello World+1","Barrage+1","Heatsinks+1"],"picked":"White Noise","floor":24.0},{"not_picked":["Redo","Aggregate","Ball Lightning"],"picked":"Self Repair+1","floor":25.0},{"not_picked":["Streamline","Redo+1","Stack"],"picked":"Core Surge","floor":27.0},{"not_picked":["Recycle","BootSequence","Scrape"],"picked":"Coolheaded+1","floor":28.0},{"not_picked":["Genetic Algorithm+1","Lockon","Reprogram"],"picked":"Coolheaded+1","floor":30.0},{"not_picked":["Glacier","Chill","Sweeping Beam"],"picked":"Blizzard","floor":31.0},{"not_picked":["Thunder Strike","Hyperbeam","Meteor Strike"],"picked":"Core Surge","floor":33.0},{"not_picked":["Gash","Redo+1","Conserve Battery"],"picked":"Cold Snap","floor":35.0},{"not_picked":["Gash","Sweeping Beam+1","Barrage"],"picked":"Compile Driver","floor":36.0},{"not_picked":["Rebound","Conserve Battery","Gash"],"picked":"Thunder Strike","floor":38.0},{"not_picked":["Double Energy","Auto Shields","Redo+1"],"picked":"Core Surge","floor":40},{"not_picked":["Recycle","Steam","Conserve Battery","Melter+1"],"picked":"SKIP","floor":42},{"not_picked":["Stack","Chill","Rebound"],"picked":"Cold Snap","floor":44},{"not_picked":["Beam Cell","Hologram","Reprogram"],"picked":"Defragment+1","floor":46},{"not_picked":["Ball Lightning","Cold Snap","Aggregate"],"picked":"Turbo","floor":48}],"player_experience":3243143,"relics_obtained":[{"floor":4.0,"key":"Question Card"},{"floor":6.0,"key":"Ancient Tea Set"},{"floor":9.0,"key":"Mummified Hand"},{"floor":10.0,"key":"Frozen Egg 2"},{"floor":12.0,"key":"Juzu Bracelet"},{"floor":19.0,"key":"Smiling Mask"},{"floor":25.0,"key":"Du-Vu Doll"},{"floor":26.0,"key":"Darkstone Periapt"},{"floor":30.0,"key":"Lantern"},{"floor":40,"key":"Anchor"},{"floor":43,"key":"Bottled Lightning"},{"floor":44,"key":"Dead Branch"}],"event_choices":[{"damage_healed":0.0,"max_hp_gain":5.0,"max_hp_loss":0.0,"gold_gain":0.0,"event_name":"Big Fish","player_choice":"Donut","floor":2.0,"gold_loss":0.0,"damage_taken":0.0},{"damage_healed":0.0,"max_hp_gain":0.0,"max_hp_loss":7.0,"gold_gain":0.0,"event_name":"Golden Idol","player_choice":"Lose Max HP","floor":3.0,"gold_loss":0.0,"damage_taken":0.0,"relics_obtained":["Golden Idol"]},{"damage_healed":0.0,"max_hp_gain":0.0,"max_hp_loss":0.0,"gold_gain":0.0,"event_name":"FaceTrader","player_choice":"Trade","floor":5.0,"gold_loss":0.0,"damage_taken":0.0,"relics_obtained":["SsserpentHead"]},{"damage_healed":0.0,"max_hp_gain":0.0,"max_hp_loss":0.0,"gold_gain":0.0,"event_name":"Lab","player_choice":"Got Potions","floor":14.0,"gold_loss":0.0,"damage_taken":0.0},{"damage_healed":0.0,"max_hp_gain":0.0,"max_hp_loss":0.0,"gold_gain":0.0,"event_name":"Duplicator","player_choice":"Copied","floor":21.0,"gold_loss":0.0,"damage_taken":0.0,"cards_obtained":["Genetic Algorithm"]},{"cards_removed":["White Noise"],"damage_healed":0.0,"max_hp_gain":0.0,"max_hp_loss":0.0,"gold_gain":0.0,"event_name":"Falling","player_choice":"Removed Skill","floor":39.0,"gold_loss":0.0,"damage_taken":0.0},{"damage_healed":0,"gold_gain":0,"player_choice":"Fight","damage_taken":0,"max_hp_gain":0,"max_hp_loss":0,"event_name":"MindBloom","floor":44,"gold_loss":0}],"is_beta":false,"boss_relics":[{"not_picked":["Ectoplasm","Runic Dome"],"picked":"Coffee Dripper"},{"not_picked":["Snecko Eye","FrozenCore"],"picked":"Inserter"}],"items_purged_floors":[22,29],"is_endless":false,"potions_floor_spawned":[8,11,12,16,18,20,28,31,33,36,38,42],"ascension_level":20}