{"gold_per_floor":[113,113,123,123,138,138,158,193,193,212,223,223,239,0,0,100,100,120,131,131,143,19,19,45,45,68,68,79,94,94,108,108,108],"floor_reached":33,"playtime":2450,"items_purged":["Defend_R"],"score":310,"play_id":"4db80c3d-3e45-4c92-bad5-18caafe688d7","local_time":"20190308125208","is_ascension_mode":true,"campfire_choices":[{"data":"True Grit","floor":6.0,"key":"SMITH"},{"data":"Whirlwind","floor":12.0,"key":"SMITH"},{"floor":15.0,"key":"REST"},{"data":"Limit Break","floor":23,"key":"SMITH"},{"data":"Metallicize","floor":25,"key":"SMITH"},{"floor":27,"key":"REST"},{"data":"Spot Weakness","floor":32,"key":"SMITH"}],"neow_cost":"NONE","seed_source_timestamp":723552133767651,"circlet_count":0,"master_deck":["Defend_R+1","Defend_R","Defend_R","Bash","True Grit+1","Spot Weakness+1","Whirlwind+1","Metallicize+1","Armaments","Limit Break+1","Shrug It Off","Shrug It Off+1","Evolve+1","Pommel Strike+1","Bite","Bite","Bite","Bite","Bite"],"special_seed":0,"relics":["Burning Blood","NeowsBlessing","Gambling Chip","Paper Frog","Kunai","Mark of Pain","The Courier","Ancient Tea Set"],"potions_floor_usage":[16,16,21,24,24,28,29,33],"damage_taken":[{"damage":0.0,"enemies":"Small Slimes","floor":1.0,"turns":1.0},{"damage":0.0,"enemies":"Jaw Worm","floor":3.0,"turns":1.0},{"damage":0.0,"enemies":"Cultist","floor":5.0,"turns":1.0},{"damage":1.0,"enemies":"Exordium Wildlife","floor":7.0,"turns":3.0},{"damage":45.0,"enemies":"3 Sentries","floor":8.0,"turns":9.0},{"damage":13.0,"enemies":"Large Slime","floor":10.0,"turns":6.0},{"damage":9.0,"enemies":"Exordium Thugs","floor":11.0,"turns":4.0},{"damage":0.0,"enemies":"Gremlin Gang","floor":13.0,"turns":1.0},{"damage":30,"enemies":"Slime Boss","floor":16,"turns":10},{"damage":19,"enemies":"2 Thieves","floor":18,"turns":4},{"damage":15,"enemies":"Chosen","floor":19,"turns":5},{"damage":28,"enemies":"Centurion and Healer","floor":21,"turns":5},{"damage":30,"enemies":"Book of Stabbing","floor":24,"turns":7},{"damage":2,"enemies":"Snake Plant","floor":28,"turns":7},{"damage":0,"enemies":"Chosen and Byrds","floor":29,"turns":6},{"damage":11,"enemies":"Centurion and Healer","floor":31,"turns":6},{"damage":78,"enemies":"Collector","floor":33,"turns":7}],"seed_played":"4092009389622316976","potions_obtained":[{"floor":8.0,"key":"Ancient Potion"},{"floor":10.0,"key":"SkillPotion"},{"floor":11.0,"key":"SpeedPotion"},{"floor":13.0,"key":"AttackPotion"},{"floor":16,"key":"BloodPotion"},{"floor":19,"key":"PowerPotion"},{"floor":24,"key":"Block Potion"},{"floor":29,"key":"Explosive Potion"}],"is_trial":false,"path_per_floor":["M","?","M","?","M","R","M","E","T","M","M","R","M","$","R","B",null,"M","M","?","M","$","R","E","R","T","R","M","M","?","M","R","B"],"character_chosen":"IRONCLAD","items_purchased":["Kunai","Fire Potion"],"campfire_rested":2,"item_purchase_floors":[14,22],"current_hp_per_floor":[80,64,70,70,76,76,80,41,41,34,31,31,37,37,61,37,80,67,58,58,36,36,36,20,20,20,44,48,54,54,54,54,0],"gold":108,"neow_bonus":"THREE_ENEMY_KILL","is_prod":false,"is_daily":false,"chose_seed":false,"campfire_upgraded":5,"win_rate":0,"timestamp":1552067528,"path_taken":["M","?","M","?","M","R","M","E","T","M","M","R","M","?","R","BOSS","M","M","?","?","$","R","E","R","T","R","M","M","?","M","R","BOSS"],"build_version":"2019-01-23","purchased_purges":1,"victory":false,"max_hp_per_floor":[80,80,80,80,80,80,80,80,80,80,80,80,80,80,80,80,80,80,80,80,80,80,80,80,80,80,80,80,80,56,56,56,56],"card_choices":[{"not_picked":["Havoc","Hemokinesis"],"picked":"True Grit","floor":1.0},{"not_picked":["Warcry","Dropkick","Havoc"],"picked":"SKIP","floor":3.0},{"not_picked":["True Grit","Sentinel","Rage"],"picked":"SKIP","floor":5.0},{"not_picked":["Headbutt","Sever Soul"],"picked":"Spot Weakness","floor":7.0},{"not_picked":["Sever Soul","Shrug It Off"],"picked":"Whirlwind","floor":8.0},{"not_picked":["Battle Trance","Clash"],"picked":"Metallicize","floor":10.0},{"not_picked":["Dark Embrace","True Grit"],"picked":"Armaments","floor":11.0},{"not_picked":["Pummel","Sentinel","Reckless Charge"],"picked":"SKIP","floor":13.0},{"not_picked":["Immolate","Brutality"],"picked":"Limit Break","floor":16},{"not_picked":["Body Slam","Anger","Clash"],"picked":"SKIP","floor":18},{"not_picked":["Pommel Strike","Clothesline"],"picked":"Shrug It Off","floor":19},{"not_picked":["Heavy Blade","True Grit"],"picked":"Shrug It Off+1","floor":21},{"not_picked":["Dual Wield","Corruption+1"],"picked":"Evolve+1","floor":24},{"not_picked":["Dropkick","Heavy Blade+1","Rupture"],"picked":"SKIP","floor":28},{"not_picked":["Cleave","Uppercut+1"],"picked":"Pommel Strike+1","floor":29},{"not_picked":["Pummel","Double Tap","Clash"],"picked":"SKIP","floor":31}],"player_experience":98799,"relics_obtained":[{"floor":8.0,"key":"Gambling Chip"},{"floor":9.0,"key":"Paper Frog"},{"floor":24,"key":"The Courier"},{"floor":26,"key":"Ancient Tea Set"}],"event_choices":[{"damage_healed":0.0,"max_hp_gain":0.0,"max_hp_loss":0.0,"gold_gain":0.0,"event_name":"Shining Light","player_choice":"Entered Light","floor":2.0,"gold_loss":0.0,"damage_taken":16.0,"cards_upgraded":["Strike_R","Defend_R"]},{"damage_healed":0.0,"max_hp_gain":0.0,"max_hp_loss":0.0,"gold_gain":0.0,"event_name":"Golden Idol","player_choice":"Ignored","floor":4.0,"gold_loss":0.0,"damage_taken":0.0},{"cards_removed":["Strike_R"],"damage_healed":0,"gold_gain":0,"player_choice":"Purged","damage_taken":0,"max_hp_gain":0,"max_hp_loss":0,"event_name":"Purifier","floor":20,"gold_loss":0},{"damage_healed":0,"gold_gain":0,"player_choice":"Became a vampire","damage_taken":0,"max_hp_gain":0,"max_hp_loss":24,"event_name":"Vampires","floor":30,"gold_loss":0,"cards_obtained":["Bite","Bite","Bite","Bite","Bite"]}],"is_beta":false,"boss_relics":[{"not_picked":["Empty Cage","Tiny House"],"picked":"Mark of Pain"}],"items_purged_floors":[22],"is_endless":false,"potions_floor_spawned":[8,10,11,13,16,19,24,29],"killed_by":"Collector","ascension_level":1}