{"gold_per_floor":[118,135,150,6,6,33,95,95,95,95,110,121,21,38,38,137,137,155,255,255,14,14,14,27,55,55,55,65,94,94,9,9,112,112,132,146,21,21,39,39,58,58,83,8,8,18,18,28,28,28],"floor_reached":51,"playtime":1414,"items_purged":["Strike_R","Strike_R","Strike_R+1"],"score":710,"play_id":"dedaa614-7f18-434b-99e1-d93a5322830a","local_time":"20190322210319","is_ascension_mode":false,"campfire_choices":[{"data":"Bash","floor":8.0,"key":"SMITH"},{"data":"Pummel","floor":10.0,"key":"SMITH"},{"data":"Spot Weakness","floor":15.0,"key":"SMITH"},{"data":"Demon Form","floor":23.0,"key":"SMITH"},{"data":"Battle Trance","floor":27.0,"key":"SMITH"},{"data":"Twin Strike","floor":30.0,"key":"SMITH"},{"data":"Discovery","floor":32.0,"key":"SMITH"},{"data":"Immolate","floor":40,"key":"SMITH"},{"data":"Pummel","floor":42,"key":"SMITH"},{"data":"Headbutt","floor":49,"key":"SMITH"}],"neow_cost":"NONE","seed_source_timestamp":14072705454650,"circlet_count":0,"master_deck":["Strike_R+1","Strike_R+1","Defend_R+1","Defend_R+1","Defend_R+1","Defend_R+1","Bash+1","Flex+1","Battle Trance+1","Pummel+1","Headbutt+1","Twin Strike+1","Spot Weakness+1","Demon Form+1","Pummel+1","Whirlwind+1","Disarm+1","Discovery+1"],"special_seed":0,"relics":["Burning Blood","NeowsBlessing","Dream Catcher","Bag of Marbles","Ornamental Fan","Busted Crown","Bird Faced Urn","Blue Candle","Oddly Smooth Stone","Bottled Tornado","Pear","Darkstone Periapt","StoneCalendar","Snecko Eye","Bronze Scales"],"potions_floor_usage":[39,48,50,50,50],"damage_taken":[{"damage":0.0,"enemies":"Cultist","floor":1.0,"turns":1.0},{"damage":0.0,"enemies":"Jaw Worm","floor":2.0,"turns":1.0},{"damage":0.0,"enemies":"2 Louse","floor":3.0,"turns":1.0},{"damage":14.0,"enemies":"Gremlin Nob","floor":6.0,"turns":3.0},{"damage":17.0,"enemies":"3 Sentries","floor":7.0,"turns":7.0},{"damage":4.0,"enemies":"Blue Slaver","floor":11.0,"turns":3.0},{"damage":4.0,"enemies":"2 Fungi Beasts","floor":12.0,"turns":2.0},{"damage":0.0,"enemies":"Lots of Slimes","floor":14.0,"turns":3.0},{"damage":7.0,"enemies":"Slime Boss","floor":16.0,"turns":8.0},{"damage":10.0,"enemies":"2 Thieves","floor":18.0,"turns":3.0},{"damage":7.0,"enemies":"Colosseum Slavers","floor":19.0,"turns":4.0},{"damage":5.0,"enemies":"Colosseum Nobs","floor":19.0,"turns":3.0},{"damage":1.0,"enemies":"Spheric Guardian","floor":24.0,"turns":3.0},{"damage":3.0,"enemies":"Book of Stabbing","floor":25.0,"turns":3.0},{"damage":10.0,"enemies":"Chosen and Byrds","floor":28.0,"turns":3.0},{"damage":26.0,"enemies":"Gremlin Leader","floor":29.0,"turns":4.0},{"damage":12.0,"enemies":"Automaton","floor":33.0,"turns":6.0},{"damage":7.0,"enemies":"3 Darklings","floor":35.0,"turns":2.0},{"damage":15.0,"enemies":"Orb Walker","floor":36.0,"turns":4.0},{"damage":12,"enemies":"Jaw Worm Horde","floor":39,"turns":3},{"damage":0,"enemies":"Sphere and 2 Shapes","floor":41,"turns":2},{"damage":1,"enemies":"Maw","floor":46,"turns":5},{"damage":16,"enemies":"3 Darklings","floor":48,"turns":3},{"damage":39,"enemies":"Awakened One","floor":50,"turns":7}],"seed_played":"-8126218054415995195","potions_obtained":[{"floor":2.0,"key":"SkillPotion"},{"floor":7.0,"key":"PowerPotion"},{"floor":12.0,"key":"Energy Potion"},{"floor":18.0,"key":"GamblersBrew"},{"floor":24.0,"key":"Swift Potion"},{"floor":33.0,"key":"Regen Potion"},{"floor":39,"key":"Explosive Potion"},{"floor":48,"key":"Fire Potion"}],"is_trial":false,"path_per_floor":["M","M","M","$","?","E","?","R","T","R","M","M","$","M","R","B",null,"M","?","?","$","?","R","M","E","T","R","M","E","R","$","R","B",null,"M","M","$","?","M","R","M","R","T","$","?","M","?","M","R","B",null],"character_chosen":"IRONCLAD","items_purchased":["Pummel","Bottled Tornado","Discovery","Corruption"],"campfire_rested":0,"item_purchase_floors":[4,21,31,44],"current_hp_per_floor":[80,80,80,80,80,72,61,61,61,61,63,65,65,71,71,70,80,76,76,76,76,76,76,80,90,90,90,86,68,68,68,68,64,90,89,81,81,81,81,81,89,89,89,89,89,90,100,90,90,74],"gold":28,"neow_bonus":"THREE_ENEMY_KILL","is_prod":false,"is_daily":false,"chose_seed":false,"campfire_upgraded":10,"win_rate":0,"timestamp":1553310199,"path_taken":["M","M","M","?","?","E","?","R","T","R","M","M","$","M","R","BOSS","M","?","?","$","?","R","M","E","T","R","?","E","R","$","R","BOSS","M","M","?","?","?","R","M","R","T","$","?","M","?","M","R","BOSS"],"build_version":"2019-01-23","purchased_purges":3,"victory":true,"max_hp_per_floor":[80,80,80,80,80,80,80,80,80,80,80,80,80,80,80,80,80,80,80,80,80,80,80,80,90,90,90,90,90,90,90,90,90,90,90,90,90,90,90,90,90,90,90,90,90,90,100,100,100,100],"card_choices":[{"not_picked":["Clash","Body Slam","Warcry"],"picked":"SKIP","floor":1.0},{"not_picked":["Second Wind","Sword Boomerang"],"picked":"Flex","floor":2.0},{"not_picked":["Shrug It Off","Berserk"],"picked":"Battle Trance","floor":3.0},{"not_picked":["Dual Wield","Anger","Body Slam"],"picked":"SKIP","floor":6.0},{"not_picked":["Rupture","Rampage"],"picked":"Headbutt","floor":7.0},{"not_picked":["Cleave","Ghostly Armor"],"picked":"Twin Strike","floor":11.0},{"not_picked":["Warcry","Anger","Berserk"],"picked":"SKIP","floor":12.0},{"not_picked":["Pommel Strike","Body Slam"],"picked":"Spot Weakness","floor":14.0},{"not_picked":["Offering","Immolate"],"picked":"Demon Form","floor":16.0},{"not_picked":["Blood for Blood+1"],"picked":"SKIP","floor":18.0},{"not_picked":[],"picked":"Pummel","floor":19.0},{"not_picked":["Metallicize"],"picked":"SKIP","floor":24.0},{"not_picked":[],"picked":"Whirlwind+1","floor":25.0},{"not_picked":[],"picked":"Disarm+1","floor":28.0},{"not_picked":["Seeing Red"],"picked":"SKIP","floor":29.0},{"not_picked":[],"picked":"Immolate","floor":33.0},{"not_picked":["Ghostly Armor"],"picked":"SKIP","floor":35.0},{"not_picked":["Body Slam"],"picked":"SKIP","floor":36.0},{"not_picked":["Burning Pact"],"picked":"SKIP","floor":39},{"not_picked":["Bloodletting+1"],"picked":"SKIP","floor":41},{"not_picked":["Flex+1"],"picked":"SKIP","floor":46},{"not_picked":["Reckless Charge+1"],"picked":"SKIP","floor":48}],"player_experience":1119828,"relics_obtained":[{"floor":6.0,"key":"Dream Catcher"},{"floor":9.0,"key":"Ornamental Fan"},{"floor":19.0,"key":"Bird Faced Urn"},{"floor":19.0,"key":"Blue Candle"},{"floor":25.0,"key":"Pear"},{"floor":26.0,"key":"Darkstone Periapt"},{"floor":29.0,"key":"StoneCalendar"},{"floor":43,"key":"Bronze Scales"}],"event_choices":[{"damage_healed":0.0,"max_hp_gain":0.0,"max_hp_loss":0.0,"gold_gain":0.0,"event_name":"Living Wall","player_choice":"Grow","floor":5.0,"gold_loss":0.0,"damage_taken":0.0,"cards_upgraded":["Flex"]},{"damage_healed":0.0,"max_hp_gain":0.0,"max_hp_loss":0.0,"gold_gain":30.0,"event_name":"Dead Adventurer","player_choice":"Searched \u00273\u0027 times","floor":7.0,"gold_loss":0.0,"damage_taken":0.0,"relics_obtained":["Bag of Marbles"]},{"damage_healed":0.0,"max_hp_gain":0.0,"max_hp_loss":0.0,"gold_gain":0.0,"event_name":"Colosseum","player_choice":"Fight","floor":19.0,"gold_loss":0.0,"damage_taken":0.0},{"damage_healed":0.0,"max_hp_gain":0.0,"max_hp_loss":0.0,"gold_gain":0.0,"event_name":"Colosseum","player_choice":"Fought Nobs","floor":19.0,"gold_loss":0.0,"damage_taken":0.0},{"damage_healed":0.0,"max_hp_gain":0.0,"max_hp_loss":0.0,"gold_gain":0.0,"event_name":"The Mausoleum","player_choice":"Opened","floor":20.0,"gold_loss":0.0,"damage_taken":0.0,"relics_obtained":["Oddly Smooth Stone"]},{"damage_healed":0.0,"max_hp_gain":0.0,"max_hp_loss":0.0,"gold_gain":0.0,"event_name":"Back to Basics","player_choice":"Simplicity","floor":22.0,"gold_loss":0.0,"damage_taken":0.0,"cards_upgraded":["Strike_R","Strike_R","Strike_R","Defend_R","Defend_R","Defend_R","Defend_R"]},{"damage_healed":0,"gold_gain":0,"player_choice":"Memory 1","damage_taken":0,"max_hp_gain":0,"max_hp_loss":0,"event_name":"SensoryStone","floor":38,"gold_loss":0},{"cards_removed":["Corruption"],"damage_healed":0,"gold_gain":0,"player_choice":"Removed Power","damage_taken":0,"max_hp_gain":0,"max_hp_loss":0,"event_name":"Falling","floor":45,"gold_loss":0},{"cards_removed":["Immolate"],"damage_healed":0,"gold_gain":0,"player_choice":"Offered Rare","damage_taken":0,"max_hp_gain":10,"max_hp_loss":0,"event_name":"Bonfire Elementals","floor":47,"gold_loss":0}],"is_beta":false,"boss_relics":[{"not_picked":["Coffee Dripper","Sozu"],"picked":"Busted Crown"},{"not_picked":["Fusion Hammer","Orrery"],"picked":"Snecko Eye"}],"items_purged_floors":[4,13,37],"is_endless":false,"potions_floor_spawned":[2,7,12,18,19,24,33,39,48],"ascension_level":0}