{"gold_per_floor":[366,441,441,453,471,471,501,501,578,543,554,588,601,612,612,714,714,728,199,215,130,146,146,172,172,172,172,172,185,220,233,233,332,332,346,346,346,116,133,151,162,162,162,185,197,255,267,311,323,335,347,359,66,91,91],"floor_reached":56,"playtime":8187,"items_purged":["Strike_R","Strike_R","Defend_R"],"score":1298,"play_id":"1f094810-9449-4c98-8e52-1b81721afb4a","local_time":"20190305131953","is_ascension_mode":true,"campfire_choices":[{"floor":6.0,"key":"REST"},{"data":"Feed","floor":8.0,"key":"SMITH"},{"floor":15.0,"key":"REST"},{"data":"Demon Form","floor":23.0,"key":"SMITH"},{"floor":25.0,"key":"REST"},{"data":"Battle Trance","floor":27.0,"key":"SMITH"},{"floor":32.0,"key":"REST"},{"floor":42,"key":"RECALL"},{"floor":45,"key":"REST"},{"floor":47,"key":"REST"},{"floor":49,"key":"REST"},{"data":"Heavy Blade","floor":52,"key":"SMITH"}],"neow_cost":"TEN_PERCENT_HP_LOSS","seed_source_timestamp":0,"circlet_count":0,"master_deck":["Strike_R","Strike_R","Defend_R","Defend_R","Defend_R","Bash","Heavy Blade+1","Cleave+1","Iron Wave","Feed+1","Pommel Strike+1","Whirlwind","Iron Wave","Demon Form+1","Offering","Iron Wave","Battle Trance+1","Shrug It Off+1","Offering+1","True Grit+1","Disarm+1"],"special_seed":0,"relics":["Burning Blood","Happy Flower","Matryoshka","Oddly Smooth Stone","Sozu","Membership Card","Orichalcum","Incense Burner","Dead Branch","Ginger","Frozen Egg 2","Molten Egg 2","Singing Bowl","Velvet Choker","Vajra","ClockworkSouvenir","MawBank","Bird Faced Urn","Pen Nib","Brimstone","War Paint","Art of War","Whetstone"],"potions_floor_usage":[],"damage_taken":[{"damage":2.0,"enemies":"2 Louse","floor":1.0,"turns":3.0},{"damage":10.0,"enemies":"Cultist","floor":4.0,"turns":4.0},{"damage":11.0,"enemies":"Jaw Worm","floor":5.0,"turns":2.0},{"damage":26.0,"enemies":"3 Sentries","floor":7.0,"turns":6.0},{"damage":10.0,"enemies":"Looter","floor":11.0,"turns":2.0},{"damage":34.0,"enemies":"Lagavulin","floor":12.0,"turns":4.0},{"damage":0.0,"enemies":"Large Slime","floor":13.0,"turns":6.0},{"damage":6.0,"enemies":"Blue Slaver","floor":14.0,"turns":3.0},{"damage":78.0,"enemies":"The Guardian","floor":16.0,"turns":13.0},{"damage":0.0,"enemies":"3 Byrds","floor":18.0,"turns":5.0},{"damage":0.0,"enemies":"Chosen","floor":20.0,"turns":4.0},{"damage":14.0,"enemies":"Centurion and Healer","floor":22.0,"turns":5.0},{"damage":33.0,"enemies":"Slavers","floor":24.0,"turns":4.0},{"damage":24.0,"enemies":"Shelled Parasite and Fungi","floor":29.0,"turns":7.0},{"damage":9.0,"enemies":"Gremlin Leader","floor":30.0,"turns":6.0},{"damage":23.0,"enemies":"Snake Plant","floor":31.0,"turns":4.0},{"damage":50.0,"enemies":"Collector","floor":33.0,"turns":7.0},{"damage":15.0,"enemies":"3 Darklings","floor":35.0,"turns":4.0},{"damage":6.0,"enemies":"Orb Walker","floor":39.0,"turns":2.0},{"damage":19.0,"enemies":"Maw","floor":40.0,"turns":5.0},{"damage":48,"enemies":"4 Shapes","floor":41,"turns":2},{"damage":22,"enemies":"Writhing Mass","floor":44,"turns":7},{"damage":42,"enemies":"2 Orb Walkers","floor":46,"turns":6},{"damage":12,"enemies":"Reptomancer","floor":48,"turns":4},{"damage":75,"enemies":"Awakened One","floor":50,"turns":9},{"damage":31,"enemies":"Shield and Spear","floor":54,"turns":4},{"damage":108,"enemies":"The Heart","floor":55,"turns":6}],"seed_played":"-3923994368750829731","potions_obtained":[{"floor":5.0,"key":"AttackPotion"},{"floor":11.0,"key":"Block Potion"},{"floor":16.0,"key":"Energy Potion"}],"is_trial":false,"path_per_floor":["M","?","$","M","M","R","E","R","T","?","M","E","M","M","R","B",null,"M","$","M","?","M","R","E","R","T","R","?","M","E","M","R","B",null,"M","?","?","$","M","M","M","R","T","M","R","?","R","E","R","B",null,"R","$","E","B",null],"character_chosen":"IRONCLAD","items_purchased":["Membership Card","Orichalcum","Incense Burner","Offering","Iron Wave","Vajra","ClockworkSouvenir","Brimstone","War Paint","Art of War"],"campfire_rested":7,"item_purchase_floors":[19,19,19,19,19,38,38,53,53,53],"current_hp_per_floor":[72,65,65,61,56,72,52,52,52,70,70,42,52,56,81,9,84,88,88,92,92,84,84,61,89,89,89,89,75,74,61,92,50,108,101,101,101,101,103,90,50,50,50,40,76,42,78,76,113,48,124,124,124,105,7],"gold":91,"neow_bonus":"TWO_FIFTY_GOLD","is_prod":false,"is_daily":false,"chose_seed":false,"campfire_upgraded":4,"win_rate":0,"timestamp":1551809993,"path_taken":["M","?","$","M","?","R","E","R","T","?","M","E","M","M","R","BOSS","M","$","M","?","M","R","E","R","T","R","?","M","E","M","R","BOSS","M","?","?","$","M","M","M","R","T","M","R","?","R","E","R","BOSS","R","$","E","BOSS"],"build_version":"2019-01-23","purchased_purges":3,"victory":true,"max_hp_per_floor":[72,72,72,72,72,72,72,72,72,72,76,76,80,84,84,84,84,88,88,92,92,92,92,96,96,96,96,96,100,102,106,106,108,108,110,110,110,110,112,112,114,114,114,120,120,122,122,124,124,124,124,124,124,128,128],"card_choices":[{"not_picked":["Clothesline","Infernal Blade"],"picked":"Heavy Blade","floor":1.0},{"not_picked":["Clash","Armaments"],"picked":"Cleave","floor":4.0},{"not_picked":["Twin Strike","Thunderclap"],"picked":"Iron Wave","floor":5.0},{"not_picked":["Clothesline","Body Slam"],"picked":"Feed","floor":7.0},{"not_picked":["Perfected Strike","Heavy Blade"],"picked":"Pommel Strike","floor":11.0},{"not_picked":["Heavy Blade","Havoc"],"picked":"Whirlwind","floor":12.0},{"not_picked":["Armaments","Pommel Strike","Exhume"],"picked":"SKIP","floor":13.0},{"not_picked":["Headbutt","Rage"],"picked":"Iron Wave","floor":14.0},{"not_picked":["Fiend Fire","Exhume"],"picked":"Demon Form","floor":16.0},{"not_picked":["Thunderclap","Armaments","Searing Blow"],"picked":"SKIP","floor":18.0},{"not_picked":["Headbutt+1","Fire Breathing+1"],"picked":"Battle Trance","floor":20.0},{"not_picked":["Seeing Red","Ghostly Armor+1","Entrench"],"picked":"SKIP","floor":22.0},{"not_picked":["Clothesline","Clash","Dual Wield+1"],"picked":"SKIP","floor":24.0},{"not_picked":["Sword Boomerang+1","Seeing Red","Iron Wave+1"],"picked":"SKIP","floor":29.0},{"not_picked":["Body Slam+1","Rupture+1","Dual Wield"],"picked":"Singing Bowl","floor":30.0},{"not_picked":["Clash+1","Twin Strike+1"],"picked":"Offering","floor":31.0},{"not_picked":["Immolate+1","Demon Form+1","Limit Break"],"picked":"Singing Bowl","floor":33.0},{"not_picked":["Inflame+1","Metallicize+1","Body Slam+1"],"picked":"Singing Bowl","floor":35.0},{"not_picked":["Sentinel+1","Infernal Blade","Wild Strike+1"],"picked":"Singing Bowl","floor":39.0},{"not_picked":["Warcry","Headbutt+1"],"picked":"True Grit+1","floor":40.0},{"not_picked":["Flex+1","Burning Pact+1","Demon Form+1"],"picked":"Singing Bowl","floor":41},{"not_picked":["Second Wind+1","Pommel Strike+1","Searing Blow+1"],"picked":"Singing Bowl","floor":44},{"not_picked":["True Grit","Iron Wave+1","Perfected Strike+1"],"picked":"Singing Bowl","floor":46},{"not_picked":["Battle Trance","Twin Strike+1","Iron Wave+1"],"picked":"Singing Bowl","floor":48},{"not_picked":["Ghostly Armor+1","Flex"],"picked":"Disarm+1","floor":54}],"player_experience":176886,"relics_obtained":[{"floor":7.0,"key":"Happy Flower"},{"floor":9.0,"key":"Matryoshka"},{"floor":12.0,"key":"Oddly Smooth Stone"},{"floor":24.0,"key":"Ginger"},{"floor":26.0,"key":"Frozen Egg 2"},{"floor":26.0,"key":"Molten Egg 2"},{"floor":30.0,"key":"Singing Bowl"},{"floor":43,"key":"MawBank"},{"floor":46,"key":"Bird Faced Urn"},{"floor":48,"key":"Pen Nib"},{"floor":54,"key":"Whetstone"}],"event_choices":[{"damage_healed":0.0,"max_hp_gain":0.0,"max_hp_loss":0.0,"gold_gain":75.0,"event_name":"FaceTrader","player_choice":"Touch","floor":2.0,"gold_loss":0.0,"damage_taken":7.0},{"damage_healed":18.0,"max_hp_gain":0.0,"max_hp_loss":0.0,"gold_gain":0.0,"event_name":"The Cleric","player_choice":"Healed","floor":10.0,"gold_loss":35.0,"damage_taken":0.0},{"damage_healed":0.0,"max_hp_gain":0.0,"max_hp_loss":0.0,"gold_gain":0.0,"event_name":"Addict","player_choice":"Obtained Relic","floor":21.0,"gold_loss":85.0,"damage_taken":0.0,"relics_obtained":["Dead Branch"]},{"damage_healed":0.0,"max_hp_gain":0.0,"max_hp_loss":0.0,"gold_gain":0.0,"event_name":"The Library","player_choice":"Read","floor":28.0,"gold_loss":0.0,"damage_taken":0.0,"cards_obtained":["Shrug It Off"]},{"damage_healed":0.0,"max_hp_gain":0.0,"max_hp_loss":0.0,"gold_gain":0.0,"event_name":"Tomb of Lord Red Mask","player_choice":"Ignored","floor":36.0,"gold_loss":0.0,"damage_taken":0.0},{"cards_removed":["Strike_R"],"damage_healed":0.0,"max_hp_gain":0.0,"max_hp_loss":0.0,"gold_gain":0.0,"event_name":"Falling","player_choice":"Removed Attack","floor":37.0,"gold_loss":0.0,"damage_taken":0.0},{"damage_healed":0,"gold_gain":0,"player_choice":"Fight","damage_taken":0,"max_hp_gain":0,"max_hp_loss":0,"event_name":"Mysterious Sphere","floor":46,"gold_loss":0}],"is_beta":false,"boss_relics":[{"not_picked":["Lizard Tail","Eternal Feather"],"picked":"Sozu"},{"not_picked":["Coffee Dripper","Busted Crown"],"picked":"Velvet Choker"}],"items_purged_floors":[19,38,53],"is_endless":false,"potions_floor_spawned":[5,11,16,20,33,41,44,46,48,54],"ascension_level":1}