{"gold_per_floor":[112,127,127,24,24,24,85,85,111,111,111,122,142,153,153,229,229,241,256,275,289,289,289,304,304],"floor_reached":25,"playtime":3551,"items_purged":[],"score":380,"play_id":"3498a40e-dfa0-46e1-9144-36e4ac1eae01","local_time":"20190107025727","is_ascension_mode":true,"campfire_choices":[{"data":"Armaments","floor":6.0,"key":"SMITH"},{"data":"Shockwave","floor":8.0,"key":"SMITH"},{"data":"Inflame","floor":15.0,"key":"SMITH"},{"floor":23,"key":"REST"}],"neow_cost":"TEN_PERCENT_HP_LOSS","seed_source_timestamp":8229872782926,"circlet_count":0,"master_deck":["AscendersBane","Strike_R","Strike_R","Strike_R","Strike_R","Defend_R","Defend_R","Defend_R","Defend_R","Bash","Armaments+1","Shockwave+1","Shrug It Off","Carnage","Feel No Pain","Evolve","Infernal Blade+1","Inflame+1","Barricade","Heavy Blade"],"special_seed":0,"relics":["Burning Blood","Ginger","Bag of Marbles","Toxic Egg 2","Busted Crown"],"potions_floor_usage":[21],"damage_taken":[{"damage":6.0,"enemies":"Cultist","floor":1.0,"turns":3.0},{"damage":3.0,"enemies":"Small Slimes","floor":2.0,"turns":3.0},{"damage":6.0,"enemies":"2 Louse","floor":12.0,"turns":2.0},{"damage":0.0,"enemies":"Lots of Slimes","floor":13.0,"turns":1.0},{"damage":12.0,"enemies":"2 Fungi Beasts","floor":14.0,"turns":3.0},{"damage":51.0,"enemies":"The Guardian","floor":16.0,"turns":10.0},{"damage":29.0,"enemies":"2 Thieves","floor":18.0,"turns":4.0},{"damage":12.0,"enemies":"Chosen","floor":19.0,"turns":3.0},{"damage":19.0,"enemies":"Snake Plant","floor":20.0,"turns":3.0},{"damage":0,"enemies":"Cultist and Chosen","floor":21,"turns":5},{"damage":23,"enemies":"Chosen and Byrds","floor":24,"turns":7},{"damage":29,"enemies":"Gremlin Leader","floor":25,"turns":2}],"seed_played":"-156263211641903638","potions_obtained":[{"floor":1.0,"key":"AttackPotion"},{"floor":12.0,"key":"SteroidPotion"},{"floor":14.0,"key":"LiquidBronze"},{"floor":18.0,"key":"AttackPotion"},{"floor":19.0,"key":"LiquidBronze"},{"floor":20.0,"key":"Strength Potion"}],"is_trial":false,"path_per_floor":["M","M","?","$","?","R","?","R","T","?","T","M","M","M","R","B",null,"M","M","M","M","?","R","M","E"],"character_chosen":"IRONCLAD","items_purchased":["Shrug It Off","Carnage"],"campfire_rested":1,"item_purchase_floors":[4,4],"current_hp_per_floor":[68,68,68,68,73,73,73,73,73,73,73,73,73,67,67,22,60,37,31,18,24,24,45,28,0],"gold":304,"neow_bonus":"ONE_RARE_RELIC","is_prod":false,"is_daily":false,"chose_seed":false,"campfire_upgraded":3,"win_rate":0,"timestamp":1546847847,"path_taken":["M","?","?","$","?","R","?","R","T","?","?","?","M","M","R","BOSS","M","M","M","M","?","R","M","E"],"build_version":"2019-01-03v4","purchased_purges":0,"victory":false,"max_hp_per_floor":[68,68,68,68,73,73,73,73,73,73,73,73,73,73,73,73,73,73,73,73,73,73,73,73,73],"card_choices":[{"not_picked":["Intimidate","Twin Strike"],"picked":"Armaments","floor":1.0},{"not_picked":["Body Slam","True Grit"],"picked":"Shockwave","floor":2.0},{"not_picked":["Body Slam","Rupture"],"picked":"Evolve","floor":12.0},{"not_picked":["Rampage","Shockwave+1"],"picked":"Infernal Blade+1","floor":13.0},{"not_picked":["True Grit+1","Wild Strike"],"picked":"Inflame","floor":14.0},{"not_picked":["Bludgeon","Juggernaut"],"picked":"Barricade","floor":16.0},{"not_picked":[],"picked":"Heavy Blade","floor":18.0},{"not_picked":["Armaments+1"],"picked":"SKIP","floor":19.0},{"not_picked":["Twin Strike"],"picked":"SKIP","floor":20.0},{"not_picked":["Dark Embrace"],"picked":"SKIP","floor":21},{"not_picked":["Armaments+1"],"picked":"SKIP","floor":24}],"player_experience":2822441,"relics_obtained":[{"floor":9.0,"key":"Bag of Marbles"},{"floor":11.0,"key":"Toxic Egg 2"}],"event_choices":[{"damage_healed":0.0,"max_hp_gain":0.0,"max_hp_loss":0.0,"gold_gain":0.0,"event_name":"The Cleric","player_choice":"Leave","floor":3.0,"gold_loss":0.0,"damage_taken":0.0},{"damage_healed":0.0,"max_hp_gain":5.0,"max_hp_loss":0.0,"gold_gain":0.0,"event_name":"Big Fish","player_choice":"Donut","floor":5.0,"gold_loss":0.0,"damage_taken":0.0},{"damage_healed":0.0,"max_hp_gain":0.0,"max_hp_loss":0.0,"gold_gain":61.0,"event_name":"Golden Wing","player_choice":"Gained Gold","floor":7.0,"gold_loss":0.0,"damage_taken":0.0},{"damage_healed":0.0,"max_hp_gain":0.0,"max_hp_loss":0.0,"gold_gain":0.0,"cards_transformed":["Strike_R"],"event_name":"Living Wall","player_choice":"Change","floor":10.0,"gold_loss":0.0,"damage_taken":0.0,"cards_obtained":["Feel No Pain"]},{"damage_healed":0,"gold_gain":0,"player_choice":"Ignored","damage_taken":0,"max_hp_gain":0,"max_hp_loss":0,"event_name":"N\u0027loth","floor":22,"gold_loss":0}],"is_beta":false,"boss_relics":[{"not_picked":["Black Star","Calling Bell"],"picked":"Busted Crown"}],"items_purged_floors":[],"is_endless":false,"potions_floor_spawned":[1,12,14,18,19,20],"killed_by":"Gremlin Leader","ascension_level":19}