{"gold_per_floor":[369,369,369,379,14,14,41,41,64,64,99,115,144,156,156,156],"floor_reached":16,"playtime":1294,"items_purged":["Strike_G"],"score":124,"play_id":"d42becd4-f555-46de-97f9-a4060be9b707","local_time":"20190320130651","is_ascension_mode":true,"campfire_choices":[{"data":"Well Laid Plans","floor":6.0,"key":"SMITH"},{"floor":8.0,"key":"REST"},{"data":"Quick Slash","floor":10.0,"key":"SMITH"},{"floor":15,"key":"REST"}],"neow_cost":"PERCENT_DAMAGE","seed_source_timestamp":0,"circlet_count":0,"master_deck":["Defend_G","Defend_G","Defend_G","Defend_G","Defend_G","Strike_G","Strike_G","Strike_G","Strike_G","Survivor","Neutralize","Deflect+1","PiercingWail","Well Laid Plans+1","Catalyst","Quick Slash+1","Poisoned Stab","Backflip"],"special_seed":0,"relics":["Ring of the Snake","Pantograph","Membership Card","Regal Pillow","Smiling Mask","Juzu Bracelet","Vajra"],"potions_floor_usage":[],"damage_taken":[{"damage":0.0,"enemies":"Jaw Worm","floor":1.0,"turns":5.0},{"damage":0.0,"enemies":"2 Louse","floor":4.0,"turns":2.0},{"damage":21.0,"enemies":"Gremlin Nob","floor":7.0,"turns":6.0},{"damage":28.0,"enemies":"3 Sentries","floor":11.0,"turns":10.0},{"damage":0,"enemies":"Small Slimes","floor":12,"turns":3},{"damage":21,"enemies":"Lagavulin","floor":13,"turns":8},{"damage":10,"enemies":"Gremlin Gang","floor":14,"turns":6},{"damage":73,"enemies":"Slime Boss","floor":16,"turns":11}],"seed_played":"8871754632400927023","potions_obtained":[{"floor":1.0,"key":"Energy Potion"},{"floor":4.0,"key":"PowerPotion"},{"floor":7.0,"key":"AttackPotion"}],"is_trial":false,"path_per_floor":["M","?","T","M","$","R","E","R","T","R","E","M","E","M","R","B"],"character_chosen":"THE_SILENT","items_purchased":["Well Laid Plans","Membership Card","Catalyst","GhostInAJar"],"campfire_rested":2,"item_purchase_floors":[5,5,5,5],"current_hp_per_floor":[49,49,49,49,49,49,28,64,64,64,36,36,15,5,41,0],"gold":156,"neow_bonus":"TWO_FIFTY_GOLD","is_prod":false,"is_daily":false,"chose_seed":false,"campfire_upgraded":2,"win_rate":0,"timestamp":1553101611,"path_taken":["M","?","?","M","$","R","E","R","T","R","E","M","E","M","R","BOSS"],"build_version":"2019-01-23","purchased_purges":1,"victory":false,"max_hp_per_floor":[70,70,70,70,70,70,70,70,70,70,70,70,70,70,70,70],"card_choices":[{"not_picked":["Accuracy","Acrobatics"],"picked":"Deflect","floor":1.0},{"not_picked":["Acrobatics","Dagger Spray"],"picked":"PiercingWail","floor":4.0},{"not_picked":["Dagger Throw","Skewer"],"picked":"Quick Slash","floor":7.0},{"not_picked":["Night Terror","Outmaneuver"],"picked":"Poisoned Stab","floor":11},{"not_picked":["Acrobatics","Bane","Outmaneuver"],"picked":"SKIP","floor":12},{"not_picked":["Reflex","Tactician","Skewer"],"picked":"SKIP","floor":13},{"not_picked":["Calculated Gamble","Cloak And Dagger"],"picked":"Backflip","floor":14}],"player_experience":242681,"relics_obtained":[{"floor":3.0,"key":"Pantograph"},{"floor":7.0,"key":"Regal Pillow"},{"floor":9.0,"key":"Smiling Mask"},{"floor":11,"key":"Juzu Bracelet"},{"floor":13,"key":"Vajra"}],"event_choices":[{"damage_healed":0.0,"max_hp_gain":0.0,"max_hp_loss":0.0,"gold_gain":0.0,"event_name":"Living Wall","player_choice":"Grow","floor":2.0,"gold_loss":0.0,"damage_taken":0.0,"cards_upgraded":["Deflect"]}],"is_beta":false,"boss_relics":[],"items_purged_floors":[5],"is_endless":false,"potions_floor_spawned":[1,4,7],"killed_by":"Slime Boss","ascension_level":1}