{"gold_per_floor":[116,127,127,71,83,83,93,118,118,118,118,135,115,144,144,144],"floor_reached":16,"playtime":1719,"items_purged":[],"score":215,"play_id":"2761f7d5-6e40-4b5f-910a-abe1f1416b67","local_time":"20190117161226","is_ascension_mode":true,"campfire_choices":[{"data":"Bouncing Flask","floor":6,"key":"SMITH"},{"floor":10,"key":"REST"},{"data":"Wraith Form v2","floor":15,"key":"SMITH"}],"neow_cost":"NONE","seed_source_timestamp":292741135571531,"circlet_count":0,"master_deck":["AscendersBane","Defend_G","Defend_G","Defend_G","Defend_G","Strike_G","Strike_G","Strike_G","Survivor","Neutralize","Heel Hook+1","Cloak And Dagger+1","Escape Plan+1","Blade Dance","Well Laid Plans","Dagger Throw","Bouncing Flask+1","Dodge and Roll","Dagger Spray","Parasite","Blade Dance+1","Wraith Form v2+1"],"relics":["Astrolabe","Unceasing Top","Toxic Egg 2","Pear"],"potions_floor_usage":[],"damage_taken":[{"damage":0,"enemies":"2 Louse","floor":1,"turns":2},{"damage":0,"enemies":"Cultist","floor":2,"turns":5},{"damage":7,"enemies":"Jaw Worm","floor":5,"turns":4},{"damage":13,"enemies":"Lots of Slimes","floor":7,"turns":4},{"damage":22,"enemies":"Lagavulin","floor":8,"turns":6},{"damage":5,"enemies":"Looter","floor":12,"turns":2},{"damage":11,"enemies":"3 Sentries","floor":14,"turns":8},{"damage":40,"enemies":"Slime Boss","floor":16,"turns":11}],"seed_played":"-5287180061896517386","potions_obtained":[{"floor":2,"key":"Energy Potion"},{"floor":7,"key":"GhostInAJar"}],"is_trial":false,"path_per_floor":["M","M","?","$","M","R","M","E","T","R","?","M","?","E","R","B"],"character_chosen":"THE_SILENT","items_purchased":["Dagger Throw"],"campfire_rested":1,"item_purchase_floors":[4],"current_hp_per_floor":[59,59,59,59,52,52,39,17,17,36,52,47,47,46,46,6],"gold":144,"neow_bonus":"BOSS_RELIC","is_prod":false,"is_daily":false,"chose_seed":false,"campfire_upgraded":2,"win_rate":0,"timestamp":1547759546,"path_taken":["M","M","?","$","M","R","M","E","T","R","?","M","?","E","R","BOSS"],"build_version":"2019-01-10","purchased_purges":0,"victory":false,"max_hp_per_floor":[66,66,66,66,66,66,66,66,66,66,66,66,66,76,76,76],"card_choices":[{"not_picked":["Acrobatics","Bane"],"picked":"Blade Dance","floor":1},{"not_picked":["Predator","Backstab"],"picked":"Well Laid Plans","floor":2},{"not_picked":["Blur","Outmaneuver"],"picked":"Bouncing Flask","floor":5},{"not_picked":["Poisoned Stab","Sucker Punch"],"picked":"Dodge and Roll","floor":7},{"not_picked":["Burst","Expertise"],"picked":"Dagger Spray","floor":8},{"not_picked":["Skewer","Acrobatics+1"],"picked":"Blade Dance+1","floor":12},{"not_picked":["Blade Dance+1","Poisoned Stab"],"picked":"Wraith Form v2","floor":14}],"player_experience":2948149,"relics_obtained":[{"floor":8,"key":"Unceasing Top"},{"floor":9,"key":"Toxic Egg 2"},{"floor":14,"key":"Pear"}],"event_choices":[{"damage_healed":0,"gold_gain":0,"player_choice":"Ignored","damage_taken":0,"max_hp_gain":0,"max_hp_loss":0,"event_name":"Shining Light","floor":3,"gold_loss":0},{"damage_healed":16,"gold_gain":0,"player_choice":"Healed and dodged fight","damage_taken":0,"max_hp_gain":0,"max_hp_loss":0,"event_name":"Mushrooms","floor":11,"gold_loss":0,"cards_obtained":["Parasite"]},{"damage_healed":0,"gold_gain":0,"player_choice":"Bought 1 Potion","damage_taken":0,"max_hp_gain":0,"max_hp_loss":0,"event_name":"The Woman in Blue","floor":13,"gold_loss":0}],"is_beta":false,"boss_relics":[],"items_purged_floors":[],"is_endless":false,"potions_floor_spawned":[2,7,14],"killed_by":"Slime Boss","ascension_level":19}