{"gold_per_floor":[111,111,121,26,0,32,32,49,49,5,19,69,69,87,87,163,163,180,196,16,34,0,30,30,46,46,46,59,59,59,59,59,135,135,152,152,167,167,167],"floor_reached":39,"playtime":4562,"items_purged":[],"score":848,"play_id":"860c6c82-98c7-4081-913f-2233ce72b9ee","local_time":"20190120200419","is_ascension_mode":true,"campfire_choices":[{"data":"Body Slam","floor":7.0,"key":"SMITH"},{"data":"Whirlwind","floor":13.0,"key":"SMITH"},{"data":"Armaments","floor":15.0,"key":"SMITH"},{"floor":24.0,"key":"REST"},{"floor":27.0,"key":"REST"},{"floor":30,"key":"REST"},{"floor":32,"key":"REST"}],"neow_cost":"NONE","seed_source_timestamp":6428015835669,"circlet_count":0,"master_deck":["AscendersBane","Strike_R","Strike_R","Strike_R","Strike_R+1","Defend_R","Defend_R","Defend_R+1","Defend_R","Bash","Iron Wave","Shrug It Off","Body Slam+1","Disarm","Flame Barrier","Whirlwind+1","Impervious","Armaments+1","Impervious","Pommel Strike+1","Battle Trance+1","Feel No Pain","Impatience","Iron Wave","Inflame","Limit Break","Double Tap","Evolve"],"special_seed":0,"relics":["Black Blood","NeowsBlessing","Incense Burner","Mummified Hand","Sozu","Unceasing Top","StoneCalendar"],"potions_floor_usage":[],"damage_taken":[{"damage":0.0,"enemies":"2 Louse","floor":1.0,"turns":1.0},{"damage":0.0,"enemies":"Jaw Worm","floor":3.0,"turns":1.0},{"damage":0.0,"enemies":"Gremlin Nob","floor":6.0,"turns":1.0},{"damage":0.0,"enemies":"Cultist","floor":8.0,"turns":4.0},{"damage":0.0,"enemies":"2 Fungi Beasts","floor":11.0,"turns":3.0},{"damage":0.0,"enemies":"Exordium Wildlife","floor":14.0,"turns":4.0},{"damage":69.0,"enemies":"Slime Boss","floor":16.0,"turns":16.0},{"damage":7.0,"enemies":"Spheric Guardian","floor":18.0,"turns":5.0},{"damage":3.0,"enemies":"Shell Parasite","floor":19.0,"turns":8.0},{"damage":40.0,"enemies":"Shelled Parasite and Fungi","floor":21.0,"turns":7.0},{"damage":21.0,"enemies":"Slavers","floor":23.0,"turns":7.0},{"damage":27.0,"enemies":"Sentry and Sphere","floor":25.0,"turns":7.0},{"damage":14.0,"enemies":"Snecko","floor":28.0,"turns":7.0},{"damage":63,"enemies":"Automaton","floor":33,"turns":11},{"damage":16,"enemies":"3 Shapes","floor":35,"turns":7},{"damage":10,"enemies":"3 Darklings","floor":37,"turns":5},{"damage":57,"enemies":"2 Orb Walkers","floor":39,"turns":6}],"seed_played":"4274387788726518590","potions_obtained":[{"floor":6.0,"key":"Block Potion"},{"floor":11.0,"key":"SneckoOil"},{"floor":16.0,"key":"SpeedPotion"}],"is_trial":false,"path_per_floor":["M","?","M","$","?","E","R","M","T","$","M","?","R","M","R","B",null,"M","M","$","M","?","E","R","M","T","R","M","?","R","$","R","B",null,"M","$","M","?","?"],"character_chosen":"IRONCLAD","items_purchased":["Body Slam","Disarm","Whirlwind","Feel No Pain","Impatience"],"campfire_rested":4,"item_purchase_floors":[4,4,10,20,20],"current_hp_per_floor":[74,51,57,57,57,63,63,69,69,69,75,68,68,74,74,11,59,58,61,61,27,27,12,34,13,13,35,27,27,49,49,71,14,60,54,54,54,54,0],"gold":167,"neow_bonus":"THREE_ENEMY_KILL","is_prod":false,"is_daily":false,"chose_seed":false,"campfire_upgraded":3,"win_rate":0,"timestamp":1548032659,"path_taken":["M","?","M","$","?","E","R","M","T","$","M","?","R","M","R","BOSS","M","M","$","M","?","E","R","M","T","R","M","?","R","?","R","BOSS","M","$","M","?","?"],"build_version":"2019-01-17v2","purchased_purges":0,"victory":false,"max_hp_per_floor":[75,75,75,75,75,75,75,75,75,75,75,75,75,75,75,75,75,75,75,75,75,75,75,75,75,75,75,75,75,75,75,75,75,75,75,75,75,75,75],"card_choices":[{"not_picked":["Heavy Blade","Seeing Red"],"picked":"Iron Wave","floor":1.0},{"not_picked":["Second Wind","Iron Wave"],"picked":"Shrug It Off","floor":3.0},{"not_picked":["Wild Strike","Havoc"],"picked":"Flame Barrier","floor":6.0},{"not_picked":["Carnage","Anger","Rage"],"picked":"SKIP","floor":8.0},{"not_picked":["Sentinel","Anger"],"picked":"Impervious","floor":11.0},{"not_picked":["Heavy Blade","Burning Pact"],"picked":"Armaments","floor":14.0},{"not_picked":["Dark Embrace","Immolate"],"picked":"Impervious","floor":16.0},{"not_picked":["Sword Boomerang","Warcry"],"picked":"Pommel Strike+1","floor":18.0},{"not_picked":["True Grit+1","Thunderclap"],"picked":"Battle Trance+1","floor":19.0},{"not_picked":["Pommel Strike","Burning Pact"],"picked":"Iron Wave","floor":21.0},{"not_picked":["Anger","Rampage"],"picked":"Inflame","floor":23.0},{"not_picked":["Warcry","Rampage+1","Wild Strike"],"picked":"SKIP","floor":25.0},{"not_picked":["Shrug It Off","Warcry"],"picked":"Limit Break","floor":28.0},{"not_picked":["Berserk","Exhume"],"picked":"Double Tap","floor":33},{"not_picked":["Pommel Strike+1","Anger","Clash+1"],"picked":"SKIP","floor":35},{"not_picked":["Wild Strike","Clothesline"],"picked":"Evolve","floor":37}],"player_experience":2999927,"relics_obtained":[{"floor":6.0,"key":"Incense Burner"},{"floor":9.0,"key":"Mummified Hand"},{"floor":23.0,"key":"Unceasing Top"},{"floor":26.0,"key":"StoneCalendar"}],"event_choices":[{"damage_healed":0.0,"max_hp_gain":0.0,"max_hp_loss":0.0,"gold_gain":0.0,"event_name":"Shining Light","player_choice":"Entered Light","floor":2.0,"gold_loss":0.0,"damage_taken":23.0,"cards_upgraded":["Defend_R","Strike_R"]},{"damage_healed":0.0,"max_hp_gain":0.0,"max_hp_loss":0.0,"gold_gain":0.0,"event_name":"World of Goop","player_choice":"Left Gold","floor":5.0,"gold_loss":26.0,"damage_taken":0.0},{"damage_healed":0.0,"max_hp_gain":0.0,"max_hp_loss":0.0,"gold_gain":50.0,"event_name":"FaceTrader","player_choice":"Touch","floor":12.0,"gold_loss":0.0,"damage_taken":7.0},{"damage_healed":0.0,"max_hp_gain":0.0,"max_hp_loss":0.0,"gold_gain":0.0,"event_name":"Masked Bandits","player_choice":"Paid Fearfully","floor":22.0,"gold_loss":34.0,"damage_taken":0.0},{"damage_healed":0,"gold_gain":0,"player_choice":"Ignored","damage_taken":0,"max_hp_gain":0,"max_hp_loss":0,"event_name":"Cursed Tome","floor":29,"gold_loss":0},{"cards_removed":["Strike_R"],"damage_healed":0,"gold_gain":0,"player_choice":"Removed Attack","damage_taken":0,"max_hp_gain":0,"max_hp_loss":0,"event_name":"Falling","floor":38,"gold_loss":0},{"damage_healed":0,"gold_gain":0,"player_choice":"Fight","damage_taken":0,"max_hp_gain":0,"max_hp_loss":0,"event_name":"Mysterious Sphere","floor":39,"gold_loss":0}],"is_beta":false,"boss_relics":[{"not_picked":["Orrery","Eternal Feather"],"picked":"Sozu"},{"not_picked":["Runic Dome","Snecko Eye"],"picked":"Black Blood"}],"items_purged_floors":[],"is_endless":false,"potions_floor_spawned":[6,11,16,23,25,28,37],"killed_by":"2 Orb Walkers","ascension_level":20}