{"gold_per_floor":[16,34,34,49,63,63,94,94,94,94,111,127,92,92,92,163,163,176,176,192,108,127,127,138,138,163,175],"floor_reached":27,"playtime":2398,"items_purged":[],"score":419,"play_id":"5d93be6b-f60b-42e5-b36d-2d6f34b1c0ba","local_time":"20190112184948","is_ascension_mode":true,"campfire_choices":[{"data":"Uppercut","floor":6.0,"key":"SMITH"},{"floor":8.0,"key":"REST"},{"data":"Shockwave","floor":10.0,"key":"SMITH"},{"data":"Disarm","floor":15.0,"key":"SMITH"},{"data":"Infernal Blade","floor":23.0,"key":"SMITH"}],"neow_cost":"NO_GOLD","seed_source_timestamp":252453861519358,"circlet_count":0,"master_deck":["AscendersBane","Strike_R+1","Strike_R+1","Strike_R+1","Strike_R+1","Strike_R+1","Defend_R+1","Defend_R+1","Defend_R+1","Defend_R+1","Bash","Shockwave+1","Feel No Pain","Uppercut+1","Disarm+1","Reaper","Twin Strike","Anger","Demon Form","Pommel Strike+1","Infernal Blade+1","Shrug It Off","Havoc","Clothesline","Thunderclap"],"special_seed":0,"relics":["Burning Blood","StoneCalendar","Calipers","Champion Belt","Philosopher\u0027s Stone","MawBank"],"potions_floor_usage":[24],"damage_taken":[{"damage":4.0,"enemies":"2 Louse","floor":1.0,"turns":5.0},{"damage":13.0,"enemies":"Small Slimes","floor":2.0,"turns":5.0},{"damage":14.0,"enemies":"Jaw Worm","floor":4.0,"turns":4.0},{"damage":13.0,"enemies":"3 Louse","floor":5.0,"turns":3.0},{"damage":35.0,"enemies":"3 Sentries","floor":7.0,"turns":7.0},{"damage":17.0,"enemies":"Exordium Wildlife","floor":11.0,"turns":4.0},{"damage":19.0,"enemies":"2 Fungi Beasts","floor":12.0,"turns":4.0},{"damage":35.0,"enemies":"Hexaghost","floor":16.0,"turns":10.0},{"damage":36.0,"enemies":"3 Byrds","floor":18.0,"turns":7.0},{"damage":10.0,"enemies":"Chosen","floor":20.0,"turns":5.0},{"damage":19.0,"enemies":"Centurion and Healer","floor":22.0,"turns":7.0},{"damage":49,"enemies":"3 Cultists","floor":24,"turns":6},{"damage":16,"enemies":"Shelled Parasite and Fungi","floor":27,"turns":2}],"seed_played":"2900614550713846434","potions_obtained":[{"floor":1.0,"key":"PowerPotion"},{"floor":11.0,"key":"SneckoOil"},{"floor":12.0,"key":"Weak Potion"},{"floor":20.0,"key":"Poison Potion"}],"is_trial":false,"path_per_floor":["M","M","?","M","M","R","E","R","T","R","M","M","?","?","R","B",null,"M","?","M","$","M","R","M","?","T","M"],"character_chosen":"IRONCLAD","items_purchased":["Shrug It Off","Havoc"],"campfire_rested":1,"item_purchase_floors":[21,21],"current_hp_per_floor":[70,63,63,55,48,48,19,41,41,41,42,39,57,57,57,34,65,49,49,45,45,51,51,22,22,22,6],"gold":175,"neow_bonus":"ONE_RARE_RELIC","is_prod":false,"is_daily":false,"chose_seed":false,"campfire_upgraded":4,"win_rate":0,"timestamp":1547336988,"path_taken":["M","M","?","M","M","R","E","R","T","R","M","M","?","?","R","BOSS","M","?","M","$","M","R","M","?","T","M"],"build_version":"2019-01-10","purchased_purges":0,"victory":false,"max_hp_per_floor":[75,75,75,75,75,75,75,75,75,75,75,75,75,75,75,75,75,75,75,75,75,75,75,75,75,75,75],"card_choices":[{"not_picked":["True Grit","Thunderclap"],"picked":"Shockwave","floor":1.0},{"not_picked":["Rage","Fire Breathing"],"picked":"Feel No Pain","floor":2.0},{"not_picked":["Sentinel","Body Slam"],"picked":"Uppercut","floor":4.0},{"not_picked":["Clash","Sword Boomerang"],"picked":"Disarm","floor":5.0},{"not_picked":["Ghostly Armor","Cleave"],"picked":"Reaper","floor":7.0},{"not_picked":["Armaments","Combust"],"picked":"Twin Strike","floor":11.0},{"not_picked":["Power Through","Bloodletting"],"picked":"Anger","floor":12.0},{"not_picked":["Exhume","Barricade"],"picked":"Demon Form","floor":16.0},{"not_picked":["Headbutt","Sever Soul"],"picked":"Pommel Strike+1","floor":18.0},{"not_picked":["Searing Blow+1","Disarm"],"picked":"Infernal Blade","floor":20.0},{"not_picked":["Clash","Warcry"],"picked":"Clothesline","floor":22.0},{"not_picked":["Cleave","Warcry"],"picked":"Thunderclap","floor":24}],"player_experience":2875328,"relics_obtained":[{"floor":7.0,"key":"Calipers"},{"floor":9.0,"key":"Champion Belt"},{"floor":26,"key":"MawBank"}],"event_choices":[{"damage_healed":0.0,"max_hp_gain":0.0,"max_hp_loss":0.0,"gold_gain":0.0,"event_name":"Shining Light","player_choice":"Ignored","floor":3.0,"gold_loss":0.0,"damage_taken":0.0},{"damage_healed":18.0,"max_hp_gain":0.0,"max_hp_loss":0.0,"gold_gain":0.0,"event_name":"The Cleric","player_choice":"Healed","floor":13.0,"gold_loss":35.0,"damage_taken":0.0},{"damage_healed":0.0,"max_hp_gain":0.0,"max_hp_loss":0.0,"gold_gain":0.0,"event_name":"Dead Adventurer","player_choice":"Searched \u00270\u0027 times","floor":14.0,"gold_loss":0.0,"damage_taken":0.0},{"damage_healed":0.0,"max_hp_gain":0.0,"max_hp_loss":0.0,"gold_gain":0.0,"event_name":"Beggar","player_choice":"Ignored","floor":19.0,"gold_loss":0.0,"damage_taken":0.0},{"damage_healed":0,"gold_gain":0,"player_choice":"Simplicity","damage_taken":0,"max_hp_gain":0,"max_hp_loss":0,"event_name":"Back to Basics","floor":25,"gold_loss":0,"cards_upgraded":["Strike_R","Strike_R","Strike_R","Strike_R","Strike_R","Defend_R","Defend_R","Defend_R","Defend_R"]}],"is_beta":false,"boss_relics":[{"not_picked":["Fusion Hammer","Pandora\u0027s Box"],"picked":"Philosopher\u0027s Stone"}],"items_purged_floors":[],"is_endless":false,"potions_floor_spawned":[1,11,12,20],"killed_by":"Shelled Parasite and Fungi","ascension_level":19}