{"gold_per_floor":[113,113,132,143,143,174,174,191,239,3,15,28,28,46,46,174,174,187,212,232,432,447,447,206,220,273,287,311,311,133,149,149,149],"floor_reached":33,"playtime":3746,"items_purged":["Corruption"],"score":280,"play_id":"705b8374-421c-4e55-bb51-f3cbb47be390","local_time":"20190123123532","is_ascension_mode":false,"campfire_choices":[{"floor":7,"key":"REST"},{"floor":15,"key":"REST"},{"floor":23,"key":"REST"},{"floor":29,"key":"REST"},{"floor":32,"key":"REST"}],"neow_cost":"","seed_source_timestamp":0,"circlet_count":0,"master_deck":["Strike_R","Strike_R","Strike_R","Strike_R","Defend_R","Defend_R","Defend_R","Defend_R","Bash","Pummel","Anger","Clothesline","Carnage","Enlightenment","Rage","Shrug It Off","Cleave","Anger","Reaper","Twin Strike+1","Twin Strike","Clothesline","Fire Breathing","Iron Wave","Transmutation","Flex","Armaments","Clothesline","Shrug It Off","Bandage Up","Shrug It Off","Uppercut","Clothesline"],"special_seed":0,"relics":["Burning Blood","Shuriken","Vajra","Blood Vial","Golden Idol","Philosopher\u0027s Stone","Orichalcum"],"potions_floor_usage":[16,16,16,25,25,33,33,33],"damage_taken":[{"damage":6.0,"enemies":"Jaw Worm","floor":1.0,"turns":6.0},{"damage":8,"enemies":"Small Slimes","floor":3,"turns":4},{"damage":12,"enemies":"Cultist","floor":4,"turns":5},{"damage":45,"enemies":"Lagavulin","floor":6,"turns":7},{"damage":4,"enemies":"Looter","floor":8,"turns":3},{"damage":17,"enemies":"Exordium Thugs","floor":11,"turns":4},{"damage":3,"enemies":"2 Fungi Beasts","floor":12,"turns":2},{"damage":0,"enemies":"Large Slime","floor":14,"turns":2},{"damage":45,"enemies":"The Guardian","floor":16,"turns":8},{"damage":14,"enemies":"Chosen","floor":18,"turns":4},{"damage":11,"enemies":"Spheric Guardian","floor":19,"turns":3},{"damage":15,"enemies":"Cultist and Chosen","floor":20,"turns":4},{"damage":60,"enemies":"Centurion and Healer","floor":22,"turns":6},{"damage":29,"enemies":"Shelled Parasite and Fungi","floor":25,"turns":4},{"damage":19,"enemies":"3 Cultists","floor":27,"turns":6},{"damage":18,"enemies":"Centurion and Healer","floor":28,"turns":5},{"damage":33,"enemies":"Snake Plant","floor":31,"turns":6},{"damage":85,"enemies":"Champ","floor":33,"turns":10}],"seed_played":"261502687479426606","potions_obtained":[{"floor":1,"key":"Strength Potion"},{"floor":4,"key":"FearPotion"},{"floor":6,"key":"Weak Potion"},{"floor":14,"key":"Poison Potion"},{"floor":16,"key":"SkillPotion"},{"floor":22,"key":"Regen Potion"},{"floor":25,"key":"Poison Potion"},{"floor":28,"key":"Regen Potion"},{"floor":31,"key":"Ancient Potion"}],"is_trial":false,"path_per_floor":["M","?","?","M","?","?","$","M"],"character_chosen":"IRONCLAD","items_purchased":["Enlightenment","Rage","Iron Wave","Transmutation","Flex","Bandage Up","Shrug It Off","Uppercut"],"campfire_rested":5,"item_purchase_floors":[10,10,24,24,24,30,30,30],"current_hp_per_floor":[80,73,71,65,65,26,50,52,52,52,43,48,48,56,74,35,74,71,68,65,65,20,42,42,26,26,27,27,49,49,28,50,0],"gold":149,"neow_bonus":"","is_prod":false,"is_daily":false,"chose_seed":false,"campfire_upgraded":0,"win_rate":0.0,"timestamp":1548264932,"path_taken":["M","?","M","M","?","E","R","M","T","$","M","?","?","M","R","BOSS","M","M","M","?","M","R","$","M","T","M","M","R","?","?","R","BOSS"],"build_version":"2019-01-23","purchased_purges":1,"victory":false,"max_hp_per_floor":[80,80,80,80,80,80,80,80,80,80,80,80,74,74,74,74,74,74,74,74,74,74,74,74,74,74,74,74,74,74,74,74,74],"card_choices":[{"not_picked":["Infernal Blade","Entrench"],"picked":"Pummel","floor":1},{"not_picked":["Disarm","Clash"],"picked":"Corruption","floor":3},{"not_picked":["Shrug It Off","Headbutt"],"picked":"Anger","floor":4},{"not_picked":["True Grit","Sword Boomerang"],"picked":"Clothesline","floor":6},{"not_picked":["Clash","Anger"],"picked":"Carnage","floor":8},{"not_picked":["Infernal Blade","Pummel"],"picked":"Shrug It Off","floor":11},{"not_picked":["Pommel Strike","Searing Blow"],"picked":"Cleave","floor":12},{"not_picked":["Power Through","Barricade"],"picked":"Anger","floor":14},{"not_picked":["Berserk","Fiend Fire"],"picked":"Reaper","floor":16},{"not_picked":["Sword Boomerang","Pommel Strike+1"],"picked":"Twin Strike+1","floor":18},{"not_picked":["Warcry+1","Bloodletting"],"picked":"Twin Strike","floor":19},{"not_picked":["Shrug It Off","Pummel"],"picked":"Clothesline","floor":20},{"not_picked":["Infernal Blade+1","Twin Strike"],"picked":"Fire Breathing","floor":22},{"not_picked":["Twin Strike","Clash"],"picked":"Armaments","floor":25},{"not_picked":["Rupture+1","True Grit+1"],"picked":"Clothesline","floor":27},{"not_picked":["True Grit","Clash+1"],"picked":"Shrug It Off","floor":28},{"not_picked":["True Grit","Fiend Fire"],"picked":"Clothesline","floor":31}],"player_experience":0,"relics_obtained":[{"floor":6,"key":"Vajra"},{"floor":9,"key":"Blood Vial"},{"floor":26,"key":"Orichalcum"}],"event_choices":[{"cards_removed":["Strike_R"],"damage_healed":0,"gold_gain":0,"player_choice":"Card Removal","damage_taken":7,"max_hp_gain":0,"max_hp_loss":0,"event_name":"Golden Wing","floor":2,"gold_loss":0},{"damage_healed":0,"gold_gain":0,"player_choice":"Gave Potion","damage_taken":0,"relics_obtained":["Shuriken"],"max_hp_gain":0,"max_hp_loss":0,"event_name":"WeMeetAgain","floor":5,"gold_loss":0},{"damage_healed":0,"gold_gain":0,"player_choice":"Lose Max HP","damage_taken":0,"relics_obtained":["Golden Idol"],"max_hp_gain":0,"max_hp_loss":6,"event_name":"Golden Idol","floor":13,"gold_loss":0},{"damage_healed":0,"gold_gain":200,"player_choice":"Gold","damage_taken":0,"max_hp_gain":0,"max_hp_loss":0,"event_name":"Wheel of Change","floor":21,"gold_loss":0}],"is_beta":false,"boss_relics":[{"not_picked":["Black Star","Velvet Choker"],"picked":"Philosopher\u0027s Stone"}],"items_purged_floors":[10],"is_endless":false,"potions_floor_spawned":[1,4,6,14,16,22,25,28,31],"killed_by":"Champ","ascension_level":0}