{"gold_per_floor":[110,110,110,110,123,123,158,168,193,193,228,228,245,275,275,347,347,360,360,145,145,157,187,187,197,197,232,232,250,279,289,289,289],"floor_reached":33,"playtime":6151,"items_purged":[],"score":656,"play_id":"fd17c431-365c-4bd4-a376-c3bf4b72ae2f","local_time":"20190201150845","is_ascension_mode":true,"campfire_choices":[{"data":"Neutralize","floor":6.0,"key":"SMITH"},{"data":"Catalyst","floor":10.0,"key":"SMITH"},{"floor":12.0,"key":"REST"},{"floor":15.0,"key":"REST"},{"floor":24.0,"key":"REST"},{"floor":28.0,"key":"REST"},{"floor":32,"key":"REST"}],"neow_cost":"NONE","seed_source_timestamp":352427646357703,"circlet_count":0,"master_deck":["AscendersBane","Defend_G+1","Defend_G+1","Defend_G+1","Defend_G+1","Defend_G+1","Strike_G+1","Strike_G+1","Survivor","Neutralize+1","Dodge and Roll","All Out Attack","Flying Knee","Catalyst+1","Predator","Backflip","Terror","Night Terror","Sucker Punch+1","Acrobatics+1","Poisoned Stab+1","Footwork+1","Well Laid Plans","Backflip","Backstab","Noxious Fumes","Dodge and Roll+1","Dagger Spray+1","Bouncing Flask"],"special_seed":0,"relics":["Ring of the Snake","NeowsBlessing","FaceOfCleric","Pen Nib","Omamori","Ninja Scroll","The Specimen","Astrolabe","Blood Vial","Ancient Tea Set","Vajra","Oddly Smooth Stone","Red Mask"],"potions_floor_usage":[33],"damage_taken":[{"damage":0.0,"enemies":"2 Louse","floor":1.0,"turns":1.0},{"damage":0.0,"enemies":"Small Slimes","floor":5.0,"turns":1.0},{"damage":0.0,"enemies":"Gremlin Nob","floor":7.0,"turns":1.0},{"damage":0.0,"enemies":"Cultist","floor":8.0,"turns":4.0},{"damage":34.0,"enemies":"3 Sentries","floor":11.0,"turns":7.0},{"damage":0.0,"enemies":"Looter","floor":13.0,"turns":1.0},{"damage":6.0,"enemies":"Gremlin Nob","floor":14.0,"turns":3.0},{"damage":66.0,"enemies":"Slime Boss","floor":16.0,"turns":15.0},{"damage":26.0,"enemies":"Shell Parasite","floor":18.0,"turns":5.0},{"damage":11.0,"enemies":"Spheric Guardian","floor":22.0,"turns":3.0},{"damage":22.0,"enemies":"Slavers","floor":23.0,"turns":6.0},{"damage":5.0,"enemies":"Cultist and Chosen","floor":25.0,"turns":5.0},{"damage":29.0,"enemies":"Book of Stabbing","floor":27.0,"turns":7.0},{"damage":0.0,"enemies":"Snecko","floor":29.0,"turns":5.0},{"damage":7.0,"enemies":"Masked Bandits","floor":30.0,"turns":6.0},{"damage":15,"enemies":"Shelled Parasite and Fungi","floor":31,"turns":2},{"damage":74,"enemies":"Collector","floor":33,"turns":5}],"seed_played":"9003290164747573303","potions_obtained":[{"floor":5.0,"key":"SkillPotion"},{"floor":7.0,"key":"SteroidPotion"},{"floor":14.0,"key":"Energy Potion"},{"floor":16.0,"key":"PowerPotion"},{"floor":18.0,"key":"GamblersBrew"},{"floor":25.0,"key":"Block Potion"},{"floor":31,"key":"Regen Potion"}],"is_trial":false,"path_per_floor":["M","?","?","?","M","R","E","M","T","R","E","R","M","E","R","B",null,"M","?","$","?","M","E","R","M","T","E","R","M","?","M","R","B"],"character_chosen":"THE_SILENT","items_purchased":["Well Laid Plans","Regen Potion","Backflip"],"campfire_rested":5,"item_purchase_floors":[20,20,20],"current_hp_per_floor":[59,59,59,59,60,60,61,62,62,62,29,50,51,46,67,2,55,30,30,30,30,31,12,34,32,32,6,29,32,28,16,40,0],"gold":289,"neow_bonus":"THREE_ENEMY_KILL","is_prod":false,"is_daily":false,"chose_seed":false,"campfire_upgraded":2,"win_rate":0,"timestamp":1549051725,"path_taken":["M","?","?","?","?","R","E","M","T","R","E","R","M","E","R","BOSS","M","?","$","?","M","E","R","M","T","E","R","M","?","M","R","BOSS"],"build_version":"2019-01-23","purchased_purges":0,"victory":false,"max_hp_per_floor":[66,66,66,66,67,67,68,69,69,69,70,70,71,72,72,73,73,74,74,74,74,75,76,76,77,77,78,78,79,80,81,81,81],"card_choices":[{"not_picked":["Deflect","Choke"],"picked":"Dodge and Roll","floor":1.0},{"not_picked":["Tactician","Quick Slash"],"picked":"Flying Knee","floor":5.0},{"not_picked":["Acrobatics","Poisoned Stab"],"picked":"Sucker Punch","floor":7.0},{"not_picked":["Dagger Spray","Acrobatics"],"picked":"Catalyst","floor":8.0},{"not_picked":["Dash","Bullet Time"],"picked":"Predator","floor":11.0},{"not_picked":["Dagger Spray","Predator"],"picked":"Backflip","floor":13.0},{"not_picked":["Infinite Blades","Doppelganger"],"picked":"Terror","floor":14.0},{"not_picked":["Unload","Bullet Time"],"picked":"Night Terror","floor":16.0},{"not_picked":["Endless Agony","Sucker Punch"],"picked":"Footwork+1","floor":18.0},{"not_picked":["Blade Dance","Flying Knee"],"picked":"Backstab","floor":22.0},{"not_picked":["Footwork","Eviscerate"],"picked":"Noxious Fumes","floor":23.0},{"not_picked":["Backflip","Terror"],"picked":"Dodge and Roll+1","floor":25.0},{"not_picked":["Bullet Time","Tactician"],"picked":"Dagger Spray+1","floor":27.0},{"not_picked":["Backflip","Endless Agony","Slice"],"picked":"SKIP","floor":29.0},{"not_picked":["Prepared","Sucker Punch"],"picked":"Bouncing Flask","floor":30.0},{"not_picked":["Distraction","Acrobatics","Infinite Blades+1"],"picked":"SKIP","floor":31}],"player_experience":3149105,"relics_obtained":[{"floor":7.0,"key":"Pen Nib"},{"floor":9.0,"key":"Omamori"},{"floor":11.0,"key":"Ninja Scroll"},{"floor":14.0,"key":"The Specimen"},{"floor":23.0,"key":"Ancient Tea Set"},{"floor":26.0,"key":"Vajra"},{"floor":27.0,"key":"Oddly Smooth Stone"},{"floor":30.0,"key":"Red Mask"}],"event_choices":[{"damage_healed":0.0,"max_hp_gain":0.0,"max_hp_loss":0.0,"gold_gain":0.0,"cards_transformed":["Strike_G"],"event_name":"Living Wall","player_choice":"Change","floor":2.0,"gold_loss":0.0,"damage_taken":0.0,"cards_obtained":["All Out Attack"]},{"damage_healed":0.0,"max_hp_gain":0.0,"max_hp_loss":0.0,"gold_gain":0.0,"event_name":"The Cleric","player_choice":"Leave","floor":3.0,"gold_loss":0.0,"damage_taken":0.0},{"damage_healed":0.0,"max_hp_gain":0.0,"max_hp_loss":0.0,"gold_gain":0.0,"event_name":"FaceTrader","player_choice":"Trade","floor":4.0,"gold_loss":0.0,"damage_taken":0.0,"relics_obtained":["FaceOfCleric"]},{"damage_healed":0.0,"max_hp_gain":0.0,"max_hp_loss":0.0,"gold_gain":0.0,"event_name":"Back to Basics","player_choice":"Simplicity","floor":19.0,"gold_loss":0.0,"damage_taken":0.0,"cards_upgraded":["Defend_G","Defend_G","Defend_G","Defend_G","Defend_G","Strike_G","Strike_G"]},{"damage_healed":0.0,"max_hp_gain":0.0,"max_hp_loss":0.0,"gold_gain":0.0,"event_name":"The Mausoleum","player_choice":"Opened","floor":21.0,"gold_loss":0.0,"damage_taken":0.0,"relics_obtained":["Blood Vial"],"cards_obtained":["Writhe"]},{"damage_healed":0.0,"max_hp_gain":0.0,"max_hp_loss":0.0,"gold_gain":0.0,"event_name":"Masked Bandits","player_choice":"Fought Bandits","floor":30.0,"gold_loss":0.0,"damage_taken":0.0}],"is_beta":false,"boss_relics":[{"not_picked":["WristBlade","Runic Dome"],"picked":"Astrolabe"}],"items_purged_floors":[],"is_endless":false,"potions_floor_spawned":[5,7,11,14,16,18,25,31],"killed_by":"Collector","ascension_level":20}