{"gold_per_floor":[109,109,109,122,197,227,246,279,318,348,15,33,44,8,8,103,153,166,81,31,44,57,57],"floor_reached":23,"playtime":1675,"items_purged":["Defend_G","Strike_G"],"score":228,"play_id":"d33b4ca7-08f5-4454-b13d-eaccec53a028","local_time":"20190204090857","is_ascension_mode":false,"campfire_choices":[{"floor":15,"key":"REST"}],"neow_cost":"NONE","seed_source_timestamp":16382768646238,"circlet_count":0,"master_deck":["Defend_G","Defend_G","Defend_G","Defend_G","Strike_G","Strike_G","Strike_G+1","Survivor","Neutralize","Flying Knee","Quick Slash","Crippling Poison","Backflip","Predator","Deadly Poison","Adrenaline","Quick Slash","Noxious Fumes","Die Die Die","Flying Knee"],"relics":["Ring of the Snake","NeowsBlessing","Smiling Mask","MawBank","Blood Vial","PreservedInsect","Tiny House","Dream Catcher"],"potions_floor_usage":[8,8,10,12,21,22,22],"damage_taken":[{"damage":0,"enemies":"Jaw Worm","floor":1,"turns":1},{"damage":0,"enemies":"Small Slimes","floor":4,"turns":1},{"damage":0,"enemies":"Lagavulin","floor":6,"turns":1},{"damage":0,"enemies":"Cultist","floor":7,"turns":4},{"damage":19,"enemies":"3 Sentries","floor":8,"turns":10},{"damage":11,"enemies":"3 Louse","floor":10,"turns":3},{"damage":3,"enemies":"Large Slime","floor":12,"turns":5},{"damage":0,"enemies":"2 Fungi Beasts","floor":13,"turns":2},{"damage":36,"enemies":"The Guardian","floor":16,"turns":9},{"damage":23,"enemies":"2 Thieves","floor":18,"turns":4},{"damage":9,"enemies":"3 Byrds","floor":21,"turns":4},{"damage":30,"enemies":"Shelled Parasite and Fungi","floor":22,"turns":9},{"damage":20,"enemies":"Slavers","floor":23,"turns":2}],"seed_played":"8423811288158632723","potions_obtained":[{"floor":1,"key":"Swift Potion"},{"floor":7,"key":"Fire Potion"},{"floor":8,"key":"Dexterity Potion"},{"floor":10,"key":"Fire Potion"},{"floor":13,"key":"Strength Potion"},{"floor":17,"key":"SteroidPotion"},{"floor":18,"key":"Energy Potion"}],"is_trial":false,"path_per_floor":["M","?","?","M","?","E","M","E","T","M","$","M","M","$","R","B",null,"M","?","$","M","M","E"],"character_chosen":"THE_SILENT","items_purchased":["PreservedInsect","Adrenaline","Noxious Fumes"],"campfire_rested":1,"item_purchase_floors":[11,11,14],"current_hp_per_floor":[70,63,63,63,52,52,52,33,33,24,24,23,25,25,46,12,75,52,52,52,45,17,0],"gold":57,"neow_bonus":"THREE_ENEMY_KILL","is_prod":false,"is_daily":false,"chose_seed":false,"campfire_upgraded":0,"win_rate":0.0,"timestamp":1549289337,"path_taken":["M","?","?","M","?","E","M","E","T","M","?","?","M","$","R","BOSS","M","?","$","M","M","E"],"build_version":"2019-01-23","purchased_purges":2,"victory":false,"max_hp_per_floor":[70,70,70,70,70,70,70,70,70,70,70,70,70,70,70,70,75,75,75,75,75,75,75],"card_choices":[{"not_picked":["Skewer","Blade Dance"],"picked":"Flying Knee","floor":1},{"not_picked":["Dash","Dagger Spray"],"picked":"Quick Slash","floor":4},{"not_picked":["Burst","Expertise"],"picked":"Crippling Poison","floor":6},{"not_picked":["Prepared","Acrobatics"],"picked":"Backflip","floor":7},{"not_picked":["Riddle With Holes","Tactician"],"picked":"Predator","floor":8},{"not_picked":["Outmaneuver","Backflip"],"picked":"Deadly Poison","floor":10},{"not_picked":["Backstab","Deflect"],"picked":"Quick Slash","floor":12},{"not_picked":["Dagger Spray","Infinite Blades","Doppelganger"],"picked":"SKIP","floor":13},{"not_picked":["Glass Knife","Envenom"],"picked":"Die Die Die","floor":16},{"not_picked":["Blade Dance","Underhanded Strike"],"picked":"Flying Knee","floor":17},{"not_picked":["Unload","Prepared","Dagger Spray+1"],"picked":"SKIP","floor":18},{"not_picked":["Outmaneuver","Dash","Blade Dance"],"picked":"SKIP","floor":21},{"not_picked":["Riddle With Holes","Caltrops","Backflip"],"picked":"SKIP","floor":22}],"player_experience":45902,"relics_obtained":[{"floor":6,"key":"Smiling Mask"},{"floor":8,"key":"MawBank"},{"floor":9,"key":"Blood Vial"}],"event_choices":[{"cards_removed":["Strike_G"],"damage_healed":0,"gold_gain":0,"player_choice":"Card Removal","damage_taken":7,"max_hp_gain":0,"max_hp_loss":0,"event_name":"Golden Wing","floor":2,"gold_loss":0},{"damage_healed":0,"gold_gain":0,"player_choice":"Ignored","damage_taken":0,"max_hp_gain":0,"max_hp_loss":0,"event_name":"Golden Idol","floor":3,"gold_loss":0},{"damage_healed":0,"gold_gain":75,"player_choice":"Gather Gold","damage_taken":11,"max_hp_gain":0,"max_hp_loss":0,"event_name":"World of Goop","floor":5,"gold_loss":0},{"damage_healed":0,"gold_gain":0,"player_choice":"Obtained Relic","damage_taken":0,"relics_obtained":["Dream Catcher"],"max_hp_gain":0,"max_hp_loss":0,"event_name":"Addict","floor":19,"gold_loss":85}],"is_beta":false,"boss_relics":[{"not_picked":["Runic Dome","Ectoplasm"],"picked":"Tiny House"}],"items_purged_floors":[11,20],"is_endless":false,"potions_floor_spawned":[1,7,8,10,13,18],"killed_by":"Slavers","ascension_level":0}