{"gold_per_floor":[113,131,131,131,131,131,162,162,162,182,250,250,250,269,269,269],"floor_reached":16,"playtime":882,"items_purged":[],"score":176,"play_id":"12827f79-10c1-491e-83c6-de3f92ed89e1","local_time":"20190303202852","is_ascension_mode":true,"campfire_choices":[{"data":"Bash","floor":6.0,"key":"SMITH"},{"data":"Reaper","floor":8.0,"key":"SMITH"},{"floor":13.0,"key":"REST"},{"data":"Iron Wave","floor":15.0,"key":"SMITH"}],"neow_cost":"NONE","seed_source_timestamp":95711293454298,"circlet_count":0,"master_deck":["AscendersBane","Strike_R","Strike_R","Strike_R","Strike_R","Strike_R+1","Defend_R+1","Defend_R+1","Defend_R","Defend_R","Bash+1","Barricade+1","Iron Wave+1","Ghostly Armor+1","Reaper+1"],"special_seed":0,"relics":["Burning Blood","Golden Idol","War Paint","Matryoshka"],"potions_floor_usage":[],"damage_taken":[{"damage":9.0,"enemies":"Small Slimes","floor":1.0,"turns":4.0},{"damage":3.0,"enemies":"Jaw Worm","floor":2.0,"turns":4.0},{"damage":42.0,"enemies":"Lagavulin","floor":7.0,"turns":17.0},{"damage":14.0,"enemies":"2 Louse","floor":10.0,"turns":3.0},{"damage":6.0,"enemies":"Looter","floor":14.0,"turns":4.0},{"damage":54,"enemies":"Hexaghost","floor":16,"turns":15}],"seed_played":"3021748781617615268","potions_obtained":[{"floor":1.0,"key":"Dexterity Potion"},{"floor":7.0,"key":"Ancient Potion"}],"is_trial":false,"path_per_floor":["M","M","?","?","?","R","E","R","T","M","?","?","R","M","R","B"],"character_chosen":"IRONCLAD","items_purchased":[],"campfire_rested":1,"item_purchase_floors":[],"current_hp_per_floor":[65,68,68,73,72,72,36,36,36,38,38,16,37,42,42,0],"gold":269,"neow_bonus":"ONE_RANDOM_RARE_CARD","is_prod":false,"is_daily":false,"chose_seed":false,"campfire_upgraded":3,"win_rate":0,"timestamp":1551641332,"path_taken":["M","M","?","?","?","R","E","R","T","M","?","?","R","M","R","BOSS"],"build_version":"2019-01-23","purchased_purges":0,"victory":false,"max_hp_per_floor":[75,75,75,80,72,72,72,72,72,72,72,72,72,72,72,72],"card_choices":[{"not_picked":["Searing Blow","Perfected Strike"],"picked":"Iron Wave","floor":1.0},{"not_picked":["Wild Strike","Warcry"],"picked":"Ghostly Armor","floor":2.0},{"not_picked":["Clothesline","Uppercut"],"picked":"Reaper","floor":7.0},{"not_picked":["Heavy Blade","Havoc","Sentinel"],"picked":"SKIP","floor":10.0},{"not_picked":["Warcry","Iron Wave","Anger"],"picked":"SKIP","floor":14.0}],"player_experience":586097,"relics_obtained":[{"floor":7.0,"key":"War Paint"},{"floor":9.0,"key":"Matryoshka"}],"event_choices":[{"damage_healed":0.0,"max_hp_gain":0.0,"max_hp_loss":0.0,"gold_gain":0.0,"event_name":"Living Wall","player_choice":"Grow","floor":3.0,"gold_loss":0.0,"damage_taken":0.0,"cards_upgraded":["Barricade"]},{"damage_healed":0.0,"max_hp_gain":5.0,"max_hp_loss":0.0,"gold_gain":0.0,"event_name":"Big Fish","player_choice":"Donut","floor":4.0,"gold_loss":0.0,"damage_taken":0.0},{"damage_healed":0.0,"max_hp_gain":0.0,"max_hp_loss":8.0,"gold_gain":0.0,"event_name":"Golden Idol","player_choice":"Lose Max HP","floor":5.0,"gold_loss":0.0,"damage_taken":0.0,"relics_obtained":["Golden Idol"]},{"damage_healed":0.0,"max_hp_gain":0.0,"max_hp_loss":0.0,"gold_gain":68.0,"event_name":"Golden Wing","player_choice":"Gained Gold","floor":11.0,"gold_loss":0.0,"damage_taken":0.0},{"damage_healed":0.0,"max_hp_gain":0.0,"max_hp_loss":0.0,"gold_gain":0.0,"event_name":"Shining Light","player_choice":"Entered Light","floor":12.0,"gold_loss":0.0,"damage_taken":22.0,"cards_upgraded":["Ghostly Armor","Strike_R"]}],"is_beta":false,"boss_relics":[],"items_purged_floors":[],"is_endless":false,"potions_floor_spawned":[1,7],"killed_by":"Hexaghost","ascension_level":16}