{"gold_per_floor":[118,129,129,54,229,263,263,298,310,355,367,395,424,469,481,595,607,634,646,30,41,41,41,76,76,144,161,161,161,177,212,212,317,317,332,348,348,86,86,86,118,2,2,33,33,44,59,59],"floor_reached":48,"playtime":1611,"items_purged":["Strike_G","Strike_G"],"score":720,"play_id":"94325c0e-49cd-4e04-9b68-f99610bf14c8","local_time":"25610805234705","is_ascension_mode":true,"campfire_choices":[{"data":"Doubt","floor":7.0,"key":"PURGE"},{"floor":11.0,"key":"REST"},{"floor":15.0,"key":"REST"},{"data":"1","floor":23.0,"key":"LIFT"},{"data":"2","floor":25.0,"key":"LIFT"},{"data":"3","floor":29.0,"key":"LIFT"},{"floor":32.0,"key":"REST"},{"data":"Envenom","floor":40.0,"key":"SMITH"}],"neow_cost":"NONE","seed_source_timestamp":8555682396716,"circlet_count":0,"master_deck":["Defend_G+1","Defend_G+1","Defend_G+1","Defend_G+1","Strike_G+1","Strike_G+1","Strike_G+1","Survivor","Neutralize","Cloak And Dagger","Sucker Punch","Malaise+1","Dagger Spray","PiercingWail","Flying Knee","Cloak And Dagger","Envenom+1","Finisher+1","Riddle With Holes","Blade Dance+1","After Image+1","Accuracy+1","Noxious Fumes+1","Bullet Time","Madness","Madness","Flying Knee+1"],"special_seed":0,"relics":["Ring of the Snake","NeowsBlessing","Peace Pipe","MawBank","Unceasing Top","Boot","Blood Vial","Sozu","Membership Card","Happy Flower","Girya","Singing Bowl","Frozen Egg 2","Gambling Chip","Busted Crown","Anchor","Ornamental Fan","Bag of Preparation","Bottled Tornado","Smiling Mask"],"potions_floor_usage":[],"damage_taken":[{"damage":0.0,"enemies":"Cultist","floor":1.0,"turns":1.0},{"damage":0.0,"enemies":"2 Louse","floor":2.0,"turns":1.0},{"damage":0.0,"enemies":"Gremlin Nob","floor":6.0,"turns":1.0},{"damage":32.0,"enemies":"3 Sentries","floor":8.0,"turns":9.0},{"damage":16.0,"enemies":"Lagavulin","floor":10.0,"turns":7.0},{"damage":4.0,"enemies":"Jaw Worm","floor":12.0,"turns":3.0},{"damage":1.0,"enemies":"3 Louse","floor":13.0,"turns":3.0},{"damage":23.0,"enemies":"3 Sentries","floor":14.0,"turns":8.0},{"damage":45.0,"enemies":"Hexaghost","floor":16.0,"turns":15.0},{"damage":8.0,"enemies":"Chosen","floor":18.0,"turns":8.0},{"damage":3.0,"enemies":"3 Byrds","floor":21.0,"turns":4.0},{"damage":15.0,"enemies":"Book of Stabbing","floor":24.0,"turns":6.0},{"damage":2.0,"enemies":"Snake Plant","floor":27.0,"turns":4.0},{"damage":24.0,"enemies":"Snecko","floor":30.0,"turns":4.0},{"damage":8.0,"enemies":"Slavers","floor":31.0,"turns":3.0},{"damage":49.0,"enemies":"Collector","floor":33.0,"turns":9.0},{"damage":15.0,"enemies":"3 Darklings","floor":35.0,"turns":5.0},{"damage":0.0,"enemies":"Orb Walker","floor":36.0,"turns":1.0},{"damage":15.0,"enemies":"Nemesis","floor":41.0,"turns":6.0},{"damage":33.0,"enemies":"2 Orb Walkers","floor":44.0,"turns":5.0},{"damage":0,"enemies":"3 Darklings","floor":46,"turns":4},{"damage":12,"enemies":"Spire Growth","floor":47,"turns":4},{"damage":10,"enemies":"Sphere and 2 Shapes","floor":48,"turns":3}],"seed_played":"927038814454175344","potions_obtained":[{"floor":2.0,"key":"AttackPotion"},{"floor":8.0,"key":"FearPotion"},{"floor":16.0,"key":"GhostInAJar"}],"is_trial":false,"path_per_floor":["M","M","?","$","?","E","R","E","T","E","R","M","M","E","R","B",null,"M","?","$","M","?","R","E","R","T","M","?","R","M","E","R","B",null,"M","M","?","$","?","R","E","$","T","E","?","M","M"],"character_chosen":"THE_SILENT","items_purchased":["Membership Card","Happy Flower","Girya","Anchor","Noxious Fumes+1","Bullet Time","Bag of Preparation"],"campfire_rested":3,"item_purchase_floors":[20,20,20,38,38,38,42],"current_hp_per_floor":[70,70,70,70,70,70,70,38,38,22,43,39,38,30,51,8,70,62,70,70,67,67,67,54,54,54,56,56,56,34,30,52,5,74,61,63,63,63,53,53,40,40,40,11,11,15,7,0],"gold":59,"neow_bonus":"THREE_ENEMY_KILL","is_prod":false,"is_daily":false,"chose_seed":false,"campfire_upgraded":1,"win_rate":0,"timestamp":1533487625,"path_taken":["M","?","?","$","?","E","R","E","T","E","R","M","M","E","R","BOSS","M","?","$","?","?","R","E","R","T","M","?","R","M","E","R","BOSS","M","M","?","$","?","R","E","?","T","E","?","M","M","M"],"build_version":"2018-08-02","purchased_purges":2,"victory":false,"max_hp_per_floor":[70,70,70,70,70,70,70,70,70,70,70,70,70,70,70,70,70,70,70,70,70,70,70,70,70,70,72,72,72,72,74,74,74,74,76,76,76,76,76,76,76,76,76,78,78,80,82,82],"card_choices":[{"not_picked":["Predator","Prepared"],"picked":"Underhanded Strike","floor":1.0},{"not_picked":["Poisoned Stab","Sucker Punch"],"picked":"Cloak And Dagger","floor":2.0},{"not_picked":["Catalyst","PiercingWail"],"picked":"Malaise","floor":6.0},{"not_picked":["Cloak And Dagger","Crippling Poison"],"picked":"Dagger Spray","floor":8.0},{"not_picked":["Crippling Poison","Bane"],"picked":"Distraction","floor":10.0},{"not_picked":["Noxious Fumes","Dagger Throw"],"picked":"PiercingWail","floor":12.0},{"not_picked":["Poisoned Stab","Bane"],"picked":"Flying Knee","floor":13.0},{"not_picked":["Riddle With Holes","Acrobatics"],"picked":"Cloak And Dagger","floor":14.0},{"not_picked":["Burst","Bullet Time"],"picked":"Envenom","floor":16.0},{"not_picked":["Outmaneuver","Well Laid Plans"],"picked":"Finisher+1","floor":18.0},{"not_picked":["Outmaneuver","Quick Slash","Tactician"],"picked":"SKIP","floor":21.0},{"not_picked":["Quick Slash","Escape Plan"],"picked":"Riddle With Holes","floor":24.0},{"not_picked":["Underhanded Strike","Reflex","Leg Sweep"],"picked":"Singing Bowl","floor":27.0},{"not_picked":["Bane+1","Caltrops+1"],"picked":"Blade Dance+1","floor":30.0},{"not_picked":["PiercingWail","Escape Plan","Deadly Poison"],"picked":"Singing Bowl","floor":31.0},{"not_picked":["Phantasmal Killer","Unload"],"picked":"After Image+1","floor":33.0},{"not_picked":["PiercingWail"],"picked":"Singing Bowl","floor":35.0},{"not_picked":[],"picked":"Accuracy+1","floor":36.0},{"not_picked":[],"picked":"Flying Knee+1","floor":41.0},{"not_picked":["Quick Slash"],"picked":"Singing Bowl","floor":44.0},{"not_picked":["Dagger Spray"],"picked":"Singing Bowl","floor":46},{"not_picked":["PiercingWail"],"picked":"Singing Bowl","floor":47}],"player_experience":208203,"relics_obtained":[{"floor":6.0,"key":"Peace Pipe"},{"floor":8.0,"key":"MawBank"},{"floor":9.0,"key":"Unceasing Top"},{"floor":10.0,"key":"Boot"},{"floor":14.0,"key":"Blood Vial"},{"floor":24.0,"key":"Singing Bowl"},{"floor":26.0,"key":"Frozen Egg 2"},{"floor":31.0,"key":"Gambling Chip"},{"floor":41.0,"key":"Ornamental Fan"},{"floor":43.0,"key":"Bottled Tornado"},{"floor":44.0,"key":"Smiling Mask"}],"event_choices":[{"event_name":"Transmorgrifier","player_choice":"Transform","floor":3.0,"damage_taken":0.0},{"event_name":"Liars Game","player_choice":"agreed","floor":5.0,"damage_taken":0.0},{"event_name":"Bonfire Elementals","player_choice":"UNCOMMON","floor":19.0,"damage_taken":0.0},{"event_name":"Back to Basics","player_choice":"Simplicity","floor":22.0,"damage_taken":0.0},{"event_name":"Purifier","player_choice":"One Purge","floor":28.0,"damage_taken":0.0},{"event_name":"SecretPortal","player_choice":"Rejected Portal.","floor":37.0,"damage_taken":0.0},{"event_name":"Winding Halls","player_choice":"Embrace Madness","floor":39.0,"damage_taken":0.0},{"event_name":"Upgrade Shrine","player_choice":"Upgraded","floor":45.0,"damage_taken":0.0}],"is_beta":false,"boss_relics":[{"not_picked":["Pandora\u0027s Box","Cursed Key"],"picked":"Sozu"},{"not_picked":["Snecko Eye","Tiny House"],"picked":"Busted Crown"}],"items_purged_floors":[4,20],"is_endless":false,"potions_floor_spawned":[2,8,16,18,21,24,36,41,47],"killed_by":"Sphere and 2 Shapes","ascension_level":4}