{"gold_per_floor":[116,0,16,16,91,91,123,123,175,198,198,222,222,262,262,358,358,371,29,29,123,123,174,174,228,254,314,314,314,383,100,100,218,218,238,256,340,101,101,101,101,401,401,415,415,464,464,205,205,205],"floor_reached":50,"playtime":3014,"items_purged":["Strike_G","Strike_G","Writhe","Normality","Doubt"],"score":1129,"play_id":"9300293f-2574-4858-a689-a2cce5a46336","local_time":"20190127012259","is_ascension_mode":true,"campfire_choices":[{"data":"Predator","floor":6.0,"key":"SMITH"},{"floor":11.0,"key":"REST"},{"data":"Well Laid Plans","floor":15.0,"key":"SMITH"},{"floor":24.0,"key":"REST"},{"data":"HandOfGreed","floor":28.0,"key":"SMITH"},{"data":"Corpse Explosion","floor":32.0,"key":"SMITH"},{"floor":40.0,"key":"DIG"},{"floor":42.0,"key":"DIG"},{"floor":47.0,"key":"DIG"},{"floor":49.0,"key":"DIG"}],"neow_cost":"NONE","seed_source_timestamp":7161707317333,"circlet_count":0,"master_deck":["AscendersBane","Defend_G+1","Defend_G","Defend_G","Defend_G+1","Defend_G","Strike_G","Strike_G","Survivor","Neutralize","Underhanded Strike","Predator+1","Backflip","Well Laid Plans+1","Burst","HandOfGreed+1","theJungle:PetSnecko","Corpse Explosion+1","Parasite","Outmaneuver+1","Footwork","Phantasmal Killer","Eviscerate"],"special_seed":0,"relics":["Busted Crown","Boot","Golden Idol","Centennial Puzzle","Regal Pillow","Snecko Eye","Shovel","Ice Cream","Meat on the Bone","Bag of Marbles","Juzu Bracelet","Calling Bell","Bronze Scales","Paper Crane","Gambling Chip","Prayer Wheel","Art of War","Old Coin","Snake Skull","Pen Nib","War Paint"],"potions_floor_usage":[50,50],"damage_taken":[{"damage":6.0,"enemies":"Jaw Worm","floor":1.0,"turns":5.0},{"damage":0.0,"enemies":"2 Louse","floor":3.0,"turns":3.0},{"damage":15.0,"enemies":"3 Sentries","floor":7.0,"turns":9.0},{"damage":2.0,"enemies":"Small Slimes","floor":10.0,"turns":3.0},{"damage":0.0,"enemies":"Exordium Wildlife","floor":12.0,"turns":4.0},{"damage":0.0,"enemies":"Lagavulin","floor":14.0,"turns":5.0},{"damage":32.0,"enemies":"Slime Boss","floor":16.0,"turns":12.0},{"damage":0.0,"enemies":"theJungle:MUSHROOMGANG","floor":18.0,"turns":5.0},{"damage":0.0,"enemies":"theJungle:5_Spyders","floor":21.0,"turns":5.0},{"damage":44.0,"enemies":"theJungle:Cassacara","floor":23.0,"turns":9.0},{"damage":2.0,"enemies":"theJungle:MamaSnecko","floor":25.0,"turns":7.0},{"damage":19.0,"enemies":"theJungle:Cassacara","floor":27.0,"turns":8.0},{"damage":7.0,"enemies":"theJungle:Snecko_Cultist_And_Trap","floor":30.0,"turns":6.0},{"damage":7.0,"enemies":"theJungle:FunGuy","floor":33.0,"turns":10.0},{"damage":10.0,"enemies":"3 Darklings","floor":35.0,"turns":2.0},{"damage":11.0,"enemies":"Orb Walker","floor":36.0,"turns":3.0},{"damage":16.0,"enemies":"2 Orb Walkers","floor":37.0,"turns":3.0},{"damage":8.0,"enemies":"Writhing Mass","floor":44.0,"turns":6.0},{"damage":9.0,"enemies":"Sphere and 2 Shapes","floor":46.0,"turns":5.0},{"damage":46,"enemies":"Awakened One","floor":50,"turns":12}],"seed_played":"2361717213675681688","potions_obtained":[{"floor":3.0,"key":"Poison Potion"},{"floor":7.0,"key":"Poison Potion"},{"floor":12.0,"key":"EntropicBrew"},{"floor":18.0,"key":"Dexterity Potion"},{"floor":27.0,"key":"GamblersBrew"},{"floor":36.0,"key":"AttackPotion"},{"floor":46.0,"key":"Dexterity Potion"}],"is_trial":false,"path_per_floor":["M","$","M","?","?","R","E","?","T","M","R","M","?","E","R","B",null,"M","$","?","M","?","E","R","E","T","E","R","?","M","$","R","B",null,"M","M","?","$","?","R","?","R","T","M","?","M","R","$","R","B"],"character_chosen":"THE_SILENT","items_purchased":["Predator","HandOfGreed","Block Potion","Corpse Explosion","Phantasmal Killer","Eviscerate"],"campfire_rested":2,"item_purchase_floors":[2,19,19,31,38,48],"current_hp_per_floor":[53,53,53,53,42,42,27,27,27,25,43,43,48,48,48,16,53,53,53,53,53,53,9,43,45,45,38,38,38,43,43,43,42,59,49,38,34,34,34,34,34,34,34,38,38,41,41,41,41,0],"gold":205,"neow_bonus":"BOSS_RELIC","is_prod":false,"is_daily":false,"chose_seed":false,"campfire_upgraded":4,"win_rate":0,"timestamp":1548523379,"path_taken":["M","$","M","?","?","R","E","?","T","M","R","M","?","E","R","BOSS","M","$","?","M","?","E","R","E","T","E","R","?","M","$","R","BOSS","M","M","?","$","?","R","?","R","T","M","?","M","R","$","R","BOSS"],"build_version":"2019-01-23","purchased_purges":5,"victory":false,"max_hp_per_floor":[66,66,66,66,66,66,66,60,60,60,60,60,65,65,65,65,65,65,65,65,65,65,65,65,65,65,65,65,65,65,65,65,65,65,65,65,65,65,65,65,65,65,65,65,62,62,62,62,62,62],"card_choices":[{"not_picked":[],"picked":"Underhanded Strike","floor":1.0},{"not_picked":["Bane"],"picked":"SKIP","floor":3.0},{"not_picked":["Outmaneuver"],"picked":"SKIP","floor":7.0},{"not_picked":["Sucker Punch"],"picked":"SKIP","floor":10.0},{"not_picked":["Slice"],"picked":"SKIP","floor":12.0},{"not_picked":[],"picked":"Well Laid Plans","floor":14.0},{"not_picked":[],"picked":"Burst","floor":16.0},{"not_picked":["Sucker Punch"],"picked":"SKIP","floor":18.0},{"not_picked":["Backflip"],"picked":"SKIP","floor":21.0},{"not_picked":["Flying Knee"],"picked":"SKIP","floor":23.0},{"not_picked":["Calculated Gamble"],"picked":"SKIP","floor":25.0},{"not_picked":["Riddle With Holes"],"picked":"SKIP","floor":27.0},{"not_picked":["Dagger Throw"],"picked":"SKIP","floor":30.0},{"not_picked":[],"picked":"Outmaneuver+1","floor":35.0},{"not_picked":[],"picked":"Footwork","floor":36.0},{"not_picked":["Dagger Spray"],"picked":"SKIP","floor":44.0},{"not_picked":["Noxious Fumes"],"picked":"SKIP","floor":44.0},{"not_picked":["Setup"],"picked":"SKIP","floor":46.0},{"not_picked":["Deflect"],"picked":"SKIP","floor":46.0}],"player_experience":2599752,"relics_obtained":[{"floor":7.0,"key":"Boot"},{"floor":9.0,"key":"Centennial Puzzle"},{"floor":14.0,"key":"Regal Pillow"},{"floor":23.0,"key":"Ice Cream"},{"floor":25.0,"key":"Meat on the Bone"},{"floor":26.0,"key":"Bag of Marbles"},{"floor":27.0,"key":"Juzu Bracelet"},{"floor":34.0,"key":"Bronze Scales"},{"floor":34.0,"key":"Paper Crane"},{"floor":34.0,"key":"Gambling Chip"},{"floor":37.0,"key":"Prayer Wheel"},{"floor":40.0,"key":"Art of War"},{"floor":42.0,"key":"Old Coin"},{"floor":43.0,"key":"Snake Skull"},{"floor":47.0,"key":"Pen Nib"},{"floor":49.0,"key":"War Paint"}],"event_choices":[{"damage_healed":0.0,"max_hp_gain":0.0,"max_hp_loss":0.0,"gold_gain":0.0,"cards_transformed":["Strike_G"],"event_name":"Living Wall","player_choice":"Change","floor":4.0,"gold_loss":0.0,"damage_taken":0.0,"cards_obtained":["Backflip"]},{"damage_healed":0.0,"max_hp_gain":0.0,"max_hp_loss":0.0,"gold_gain":75.0,"event_name":"World of Goop","player_choice":"Gather Gold","floor":5.0,"gold_loss":0.0,"damage_taken":11.0},{"damage_healed":0.0,"max_hp_gain":0.0,"max_hp_loss":6.0,"gold_gain":0.0,"event_name":"Golden Idol","player_choice":"Lose Max HP","floor":8.0,"gold_loss":0.0,"damage_taken":0.0,"relics_obtained":["Golden Idol"]},{"damage_healed":0.0,"max_hp_gain":5.0,"max_hp_loss":0.0,"gold_gain":0.0,"event_name":"Big Fish","player_choice":"Donut","floor":13.0,"gold_loss":0.0,"damage_taken":0.0},{"damage_healed":0.0,"max_hp_gain":0.0,"max_hp_loss":0.0,"gold_gain":0.0,"event_name":"Mysterious Sphere","player_choice":"Fight","floor":37.0,"gold_loss":0.0,"damage_taken":0.0},{"damage_healed":0.0,"max_hp_gain":0.0,"max_hp_loss":0.0,"gold_gain":0.0,"event_name":"SensoryStone","player_choice":"Memory 1","floor":39.0,"gold_loss":0.0,"damage_taken":0.0},{"damage_healed":0.0,"max_hp_gain":0.0,"max_hp_loss":0.0,"gold_gain":0.0,"event_name":"Match and Keep!","player_choice":"0 cards matched","floor":41.0,"gold_loss":0.0,"damage_taken":0.0,"cards_obtained":[]},{"damage_healed":0.0,"max_hp_gain":0.0,"max_hp_loss":0.0,"gold_gain":0.0,"event_name":"Match and Keep!","player_choice":"0 cards matched","floor":41.0,"gold_loss":0.0,"damage_taken":0.0,"cards_obtained":[]},{"damage_healed":0.0,"max_hp_gain":0.0,"max_hp_loss":0.0,"gold_gain":0.0,"event_name":"Match and Keep!","player_choice":"0 cards matched","floor":41.0,"gold_loss":0.0,"damage_taken":0.0,"cards_obtained":[]},{"damage_healed":0.0,"max_hp_gain":0.0,"max_hp_loss":0.0,"gold_gain":0.0,"event_name":"Match and Keep!","player_choice":"0 cards matched","floor":41.0,"gold_loss":0.0,"damage_taken":0.0,"cards_obtained":[]},{"damage_healed":0.0,"max_hp_gain":0.0,"max_hp_loss":3.0,"gold_gain":0.0,"event_name":"Winding Halls","player_choice":"Max HP","floor":45.0,"gold_loss":0.0,"damage_taken":0.0}],"is_beta":false,"boss_relics":[{"not_picked":["Sozu","Runic Pyramid"],"picked":"Snecko Eye"},{"not_picked":["Runic Dome","Orrery"],"picked":"Calling Bell"}],"items_purged_floors":[2,19,31,38,48],"is_endless":false,"potions_floor_spawned":[3,7,12,18,21,27,30,36,46],"killed_by":"Awakened One","ascension_level":20}