{"gold_per_floor":[119,48,48,59,74,74,99,99,99,99,113,128,158,158,158,158],"floor_reached":16,"playtime":409,"items_purged":[],"score":193,"play_id":"607891b1-cf7b-4a98-9903-4aac384f695e","local_time":"20190219113656","is_ascension_mode":true,"campfire_choices":[{"data":"Inflame","floor":6.0,"key":"SMITH"},{"data":"Armaments","floor":8.0,"key":"SMITH"},{"data":"Heavy Blade","floor":10.0,"key":"SMITH"},{"data":"Shockwave","floor":15.0,"key":"SMITH"}],"neow_cost":"NONE","seed_source_timestamp":14288618825011,"circlet_count":0,"master_deck":["AscendersBane","Strike_R","Strike_R","Strike_R","Strike_R","Strike_R","Defend_R","Defend_R","Defend_R","Defend_R","Bash+1","Heavy Blade+1","Inflame+1","Pommel Strike","Havoc","Armaments+1","Shockwave+1","Clothesline","Anger"],"special_seed":0,"relics":["Burning Blood","Ornamental Fan","Pear","Juzu Bracelet"],"potions_floor_usage":[16,16],"damage_taken":[{"damage":1.0,"enemies":"Cultist","floor":1.0,"turns":3.0},{"damage":9.0,"enemies":"Jaw Worm","floor":4.0,"turns":3.0},{"damage":0.0,"enemies":"Small Slimes","floor":5.0,"turns":3.0},{"damage":30.0,"enemies":"3 Sentries","floor":7.0,"turns":6.0},{"damage":7.0,"enemies":"Looter","floor":11.0,"turns":3.0},{"damage":10.0,"enemies":"2 Fungi Beasts","floor":12.0,"turns":4.0},{"damage":24.0,"enemies":"Gremlin Nob","floor":13.0,"turns":4.0},{"damage":46,"enemies":"The Guardian","floor":16,"turns":9}],"seed_played":"537895960908095151","potions_obtained":[{"floor":4.0,"key":"Weak Potion"},{"floor":5.0,"key":"Explosive Potion"},{"floor":7.0,"key":"Dexterity Potion"}],"is_trial":false,"path_per_floor":["M","$","$","M","M","R","E","R","T","R","M","M","E","?","R","B"],"character_chosen":"IRONCLAD","items_purchased":["Inflame"],"campfire_rested":0,"item_purchase_floors":[2],"current_hp_per_floor":[73,73,73,70,75,75,51,51,61,61,60,56,38,43,43,0],"gold":158,"neow_bonus":"UPGRADE_CARD","is_prod":false,"is_daily":false,"chose_seed":false,"campfire_upgraded":4,"win_rate":0,"timestamp":1550605016,"path_taken":["M","?","$","M","M","R","E","R","T","R","M","M","E","?","R","BOSS"],"build_version":"2019-01-23","purchased_purges":0,"victory":false,"max_hp_per_floor":[75,75,75,75,75,75,75,75,85,85,85,85,85,90,90,90],"card_choices":[{"not_picked":["True Grit","Flex"],"picked":"Heavy Blade","floor":1.0},{"not_picked":["Sword Boomerang","Shockwave"],"picked":"Pommel Strike","floor":4.0},{"not_picked":["Intimidate","Dark Embrace"],"picked":"Havoc","floor":5.0},{"not_picked":["Havoc","Heavy Blade"],"picked":"Armaments","floor":7.0},{"not_picked":["Cleave","Whirlwind"],"picked":"Shockwave","floor":11.0},{"not_picked":["Carnage","Flex"],"picked":"Clothesline","floor":12.0},{"not_picked":["Headbutt","Clash"],"picked":"Anger","floor":13.0}],"player_experience":2226264,"relics_obtained":[{"floor":7.0,"key":"Ornamental Fan"},{"floor":9.0,"key":"Pear"},{"floor":13.0,"key":"Juzu Bracelet"}],"event_choices":[{"damage_healed":0.0,"max_hp_gain":5.0,"max_hp_loss":0.0,"gold_gain":0.0,"event_name":"Big Fish","player_choice":"Donut","floor":14.0,"gold_loss":0.0,"damage_taken":0.0}],"is_beta":false,"boss_relics":[],"items_purged_floors":[],"is_endless":false,"potions_floor_spawned":[4,5,7,11],"killed_by":"The Guardian","ascension_level":15}