{"gold_per_floor":[115,128,128,128,143,143,178,195,195,195,195],"floor_reached":11,"playtime":260,"items_purged":[],"score":128,"play_id":"117f6ea2-d3b2-40c2-b4f2-f46cfdca58e9","local_time":"20181013130419","is_ascension_mode":true,"campfire_choices":[{"data":"Sweeping Beam","floor":6,"key":"SMITH"},{"data":"Self Repair","floor":10,"key":"SMITH"}],"neow_cost":"NONE","seed_source_timestamp":19357373106828,"circlet_count":0,"master_deck":["Strike_B","Strike_B","Strike_B","Strike_B+1","Defend_B","Defend_B","Defend_B","Defend_B","Zap+1","Dualcast","AscendersBane","Sweeping Beam+1","Auto Shields","Rebound","Self Repair+1"],"relics":["Cracked Core","Potion Belt","Pantograph","Bottled Lightning"],"potions_floor_usage":[7],"damage_taken":[{"damage":2,"enemies":"Jaw Worm","floor":1,"turns":4},{"damage":3,"enemies":"2 Louse","floor":2,"turns":2},{"damage":7,"enemies":"Small Slimes","floor":5,"turns":3},{"damage":19,"enemies":"3 Sentries","floor":7,"turns":6},{"damage":6,"enemies":"2 Fungi Beasts","floor":8,"turns":2},{"damage":12,"enemies":"3 Louse","floor":11,"turns":1}],"seed_played":"-2024215356614088070","potions_obtained":[{"floor":1,"key":"Dexterity Potion"}],"is_trial":false,"path_per_floor":["M","M","?","?","M","R","E","M","T","R"],"character_chosen":"DEFECT","items_purchased":[],"campfire_rested":0,"item_purchase_floors":[],"current_hp_per_floor":[62,59,64,41,34,34,15,9,9,9,0],"gold":195,"neow_bonus":"RANDOM_COMMON_RELIC","is_prod":false,"is_daily":false,"chose_seed":false,"campfire_upgraded":2,"win_rate":0,"timestamp":1539461059,"path_taken":["M","M","?","?","M","R","E","M","T","R","M"],"build_version":"2018-10-11","purchased_purges":0,"victory":false,"max_hp_per_floor":[71,71,76,76,76,76,76,76,76,76,76],"card_choices":[{"not_picked":["Beam Cell","Hologram"],"picked":"Sweeping Beam","floor":1},{"not_picked":["Reprogram","Sweeping Beam","Reinforced Body"],"picked":"SKIP","floor":2},{"not_picked":["Redo","Hologram"],"picked":"Auto Shields","floor":5},{"not_picked":["Meteor Strike","Sweeping Beam"],"picked":"Rebound","floor":7},{"not_picked":["Gash","Turbo"],"picked":"Self Repair","floor":8}],"player_experience":1352354,"relics_obtained":[{"floor":7,"key":"Pantograph"},{"floor":9,"key":"Bottled Lightning"}],"event_choices":[{"event_name":"Big Fish","player_choice":"Donut","floor":3,"damage_taken":0},{"event_name":"Shining Light","player_choice":"Entered Light","floor":4,"damage_taken":0}],"is_beta":false,"boss_relics":[],"items_purged_floors":[],"is_endless":false,"potions_floor_spawned":[1],"killed_by":"3 Louse","ascension_level":15}