{"gold_per_floor":[116,136,149,149,149,149,161,161,161,161,0,0,17,50,50,125,125,139,139,53,67,0,0,25,41,41,41,73,87,12,29,29,108,108,124,124,138,0,0,0,33,33,33,49,49,49,49,59,59,59,59],"floor_reached":51,"playtime":2875,"items_purged":["Strike_R"],"score":1326,"play_id":"6dc50302-34c0-4eb2-a235-3fb6702c6671","local_time":"20190409065227","is_ascension_mode":true,"campfire_choices":[{"data":"Bash","floor":6,"key":"SMITH"},{"data":"Shockwave","floor":8,"key":"SMITH"},{"data":"Clothesline","floor":10,"key":"SMITH"},{"data":"Disarm","floor":12,"key":"SMITH"},{"data":"Spot Weakness","floor":15,"key":"SMITH"},{"floor":23,"key":"REST"},{"floor":27,"key":"REST"},{"floor":32,"key":"REST"},{"data":"Sword Boomerang","floor":40,"key":"SMITH"},{"floor":42,"key":"RECALL"},{"floor":45,"key":"REST"},{"floor":49,"key":"REST"}],"neow_cost":"PERCENT_DAMAGE","seed_source_timestamp":1727055731340100,"circlet_count":0,"master_deck":["AscendersBane","Strike_R","Strike_R","Strike_R","Strike_R","Defend_R","Defend_R","Defend_R","Defend_R","Bash+1","Clothesline+1","Disarm+1","Headbutt","Shockwave+1","Warcry","Spot Weakness+1","Immolate","Sword Boomerang+1","J.A.X.","Inflame","Corruption","Sentinel+1","Havoc","Shockwave","Offering","Warcry+1","Twin Strike","Inflame+1"],"relics":["Burning Blood","Mercury Hourglass","Centennial Puzzle","Paper Frog","Runic Pyramid","Ornamental Fan","Orichalcum","Gremlin Horn","Busted Crown","Red Mask","Bag of Marbles"],"potions_floor_usage":[14,24,41,48],"damage_taken":[{"damage":15,"enemies":"Small Slimes","floor":1,"turns":4},{"damage":2,"enemies":"2 Louse","floor":2,"turns":4},{"damage":12,"enemies":"Jaw Worm","floor":3,"turns":3},{"damage":15,"enemies":"Exordium Wildlife","floor":7,"turns":5},{"damage":9,"enemies":"Blue Slaver","floor":13,"turns":4},{"damage":9,"enemies":"Lagavulin","floor":14,"turns":7},{"damage":12,"enemies":"Hexaghost","floor":16,"turns":7},{"damage":18,"enemies":"Shell Parasite","floor":18,"turns":4},{"damage":28,"enemies":"2 Thieves","floor":21,"turns":3},{"damage":13,"enemies":"Gremlin Leader","floor":24,"turns":5},{"damage":21,"enemies":"3 Cultists","floor":25,"turns":4},{"damage":13,"enemies":"Book of Stabbing","floor":28,"turns":3},{"damage":16,"enemies":"Centurion and Healer","floor":29,"turns":6},{"damage":13,"enemies":"Chosen and Byrds","floor":31,"turns":5},{"damage":18,"enemies":"Automaton","floor":33,"turns":6},{"damage":7,"enemies":"3 Shapes","floor":35,"turns":13},{"damage":10,"enemies":"3 Darklings","floor":37,"turns":3},{"damage":36,"enemies":"Giant Head","floor":41,"turns":6},{"damage":16,"enemies":"Sphere and 2 Shapes","floor":44,"turns":20},{"damage":6,"enemies":"Transient","floor":48,"turns":6},{"damage":80,"enemies":"Awakened One","floor":50,"turns":8},{"damage":18,"enemies":"Donu and Deca","floor":51,"turns":1}],"seed_played":"-8498904723891201930","potions_obtained":[{"floor":1,"key":"GamblersBrew"},{"floor":7,"key":"Swift Potion"},{"floor":14,"key":"Dexterity Potion"},{"floor":18,"key":"Strength Potion"},{"floor":24,"key":"FearPotion"},{"floor":44,"key":"Fire Potion"},{"floor":48,"key":"Explosive Potion"}],"is_trial":false,"path_per_floor":["M","M","M","$","?","R","M","R","T","R","$","R","M","E","R","B",null,"M","?","$","M","?","R","E","M","T","R","E","M","$","M","R","B",null,"M","?","M","?","$","R","E","R","T","M","R","$","?","M","R","B","B"],"character_chosen":"IRONCLAD","items_purchased":["Centennial Puzzle","Inflame"],"campfire_rested":5,"item_purchase_floors":[11,20],"current_hp_per_floor":[55,59,53,53,53,53,44,44,44,44,44,44,41,38,38,32,75,63,63,63,41,41,67,60,45,45,71,64,54,54,47,73,61,82,81,76,72,72,72,72,42,42,42,32,58,58,58,58,84,10,0],"gold":59,"neow_bonus":"TWENTY_PERCENT_HP_BONUS","is_prod":false,"is_daily":false,"chose_seed":false,"campfire_upgraded":6,"win_rate":0,"timestamp":1554789147,"path_taken":["M","M","M","$","?","R","M","R","T","R","$","R","M","E","R","BOSS","M","?","$","M","?","R","E","M","T","R","E","M","?","M","R","BOSS","M","?","M","?","?","R","E","R","T","M","R","$","?","?","R","BOSS","BOSS"],"build_version":"2019-01-23","purchased_purges":1,"victory":false,"max_hp_per_floor":[89,89,89,89,89,89,89,89,89,89,89,89,89,89,89,89,89,89,89,89,89,89,89,89,89,89,89,89,89,89,89,89,89,89,89,89,89,89,89,89,89,89,89,89,89,89,89,89,89,89,89],"card_choices":[{"not_picked":["Burning Pact","Body Slam"],"picked":"Clothesline","floor":1},{"not_picked":["Thunderclap","Shrug It Off"],"picked":"Disarm","floor":2},{"not_picked":["Cleave","Dropkick"],"picked":"Headbutt","floor":3},{"not_picked":["Body Slam","Wild Strike"],"picked":"Shockwave","floor":7},{"not_picked":["Hemokinesis","Sentinel"],"picked":"Warcry","floor":13},{"not_picked":["Immolate","Flame Barrier"],"picked":"Spot Weakness","floor":14},{"not_picked":["Bludgeon","Impervious"],"picked":"Immolate","floor":16},{"not_picked":["Flex","Fire Breathing"],"picked":"Sword Boomerang","floor":18},{"not_picked":["Anger","Flex","Intimidate"],"picked":"SKIP","floor":21},{"not_picked":["Headbutt","Anger","Second Wind"],"picked":"SKIP","floor":24},{"not_picked":["Bloodletting","Shockwave"],"picked":"Corruption","floor":25},{"not_picked":["Brutality","Cleave+1"],"picked":"Sentinel+1","floor":28},{"not_picked":["Body Slam","Cleave"],"picked":"Havoc","floor":29},{"not_picked":["Shrug It Off","Blood for Blood"],"picked":"Shockwave","floor":31},{"not_picked":["Juggernaut","Feed"],"picked":"Offering","floor":33},{"not_picked":["Havoc"],"picked":"SKIP","floor":35},{"not_picked":[],"picked":"Warcry+1","floor":37},{"not_picked":["Warcry"],"picked":"SKIP","floor":41},{"not_picked":[],"picked":"Twin Strike","floor":44},{"not_picked":[],"picked":"Inflame+1","floor":48}],"player_experience":2625868,"relics_obtained":[{"floor":9,"key":"Mercury Hourglass"},{"floor":14,"key":"Paper Frog"},{"floor":24,"key":"Ornamental Fan"},{"floor":26,"key":"Orichalcum"},{"floor":28,"key":"Gremlin Horn"},{"floor":41,"key":"Bag of Marbles"}],"event_choices":[{"damage_healed":0,"gold_gain":0,"player_choice":"Ignored","damage_taken":0,"max_hp_gain":0,"max_hp_loss":0,"event_name":"Liars Game","floor":5,"gold_loss":0},{"damage_healed":0,"gold_gain":0,"player_choice":"Obtain J.A.X.","damage_taken":0,"max_hp_gain":0,"max_hp_loss":0,"event_name":"Drug Dealer","floor":19,"gold_loss":0,"cards_obtained":["J.A.X."]},{"damage_healed":0,"gold_gain":0,"player_choice":"Paid Fearfully","damage_taken":0,"max_hp_gain":0,"max_hp_loss":0,"event_name":"Masked Bandits","floor":22,"gold_loss":67},{"damage_healed":0,"gold_gain":0,"player_choice":"Memory 2","damage_taken":5,"max_hp_gain":0,"max_hp_loss":0,"event_name":"SensoryStone","floor":36,"gold_loss":0},{"damage_healed":0,"gold_gain":0,"player_choice":"Paid","damage_taken":0,"relics_obtained":["Red Mask"],"max_hp_gain":0,"max_hp_loss":0,"event_name":"Tomb of Lord Red Mask","floor":38,"gold_loss":138},{"damage_healed":0,"gold_gain":0,"player_choice":"Leave","damage_taken":0,"max_hp_gain":0,"max_hp_loss":0,"event_name":"FaceTrader","floor":47,"gold_loss":0}],"is_beta":false,"boss_relics":[{"not_picked":["Runic Dome","Orrery"],"picked":"Runic Pyramid"},{"not_picked":["Velvet Choker","Cursed Key"],"picked":"Busted Crown"}],"items_purged_floors":[30],"is_endless":false,"potions_floor_spawned":[1,7,14,18,21,24,33,44,48],"killed_by":"Donu and Deca","ascension_level":20}