{"gold_per_floor":[111,111,131,147,160,160,195,38,38,58,88,102,102,115,115,213,213,226,226,236,161,176,176,190,205,228,239,239,239],"floor_reached":29,"playtime":3108,"items_purged":["Clumsy"],"score":265,"play_id":"93a9074a-45fc-4dd1-b296-74af77507a3f","local_time":"20181230180046","is_ascension_mode":true,"campfire_choices":[{"floor":6,"key":"REST"},{"floor":13,"key":"REST"},{"floor":15,"key":"REST"},{"floor":23,"key":"REST"},{"floor":28,"key":"REST"}],"neow_cost":"NONE","seed_source_timestamp":868383253030086,"circlet_count":0,"master_deck":["Strike_B","Strike_B","Strike_B","Strike_B","Defend_B","Defend_B","Defend_B","Defend_B","Zap","Dualcast+1","Melter","Go for the Eyes","Streamline","Skim","Cold Snap","Lockon","Conserve Battery","Conserve Battery","Leap","Buffer","Aggregate","Impatience","Biased Cognition","Double Energy","Hologram+1","Barrage+1","Steam+1","Pain","Tempest"],"relics":["Cracked Core","Boot","Question Card","Pen Nib","Blue Candle","Bottled Lightning","Cursed Key","Juzu Bracelet"],"potions_floor_usage":[12,16,25],"damage_taken":[{"damage":2,"enemies":"2 Louse","floor":1,"turns":2},{"damage":0,"enemies":"Cultist","floor":3,"turns":2},{"damage":0,"enemies":"Jaw Worm","floor":4,"turns":2},{"damage":17,"enemies":"Lots of Slimes","floor":5,"turns":4},{"damage":30,"enemies":"3 Sentries","floor":7,"turns":7},{"damage":11,"enemies":"Blue Slaver","floor":10,"turns":2},{"damage":23,"enemies":"Gremlin Nob","floor":11,"turns":4},{"damage":0,"enemies":"Looter","floor":12,"turns":1},{"damage":10,"enemies":"Gremlin Gang","floor":14,"turns":4},{"damage":25,"enemies":"Slime Boss","floor":16,"turns":8},{"damage":3,"enemies":"Shell Parasite","floor":18,"turns":5},{"damage":12,"enemies":"Spheric Guardian","floor":20,"turns":5},{"damage":12,"enemies":"Centurion and Healer","floor":22,"turns":7},{"damage":26,"enemies":"Chosen and Byrds","floor":24,"turns":8},{"damage":31,"enemies":"3 Cultists","floor":25,"turns":8},{"damage":9,"enemies":"Centurion and Healer","floor":27,"turns":7},{"damage":28,"enemies":"Snecko","floor":29,"turns":3}],"seed_played":"-5819820197296181695","potions_obtained":[{"floor":1,"key":"Strength Potion"},{"floor":3,"key":"GamblersBrew"},{"floor":7,"key":"Explosive Potion"},{"floor":10,"key":"Fire Potion"},{"floor":20,"key":"EssenceOfSteel"}],"is_trial":false,"path_per_floor":["M","?","M","M","M","R","E","$","T","M","E","M","R","M","R","B",null,"M","?","M","$","M","R","M","M","T","M","R","M"],"character_chosen":"DEFECT","items_purchased":["Pen Nib"],"campfire_rested":5,"item_purchase_floors":[8],"current_hp_per_floor":[73,73,73,73,56,75,45,45,45,34,11,11,33,23,45,20,75,72,72,60,60,48,70,44,13,13,4,26,0],"gold":239,"neow_bonus":"RANDOM_COMMON_RELIC","is_prod":false,"is_daily":false,"chose_seed":false,"campfire_upgraded":0,"win_rate":0,"timestamp":1546192846,"path_taken":["M","?","?","?","M","R","E","?","T","M","E","M","R","M","R","BOSS","M","?","?","$","M","R","M","M","T","M","R","M"],"build_version":"2018-12-20","purchased_purges":1,"victory":false,"max_hp_per_floor":[75,75,75,75,75,75,75,75,75,75,75,75,75,75,75,75,75,75,75,75,75,75,75,75,75,75,75,75,75],"card_choices":[{"not_picked":["Barrage","Go for the Eyes"],"picked":"Melter","floor":1},{"not_picked":["Hologram","Stack"],"picked":"Go for the Eyes","floor":3},{"not_picked":["Force Field","Aggregate"],"picked":"Streamline","floor":4},{"not_picked":["Go for the Eyes","Redo"],"picked":"Skim","floor":5},{"not_picked":["Capacitor","Stack"],"picked":"Cold Snap","floor":7},{"not_picked":["Cold Snap","Stack","Hologram"],"picked":"Lockon","floor":10},{"not_picked":["Loop","Beam Cell","Tempest"],"picked":"Conserve Battery","floor":11},{"not_picked":["Compile Driver","BootSequence","Glacier"],"picked":"Conserve Battery","floor":12},{"not_picked":["Darkness","Rip and Tear","Turbo"],"picked":"Leap","floor":14},{"not_picked":["Core Surge","Multi-Cast","Reboot"],"picked":"Buffer","floor":16},{"not_picked":["Auto Shields","Go for the Eyes+1","Compile Driver"],"picked":"Aggregate","floor":18},{"not_picked":["Barrage","Fusion","Streamline"],"picked":"Double Energy","floor":20},{"not_picked":["Defragment","Fusion+1","Steam Power"],"picked":"Hologram+1","floor":22},{"not_picked":["Conserve Battery","Sweeping Beam","Compile Driver"],"picked":"Barrage+1","floor":24},{"not_picked":["Scrape","Turbo","FTL"],"picked":"Steam+1","floor":25},{"not_picked":["Reboot","Auto Shields","Beam Cell"],"picked":"Tempest","floor":27}],"player_experience":359388,"relics_obtained":[{"floor":7,"key":"Question Card"},{"floor":9,"key":"Blue Candle"},{"floor":11,"key":"Bottled Lightning"},{"floor":26,"key":"Juzu Bracelet"}],"event_choices":[{"damage_healed":0,"gold_gain":0,"player_choice":"Upgraded","damage_taken":0,"max_hp_gain":0,"max_hp_loss":0,"event_name":"Upgrade Shrine","floor":2,"gold_loss":0,"cards_upgraded":["Dualcast"]},{"damage_healed":0,"gold_gain":0,"player_choice":"3 cards matched","damage_taken":0,"max_hp_gain":0,"max_hp_loss":0,"event_name":"Match and Keep!","floor":19,"gold_loss":0,"cards_obtained":["Impatience","Biased Cognition","Clumsy"]}],"is_beta":false,"boss_relics":[{"not_picked":["Busted Crown","Velvet Choker"],"picked":"Cursed Key"}],"items_purged_floors":[21],"is_endless":false,"potions_floor_spawned":[1,3,7,10,20],"killed_by":"Snecko","ascension_level":2}