{"gold_per_floor":[116,116,116,135,155,190,200,225,271,289,320,320,333,348,348,426,426,442,226,226,236,253,286,286,311,311,311,330,356,356,383,383,460,460,476,487,346,399,63,90,108,133,185,65,65,95,95,0,0,0],"floor_reached":51,"playtime":2528,"items_purged":["Clothesline","Second Wind","Pommel Strike","Cleave"],"score":1577,"play_id":"2c2892b5-25dd-4747-98d6-f4420b953273","local_time":"20180720191720","daily_mods":["Draft"],"is_ascension_mode":true,"campfire_choices":[{"data":"Whirlwind","floor":12,"key":"SMITH"},{"data":"Flex","floor":15,"key":"SMITH"},{"data":"Shrug It Off","floor":24,"key":"SMITH"},{"data":"Shrug It Off","floor":27,"key":"SMITH"},{"data":"Offering","floor":30,"key":"SMITH"},{"data":"Shrug It Off","floor":32,"key":"SMITH"},{"floor":47,"key":"REST"},{"data":"Inflame","floor":49,"key":"SMITH"}],"neow_cost":"","seed_source_timestamp":0,"circlet_count":0,"master_deck":["AscendersBane","Anger","Shrug It Off+1","Uppercut+1","Headbutt","True Grit","Shrug It Off+1","Whirlwind+1","Pommel Strike","Thunderclap","Sword Boomerang","Pommel Strike","Flex+1","Offering+1","Shrug It Off+1","Inflame+1","Battle Trance","Reaper","Pummel+1","Shrug It Off","Spot Weakness+1","Demon Form+1","Shockwave","Impervious"],"relics":["Burning Blood","Regal Pillow","The Courier","Magic Flower","Bronze Scales","Champion Belt","Sozu","Pen Nib","Bottled Lightning","Strawberry","Dream Catcher","Art of War","Anchor","Runic Dome","Du-Vu Doll","Lantern","Oddly Smooth Stone","Potion Belt","Happy Flower","Boot","Red Mask"],"potions_floor_usage":[23,50],"damage_taken":[{"damage":4,"enemies":"Cultist","floor":1,"turns":3},{"damage":5,"enemies":"Jaw Worm","floor":4,"turns":2},{"damage":8,"enemies":"2 Louse","floor":5,"turns":2},{"damage":6,"enemies":"Gremlin Nob","floor":6,"turns":3},{"damage":0,"enemies":"Large Slime","floor":7,"turns":3},{"damage":15,"enemies":"Lagavulin","floor":8,"turns":5},{"damage":9,"enemies":"Lots of Slimes","floor":10,"turns":2},{"damage":7,"enemies":"Gremlin Nob","floor":11,"turns":3},{"damage":5,"enemies":"2 Fungi Beasts","floor":13,"turns":1},{"damage":1,"enemies":"Large Slime","floor":14,"turns":2},{"damage":29,"enemies":"Hexaghost","floor":16,"turns":6},{"damage":27,"enemies":"Shell Parasite","floor":18,"turns":3},{"damage":4,"enemies":"Chosen","floor":21,"turns":2},{"damage":18,"enemies":"Snake Plant","floor":22,"turns":3},{"damage":14,"enemies":"Slavers","floor":23,"turns":3},{"damage":7,"enemies":"Book of Stabbing","floor":25,"turns":3},{"damage":5,"enemies":"3 Cultists","floor":28,"turns":1},{"damage":5,"enemies":"Gremlin Leader","floor":29,"turns":4},{"damage":5,"enemies":"Slavers","floor":31,"turns":1},{"damage":41,"enemies":"Automaton","floor":33,"turns":6},{"damage":5,"enemies":"Flame Bruiser 1 Orb","floor":35,"turns":3},{"damage":5,"enemies":"3 Darklings","floor":36,"turns":1},{"damage":36,"floor":38,"turns":3},{"damage":25,"enemies":"Nemesis","floor":40,"turns":5},{"damage":5,"enemies":"Spire Growth","floor":41,"turns":3},{"damage":5,"enemies":"2 Orb Walkers","floor":42,"turns":1},{"damage":45,"enemies":"Nemesis","floor":46,"turns":5},{"damage":50,"enemies":"Time Eater","floor":50,"turns":6}],"seed_played":"-3717931435379114312","potions_obtained":[{"floor":1,"key":"SpeedPotion"},{"floor":10,"key":"Block Potion"},{"floor":14,"key":"Strength Potion"}],"is_trial":true,"path_per_floor":["M","T","?","M","M","E","M","E","T","M","E","R","M","M","R","B",null,"M","$","?","M","M","E","R","E","T","R","M","E","R","E","R","B",null,"M","M","$","?","$","E","M","E","T","$","?","E","R","?","R","B"],"character_chosen":"IRONCLAD","items_purchased":["Shrug It Off","Pen Nib","Shockwave","Lantern","Impervious"],"campfire_rested":1,"item_purchase_floors":[19,19,37,39,39],"current_hp_per_floor":[70,70,70,71,69,69,75,66,66,66,68,68,72,75,75,55,70,63,63,63,68,59,72,72,81,81,81,82,82,82,82,82,65,78,82,82,82,55,55,63,82,82,82,82,82,48,82,82,82,82],"gold":0,"neow_bonus":"","is_prod":false,"is_daily":false,"chose_seed":false,"campfire_upgraded":7,"win_rate":0,"timestamp":1532139440,"path_taken":["M","?","?","M","M","E","M","E","T","?","E","R","M","M","R","BOSS","M","$","?","M","M","E","R","E","T","R","M","E","R","E","R","BOSS","M","M","$","?","$","E","?","E","T","?","?","E","R","?","R","BOSS"],"build_version":"2018-07-19v2","purchased_purges":4,"victory":true,"max_hp_per_floor":[75,75,75,75,75,75,75,75,75,75,75,75,75,75,75,75,75,75,75,75,75,75,75,75,82,82,82,82,82,82,82,82,82,82,82,82,82,82,82,82,82,82,82,82,82,82,82,82,82,82],"card_choices":[{"not_picked":["Fire Breathing","Wild Strike"],"picked":"Anger","floor":0},{"not_picked":["Havoc","Warcry"],"picked":"Clothesline","floor":0},{"not_picked":["Twin Strike","Thunderclap"],"picked":"Shrug It Off","floor":0},{"not_picked":["Evolve","Rage"],"picked":"Second Wind","floor":0},{"not_picked":["Havoc","Seeing Red"],"picked":"Uppercut","floor":0},{"not_picked":["Second Wind","Clash"],"picked":"Headbutt","floor":0},{"not_picked":["Uppercut","Corruption"],"picked":"True Grit","floor":0},{"not_picked":["Iron Wave","Hemokinesis"],"picked":"Shrug It Off","floor":0},{"not_picked":["Clothesline","Feel No Pain"],"picked":"Whirlwind","floor":0},{"not_picked":["Intimidate","Anger"],"picked":"Pommel Strike","floor":0},{"not_picked":["Anger","Dual Wield"],"picked":"Thunderclap","floor":0},{"not_picked":["Whirlwind","Iron Wave"],"picked":"Pommel Strike","floor":0},{"not_picked":["Fire Breathing","Body Slam"],"picked":"Sword Boomerang","floor":0},{"not_picked":["Clothesline","Rage"],"picked":"Cleave","floor":0},{"not_picked":["Thunderclap","Anger"],"picked":"Pommel Strike","floor":0},{"not_picked":["Burning Pact","Sword Boomerang"],"picked":"Flex","floor":1},{"not_picked":["Heavy Blade","Sword Boomerang","Clothesline"],"picked":"SKIP","floor":4},{"not_picked":["Havoc","Pommel Strike","Warcry"],"picked":"SKIP","floor":5},{"not_picked":["Clash","Reaper","Anger"],"picked":"SKIP","floor":6},{"not_picked":["Dropkick","Flex","Evolve"],"picked":"SKIP","floor":7},{"not_picked":["Infernal Blade","Headbutt"],"picked":"Offering","floor":8},{"not_picked":["Burning Pact","Blood for Blood"],"picked":"Shrug It Off","floor":10},{"not_picked":["Dropkick","Heavy Blade","Fire Breathing"],"picked":"SKIP","floor":11},{"not_picked":["Sword Boomerang","Body Slam"],"picked":"Inflame","floor":13},{"not_picked":["Flame Barrier","Armaments"],"picked":"Battle Trance","floor":14},{"not_picked":["Dark Embrace","Brutality"],"picked":"Reaper","floor":16},{"not_picked":["Battle Trance","Headbutt"],"picked":"Pummel+1","floor":18},{"not_picked":["Anger","Searing Blow","Clothesline"],"picked":"SKIP","floor":21},{"not_picked":["Pommel Strike","Anger","Warcry"],"picked":"SKIP","floor":22},{"not_picked":["Burning Pact","Evolve"],"picked":"Spot Weakness+1","floor":23},{"not_picked":["Heavy Blade","Iron Wave","Bloodletting"],"picked":"SKIP","floor":25},{"not_picked":["Perfected Strike","Clash","Anger"],"picked":"SKIP","floor":28},{"not_picked":["Pummel","Pommel Strike","Dual Wield+1"],"picked":"SKIP","floor":29},{"not_picked":["Fire Breathing","Hemokinesis","Sword Boomerang+1"],"picked":"SKIP","floor":31},{"not_picked":["Berserk","Double Tap"],"picked":"Demon Form","floor":33},{"not_picked":["Heavy Blade","Rage","Havoc"],"picked":"SKIP","floor":35},{"not_picked":["Perfected Strike+1","Shrug It Off","Pommel Strike"],"picked":"SKIP","floor":36},{"not_picked":["Flex","Whirlwind","Sword Boomerang"],"picked":"SKIP","floor":40},{"not_picked":["Flex","Fire Breathing+1","Clash"],"picked":"SKIP","floor":41},{"not_picked":["Fire Breathing","Anger","Sentinel"],"picked":"SKIP","floor":42},{"not_picked":["Armaments","Bloodletting","Pummel"],"picked":"SKIP","floor":46}],"player_experience":820816,"relics_obtained":[{"floor":2,"key":"Regal Pillow"},{"floor":6,"key":"The Courier"},{"floor":8,"key":"Magic Flower"},{"floor":9,"key":"Bronze Scales"},{"floor":11,"key":"Champion Belt"},{"floor":23,"key":"Bottled Lightning"},{"floor":25,"key":"Strawberry"},{"floor":26,"key":"Dream Catcher"},{"floor":29,"key":"Art of War"},{"floor":31,"key":"Anchor"},{"floor":38,"key":"Du-Vu Doll"},{"floor":40,"key":"Oddly Smooth Stone"},{"floor":42,"key":"Potion Belt"},{"floor":43,"key":"Happy Flower"},{"floor":46,"key":"Boot"}],"event_choices":[{"event_name":"Living Wall","player_choice":"Grow","floor":3,"damage_taken":0},{"event_name":"Ghosts","player_choice":"Ignored","floor":20,"damage_taken":0},{"event_name":"Mysterious Sphere","player_choice":"Fight","floor":38,"damage_taken":0},{"event_name":"Upgrade Shrine","player_choice":"Upgraded","floor":45,"damage_taken":0},{"event_name":"Tomb of Lord Red Mask","player_choice":"Paid","floor":48,"damage_taken":0}],"is_beta":false,"boss_relics":[{"not_picked":["Runic Cube","Calling Bell"],"picked":"Sozu"},{"not_picked":["Orrery","Eternal Feather"],"picked":"Runic Dome"}],"items_purged_floors":[19,37,39,44],"is_endless":false,"potions_floor_spawned":[1,10,11,14,23,25,28,29,35,41],"ascension_level":15}