{"gold_per_floor":[217,217,45,57,57,57,91,91,91,91,110,110,120,37,37,37],"floor_reached":16,"playtime":364,"items_purged":[],"score":191,"play_id":"cf7fd22c-ba4f-40ae-970b-b621b2aa9b5b","local_time":"20190505204728","is_ascension_mode":true,"campfire_choices":[{"data":"Pommel Strike","floor":6,"key":"SMITH"},{"data":"Headbutt","floor":8,"key":"SMITH"},{"floor":10,"key":"REST"},{"data":"Spot Weakness","floor":12,"key":"SMITH"},{"data":"Disarm","floor":15,"key":"SMITH"}],"neow_cost":"NONE","seed_source_timestamp":800992696439800,"circlet_count":0,"master_deck":["AscendersBane","Strike_R","Strike_R","Strike_R","Strike_R","Strike_R","Defend_R","Defend_R","Defend_R","Defend_R","Bash+1","True Grit+1","Pommel Strike+1","Headbutt+1","Spot Weakness+1","Disarm+1","Shrug It Off","True Grit"],"relics":["Burning Blood","Centennial Puzzle","Bronze Scales","Regal Pillow"],"potions_floor_usage":[16,16],"damage_taken":[{"damage":9,"enemies":"Small Slimes","floor":1,"turns":4},{"damage":7,"enemies":"Jaw Worm","floor":4,"turns":4},{"damage":32,"enemies":"Gremlin Nob","floor":7,"turns":4},{"damage":1,"enemies":"Cultist","floor":11,"turns":3},{"damage":27,"enemies":"Exordium Thugs","floor":13,"turns":5},{"damage":58,"enemies":"Slime Boss","floor":16,"turns":7}],"seed_played":"-6420051056207941159","potions_obtained":[{"floor":11,"key":"Ancient Potion"},{"floor":13,"key":"FearPotion"}],"is_trial":false,"path_per_floor":["M","?","$","M","?","R","E","R","T","R","M","R","M","$","R","B"],"character_chosen":"IRONCLAD","items_purchased":["Centennial Puzzle","Shrug It Off","True Grit"],"campfire_rested":1,"item_purchase_floors":[3,14,14],"current_hp_per_floor":[65,65,65,64,64,64,38,38,38,75,75,75,54,54,54,0],"gold":37,"neow_bonus":"HUNDRED_GOLD","is_prod":false,"is_daily":false,"chose_seed":false,"campfire_upgraded":4,"win_rate":0,"timestamp":1557078448,"path_taken":["M","?","$","M","?","R","E","R","T","R","M","R","?","$","R","BOSS"],"build_version":"2019-01-23","purchased_purges":0,"victory":false,"max_hp_per_floor":[75,75,75,75,75,75,75,75,75,75,75,75,75,75,75,75],"card_choices":[{"not_picked":["Sword Boomerang","Flex"],"picked":"True Grit","floor":1},{"not_picked":["Headbutt","Iron Wave"],"picked":"Pommel Strike","floor":4},{"not_picked":["Heavy Blade","Dark Embrace"],"picked":"Headbutt","floor":7},{"not_picked":["Flex","Sword Boomerang"],"picked":"Spot Weakness","floor":11},{"not_picked":["Sword Boomerang","Infernal Blade"],"picked":"Disarm","floor":13}],"player_experience":377645,"relics_obtained":[{"floor":7,"key":"Bronze Scales"},{"floor":9,"key":"Regal Pillow"}],"event_choices":[{"damage_healed":0,"gold_gain":0,"player_choice":"Grow","damage_taken":0,"max_hp_gain":0,"max_hp_loss":0,"event_name":"Living Wall","floor":2,"gold_loss":0,"cards_upgraded":["True Grit"]},{"damage_healed":0,"gold_gain":0,"player_choice":"Forge","damage_taken":0,"max_hp_gain":0,"max_hp_loss":0,"event_name":"Accursed Blacksmith","floor":5,"gold_loss":0,"cards_upgraded":["Bash"]}],"is_beta":false,"boss_relics":[],"items_purged_floors":[],"is_endless":false,"potions_floor_spawned":[11,13],"killed_by":"Slime Boss","ascension_level":19}