{"gold_per_floor":[111,131,149,149,167,167,195,195,195,212,230,250,277,277,277,353,353,367,349,349,366,377,377,412,412,412,412,502,378,396,421,421,494,494,507,65,65,65,80,80,80,80,116,147,170,182,224,254,266,278],"floor_reached":51,"playtime":4985,"items_purged":["Strike_G","Defend_G"],"score":1213,"play_id":"64ab5ba9-072d-4e9c-82b3-f33755d62b49","local_time":"20180728205106","is_ascension_mode":true,"campfire_choices":[{"data":"Neutralize","floor":6.0,"key":"SMITH"},{"data":"Tools of the Trade","floor":8.0,"key":"SMITH"},{"floor":15.0,"key":"REST"},{"floor":23.0,"key":"REST"},{"floor":25.0,"key":"REST"},{"data":"Cloak And Dagger","floor":27.0,"key":"SMITH"},{"data":"Envenom","floor":32.0,"key":"SMITH"},{"data":"Cloak And Dagger","floor":40.0,"key":"SMITH"},{"floor":42.0,"key":"DIG"},{"floor":46,"key":"DIG"},{"floor":49,"key":"REST"}],"neow_cost":"NONE","seed_source_timestamp":44545945698111,"circlet_count":0,"master_deck":["Defend_G+1","Defend_G+1","Strike_G","Survivor","Neutralize+1","AscendersBane","Sucker Punch","Dagger Throw","Tools of the Trade+1","Dagger Spray","Cloak And Dagger+1","Leg Sweep","Glass Knife","Envenom+1","Noxious Fumes+1","Cloak And Dagger+1","Sucker Punch+1","Deflect","Cloak And Dagger+1","Blur","Doppelganger","Cloak And Dagger+1","Dodge and Roll+1","Escape Plan","Writhe","Well Laid Plans+1","Noxious Fumes+1"],"special_seed":0,"relics":["Ring of the Snake","Lantern","War Paint","Kunai","Astrolabe","Art of War","Boot","Snake Skull","Runic Dome","The Specimen","Shovel","MawBank","Dream Catcher","Mummified Hand","Vajra"],"potions_floor_usage":[47,50,50],"damage_taken":[{"damage":0.0,"enemies":"Small Slimes","floor":1.0,"turns":5.0},{"damage":0.0,"enemies":"Cultist","floor":2.0,"turns":4.0},{"damage":0.0,"enemies":"2 Louse","floor":3.0,"turns":4.0},{"damage":4.0,"enemies":"Red Slaver","floor":5.0,"turns":5.0},{"damage":19.0,"enemies":"Lagavulin","floor":7.0,"turns":10.0},{"damage":0.0,"enemies":"2 Fungi Beasts","floor":10.0,"turns":3.0},{"damage":0.0,"enemies":"Large Slime","floor":11.0,"turns":5.0},{"damage":0.0,"enemies":"Blue Slaver","floor":12.0,"turns":4.0},{"damage":6.0,"enemies":"3 Sentries","floor":13.0,"turns":8.0},{"damage":9.0,"enemies":"Slime Boss","floor":16.0,"turns":18.0},{"damage":11.0,"enemies":"Spheric Guardian","floor":18.0,"turns":5.0},{"damage":4.0,"enemies":"2 Thieves","floor":19.0,"turns":4.0},{"damage":8.0,"enemies":"Slaver and Parasite","floor":21.0,"turns":9.0},{"damage":2.0,"enemies":"Cultist and Chosen","floor":22.0,"turns":7.0},{"damage":18.0,"enemies":"Book of Stabbing","floor":24.0,"turns":6.0},{"damage":6.0,"enemies":"3 Cultists","floor":30.0,"turns":5.0},{"damage":6.0,"enemies":"Gremlin Leader","floor":31.0,"turns":8.0},{"damage":13.0,"enemies":"Automaton","floor":33.0,"turns":10.0},{"damage":0.0,"enemies":"3 Shapes","floor":35.0,"turns":6.0},{"damage":4.0,"floor":37.0,"turns":6.0},{"damage":2.0,"enemies":"Orb Walker","floor":39.0,"turns":3.0},{"damage":0.0,"enemies":"Flame Bruiser 2 Orb","floor":44.0,"turns":6.0},{"damage":0,"enemies":"4 Shapes","floor":45,"turns":6},{"damage":36,"enemies":"2 Orb Walkers","floor":47,"turns":7},{"damage":0,"enemies":"Maw","floor":48,"turns":7},{"damage":47,"enemies":"Donu and Deca","floor":50,"turns":10}],"seed_played":"1560514494316696113","potions_obtained":[{"floor":3.0,"key":"Poison Potion"},{"floor":5.0,"key":"PowerPotion"},{"floor":7.0,"key":"Explosive Potion"},{"floor":18.0,"key":"Strength Potion"},{"floor":30.0,"key":"Regen Potion"},{"floor":31.0,"key":"AttackPotion"},{"floor":45,"key":"AttackPotion"},{"floor":47,"key":"LiquidBronze"}],"is_trial":false,"path_per_floor":["M","M","M","?","M","R","E","R","T","M","M","M","E","?","R","B",null,"M","M","?","M","M","R","E","R","T","R","?","$","M","E","R","B",null,"M","$","?","?","M","R","?","R","T","M","M","R","E","M","R","B"],"character_chosen":"THE_SILENT","items_purchased":["Strength Potion","The Specimen","Cloak And Dagger"],"campfire_rested":4,"item_purchase_floors":[29,36,36],"current_hp_per_floor":[59,59,59,59,55,55,36,36,36,36,36,36,30,30,49,40,60,49,45,45,37,35,54,36,55,55,55,43,43,37,46,46,33,58,58,58,54,54,52,52,65,65,65,65,65,65,29,29,48,1],"gold":290,"neow_bonus":"REMOVE_CARD","is_prod":false,"is_daily":false,"chose_seed":false,"campfire_upgraded":5,"win_rate":0,"timestamp":1532836266,"path_taken":["M","M","M","?","?","R","E","R","T","M","?","M","E","?","R","BOSS","M","M","?","M","M","R","E","R","T","R","?","$","M","E","R","BOSS","M","$","?","?","M","R","?","R","T","M","M","R","E","M","R","BOSS"],"build_version":"2018-07-26","purchased_purges":2,"victory":true,"max_hp_per_floor":[66,66,66,66,66,66,66,66,66,66,66,66,66,66,66,66,66,66,66,66,66,66,66,66,66,66,66,66,66,66,66,66,66,66,66,66,66,66,66,66,66,66,66,66,66,66,66,66,66,66],"card_choices":[{"not_picked":["Deflect","Quick Slash"],"picked":"Sucker Punch","floor":1.0},{"not_picked":["Deadly Poison","Deflect"],"picked":"Dagger Throw","floor":2.0},{"not_picked":["Outmaneuver","Predator","Deadly Poison"],"picked":"SKIP","floor":3.0},{"not_picked":["Predator","Outmaneuver"],"picked":"Tools of the Trade","floor":5.0},{"not_picked":["Dodge and Roll","Poisoned Stab"],"picked":"Footwork","floor":7.0},{"not_picked":["Slice","Prepared"],"picked":"Dagger Spray","floor":10.0},{"not_picked":["Poisoned Stab","Prepared"],"picked":"Cloak And Dagger","floor":11.0},{"not_picked":["Deflect","Poisoned Stab"],"picked":"Leg Sweep","floor":12.0},{"not_picked":["Backstab","Skewer"],"picked":"Glass Knife","floor":13.0},{"not_picked":["Doppelganger","Corpse Explosion"],"picked":"Envenom","floor":16.0},{"not_picked":["Dagger Throw","Poisoned Stab","Outmaneuver"],"picked":"SKIP","floor":18.0},{"not_picked":["Bouncing Flask","Acrobatics"],"picked":"Deflect","floor":19.0},{"not_picked":["Eviscerate+1","Quick Slash","Caltrops"],"picked":"SKIP","floor":21.0},{"not_picked":["Dagger Throw","Underhanded Strike"],"picked":"Cloak And Dagger","floor":22.0},{"not_picked":["Flying Knee","Dagger Throw"],"picked":"Blur","floor":24.0},{"not_picked":["Dagger Spray","Slice","Night Terror"],"picked":"SKIP","floor":30.0},{"not_picked":["Prepared","Slice+1","Acrobatics+1"],"picked":"SKIP","floor":31.0},{"not_picked":["Storm of Steel","Grand Finale"],"picked":"Doppelganger","floor":33.0},{"not_picked":["Deadly Poison+1","Sucker Punch","Noxious Fumes"],"picked":"SKIP","floor":35.0},{"not_picked":["Backstab","All Out Attack"],"picked":"Dodge and Roll+1","floor":37.0},{"not_picked":["Predator+1","Outmaneuver+1"],"picked":"Escape Plan","floor":39.0},{"not_picked":["Distraction","Quick Slash"],"picked":"Well Laid Plans+1","floor":44.0},{"not_picked":["Dodge and Roll","Backstab","Quick Slash+1"],"picked":"SKIP","floor":45},{"not_picked":["Eviscerate","Deadly Poison","Masterful Stab+1"],"picked":"SKIP","floor":47},{"not_picked":["Crippling Poison","Flechettes","Underhanded Strike"],"picked":"SKIP","floor":48},{"not_picked":["Dagger Spray","Flying Knee"],"picked":"Noxious Fumes+1","floor":49}],"player_experience":926404,"relics_obtained":[{"floor":7.0,"key":"Lantern"},{"floor":9.0,"key":"War Paint"},{"floor":13.0,"key":"Kunai"},{"floor":24.0,"key":"Art of War"},{"floor":26.0,"key":"Boot"},{"floor":31.0,"key":"Snake Skull"},{"floor":37.0,"key":"Shovel"},{"floor":42.0,"key":"MawBank"},{"floor":43.0,"key":"Dream Catcher"},{"floor":46,"key":"Mummified Hand"},{"floor":47,"key":"Vajra"}],"event_choices":[{"event_name":"Bonfire Elementals","player_choice":"BASIC","floor":4.0,"damage_taken":0.0},{"event_name":"Living Wall","player_choice":"Grow","floor":14.0,"damage_taken":0.0},{"event_name":"The Mausoleum","player_choice":"No","floor":20.0,"damage_taken":0.0},{"event_name":"Knowing Skull","player_choice":"GOLD ","floor":28.0,"damage_taken":0.0},{"event_name":"MindBloom","player_choice":"Fight","floor":37.0,"damage_taken":0.0},{"event_name":"Falling","player_choice":"Removed Power","floor":38.0,"damage_taken":0.0},{"event_name":"Winding Halls","player_choice":"Writhe","floor":41.0,"damage_taken":0.0}],"is_beta":false,"boss_relics":[{"not_picked":["WristBlade","Philosopher\u0027s Stone"],"picked":"Astrolabe"},{"not_picked":["Ring of the Serpent","Orrery"],"picked":"Runic Dome"}],"items_purged_floors":[29,36],"is_endless":false,"potions_floor_spawned":[3,5,7,10,18,19,30,31,45,47,48],"ascension_level":15}