{"gold_per_floor":[109,123,273,283,46,46,73,73,73,91,106,406,406,438,438,517,517,530,530,544,77,107,142,142,158,158,158,174,174,192,210,210,284,284,296,296,243,255,130,130,164,182,182,182,212,212,230,230,230,230,230],"floor_reached":52,"playtime":2823,"items_purged":["Doubt","Defend_B","Defend_B"],"score":2080,"play_id":"0425cb17-a4e8-4f5b-9cb2-dd842359f803","local_time":"20190104175659","is_ascension_mode":true,"campfire_choices":[{"data":"Streamline","floor":6.0,"key":"SMITH"},{"data":"Conserve Battery","floor":15.0,"key":"SMITH"},{"floor":27.0,"key":"REST"},{"floor":29.0,"key":"REST"},{"data":"Reinforced Body","floor":32.0,"key":"SMITH"},{"data":"Coolheaded","floor":40.0,"key":"SMITH"},{"data":"Seek","floor":44.0,"key":"SMITH"},{"data":"White Noise","floor":46.0,"key":"SMITH"},{"floor":49.0,"key":"REST"}],"neow_cost":"NONE","seed_source_timestamp":4541832748518,"circlet_count":0,"master_deck":["AscendersBane","Defend_B","Zap","Dualcast","Sweeping Beam+1","White Noise+1","Streamline+1","FTL","Conserve Battery+1","Seek+1","Genetic Algorithm+1","Defragment+1","RitualDagger","Reinforced Body+1","Heatsinks+1","Coolheaded+1","Gash","Multi-Cast"],"special_seed":0,"relics":["Busted Crown","Shuriken","Happy Flower","Old Coin","Ancient Tea Set","Astrolabe","Pear","Red Mask","Potion Belt","Blue Candle","White Beast Statue","Bottled Lightning","Toxic Egg 2","Du-Vu Doll"],"potions_floor_usage":[51,51],"damage_taken":[{"damage":2.0,"enemies":"Jaw Worm","floor":1.0,"turns":4.0},{"damage":9.0,"enemies":"Small Slimes","floor":2.0,"turns":3.0},{"damage":1.0,"enemies":"Cultist","floor":4.0,"turns":3.0},{"damage":0.0,"enemies":"Lagavulin","floor":7.0,"turns":5.0},{"damage":20.0,"enemies":"Exordium Thugs","floor":10.0,"turns":4.0},{"damage":0.0,"enemies":"Blue Slaver","floor":11.0,"turns":2.0},{"damage":4.0,"enemies":"Gremlin Nob","floor":14.0,"turns":3.0},{"damage":3.0,"enemies":"The Guardian","floor":16.0,"turns":9.0},{"damage":5.0,"enemies":"Chosen","floor":18.0,"turns":6.0},{"damage":34.0,"enemies":"Shell Parasite","floor":20.0,"turns":5.0},{"damage":10.0,"enemies":"Masked Bandits","floor":22.0,"turns":3.0},{"damage":11.0,"enemies":"Gremlin Leader","floor":23.0,"turns":6.0},{"damage":0.0,"enemies":"Centurion and Healer","floor":25.0,"turns":4.0},{"damage":21.0,"enemies":"Cultist and Chosen","floor":28.0,"turns":7.0},{"damage":0.0,"enemies":"Snake Plant","floor":30.0,"turns":5.0},{"damage":18.0,"enemies":"Snecko","floor":31.0,"turns":6.0},{"damage":6.0,"enemies":"Automaton","floor":33.0,"turns":11.0},{"damage":28.0,"enemies":"3 Darklings","floor":35.0,"turns":7.0},{"damage":4.0,"enemies":"3 Shapes","floor":38.0,"turns":7.0},{"damage":0.0,"enemies":"Reptomancer","floor":41.0,"turns":6.0},{"damage":0.0,"enemies":"Sphere and 2 Shapes","floor":42.0,"turns":6.0},{"damage":0.0,"enemies":"Nemesis","floor":45.0,"turns":9.0},{"damage":12.0,"enemies":"Spire Growth","floor":47.0,"turns":4.0},{"damage":43.0,"enemies":"Awakened One","floor":50.0,"turns":22.0},{"damage":22,"enemies":"Donu and Deca","floor":51,"turns":10}],"seed_played":"4824347092820348640","potions_obtained":[{"floor":4.0,"key":"Block Potion"},{"floor":7.0,"key":"Strength Potion"},{"floor":10.0,"key":"AttackPotion"},{"floor":14.0,"key":"GamblersBrew"},{"floor":22.0,"key":"PowerPotion"},{"floor":25.0,"key":"Strength Potion"},{"floor":33.0,"key":"SkillPotion"},{"floor":35.0,"key":"FairyPotion"},{"floor":38.0,"key":"GamblersBrew"},{"floor":41.0,"key":"PowerPotion"},{"floor":45.0,"key":"LiquidBronze"}],"is_trial":false,"path_per_floor":["M","M","?","M","$","R","E","?","T","M","M","T","?","E","R","B",null,"M","?","M","$","?","E","?","M","T","R","M","R","M","M","R","B",null,"M","?","$","M","$","R","E","M","T","R","E","R","M","?","R","B","B",null],"character_chosen":"DEFECT","items_purchased":["Streamline","Strength Potion","FTL","Pear","Reinforced Body","Fire Potion","PowerPotion"],"campfire_rested":3,"item_purchase_floors":[5,5,5,21,21,21,37],"current_hp_per_floor":[62,53,53,52,52,52,52,57,57,37,37,37,14,10,10,7,59,54,48,14,24,14,3,3,3,3,28,7,32,32,14,14,8,67,39,39,39,35,35,35,35,35,35,35,35,35,23,23,48,5,5],"gold":230,"neow_bonus":"BOSS_RELIC","is_prod":false,"is_daily":false,"chose_seed":false,"campfire_upgraded":6,"win_rate":0,"timestamp":1546595819,"path_taken":["M","M","?","M","$","R","E","?","T","M","M","?","?","E","R","BOSS","M","?","M","$","?","E","?","M","T","R","M","R","M","?","R","BOSS","M","?","$","M","$","R","E","M","T","R","E","R","?","?","R","BOSS","BOSS"],"build_version":"2019-01-03v3","purchased_purges":3,"victory":true,"max_hp_per_floor":[71,71,71,71,71,71,71,76,76,76,76,76,76,76,76,76,76,76,76,76,86,86,86,86,86,86,86,86,86,86,86,86,86,86,86,86,86,86,86,86,86,86,86,86,86,86,86,86,86,86,86],"card_choices":[{"not_picked":["Sweeping Beam"],"picked":"SKIP","floor":1.0},{"not_picked":[],"picked":"Sweeping Beam","floor":1.0},{"not_picked":["Blizzard"],"picked":"SKIP","floor":2.0},{"not_picked":[],"picked":"White Noise","floor":4.0},{"not_picked":["Steam"],"picked":"SKIP","floor":7.0},{"not_picked":["Heatsinks"],"picked":"SKIP","floor":10.0},{"not_picked":[],"picked":"Conserve Battery","floor":11.0},{"not_picked":["Sweeping Beam"],"picked":"SKIP","floor":14.0},{"not_picked":[],"picked":"Seek","floor":16.0},{"not_picked":["Gash+1"],"picked":"SKIP","floor":18.0},{"not_picked":["Streamline"],"picked":"SKIP","floor":20.0},{"not_picked":[],"picked":"Heatsinks+1","floor":22.0},{"not_picked":["Turbo"],"picked":"SKIP","floor":23.0},{"not_picked":["Reinforced Body"],"picked":"SKIP","floor":25.0},{"not_picked":["Barrage"],"picked":"SKIP","floor":28.0},{"not_picked":["Doom and Gloom"],"picked":"SKIP","floor":30.0},{"not_picked":[],"picked":"Coolheaded","floor":31.0},{"not_picked":[],"picked":"Gash","floor":35.0},{"not_picked":["Leap"],"picked":"SKIP","floor":38.0},{"not_picked":["Genetic Algorithm"],"picked":"SKIP","floor":41.0},{"not_picked":["Sweeping Beam"],"picked":"SKIP","floor":42.0},{"not_picked":["Streamline"],"picked":"SKIP","floor":45.0},{"not_picked":["Ball Lightning+1"],"picked":"SKIP","floor":47.0}],"player_experience":2475331,"relics_obtained":[{"floor":7.0,"key":"Shuriken"},{"floor":9.0,"key":"Happy Flower"},{"floor":12.0,"key":"Old Coin"},{"floor":14.0,"key":"Ancient Tea Set"},{"floor":22.0,"key":"Red Mask"},{"floor":23.0,"key":"Potion Belt"},{"floor":26.0,"key":"Blue Candle"},{"floor":41.0,"key":"Bottled Lightning"},{"floor":43.0,"key":"Toxic Egg 2"},{"floor":45.0,"key":"Du-Vu Doll"}],"event_choices":[{"damage_healed":0.0,"max_hp_gain":0.0,"max_hp_loss":0.0,"gold_gain":150.0,"event_name":"Liars Game","player_choice":"AGREE","floor":3.0,"gold_loss":0.0,"damage_taken":0.0,"cards_obtained":["Doubt"]},{"damage_healed":0.0,"max_hp_gain":5.0,"max_hp_loss":0.0,"gold_gain":0.0,"event_name":"Big Fish","player_choice":"Donut","floor":8.0,"gold_loss":0.0,"damage_taken":0.0},{"damage_healed":0.0,"max_hp_gain":0.0,"max_hp_loss":0.0,"gold_gain":0.0,"event_name":"Shining Light","player_choice":"Entered Light","floor":13.0,"gold_loss":0.0,"damage_taken":23.0,"cards_upgraded":["Sweeping Beam","Strike_B"]},{"damage_healed":0.0,"max_hp_gain":0.0,"max_hp_loss":0.0,"gold_gain":0.0,"event_name":"Nest","player_choice":"Joined the Cult","floor":19.0,"gold_loss":0.0,"damage_taken":6.0,"cards_obtained":["RitualDagger"]},{"damage_healed":0.0,"max_hp_gain":0.0,"max_hp_loss":0.0,"gold_gain":0.0,"event_name":"Masked Bandits","player_choice":"Fought Bandits","floor":22.0,"gold_loss":0.0,"damage_taken":0.0},{"cards_removed":["Defend_B"],"damage_healed":0.0,"max_hp_gain":0.0,"max_hp_loss":0.0,"gold_gain":0.0,"event_name":"Back to Basics","player_choice":"Elegance","floor":24.0,"gold_loss":0.0,"damage_taken":0.0},{"damage_healed":0.0,"max_hp_gain":0.0,"max_hp_loss":0.0,"gold_gain":0.0,"cards_transformed":["Strike_B"],"event_name":"Transmorgrifier","player_choice":"Transformed","floor":36.0,"gold_loss":0.0,"damage_taken":0.0,"cards_obtained":["Multi-Cast"]},{"cards_removed":["Machine Learning"],"damage_healed":0.0,"max_hp_gain":0.0,"max_hp_loss":0.0,"gold_gain":0.0,"event_name":"Falling","player_choice":"Removed Power","floor":48.0,"gold_loss":0.0,"damage_taken":0.0}],"is_beta":false,"boss_relics":[{"not_picked":["Eternal Feather","Lizard Tail"],"picked":"Astrolabe"},{"not_picked":["Empty Cage","Philosopher\u0027s Stone"],"picked":"White Beast Statue"}],"items_purged_floors":[5,21,39],"is_endless":false,"potions_floor_spawned":[4,7,10,14,22,25,33,35,38,41,42,45,47],"ascension_level":20}