{"gold_per_floor":[114,127,127,137,55,55,89,101,140,152,177,189,201,227,239,374,386,419,346,358,57,82,82],"floor_reached":23,"playtime":1104,"items_purged":[],"score":462,"play_id":"51e19aba-dd0b-422c-8821-153751b815b6","local_time":"20190117041548","is_ascension_mode":true,"campfire_choices":[{"data":"Body Slam","floor":6.0,"key":"SMITH"},{"floor":8.0,"key":"REST"},{"data":"Sword Boomerang","floor":10.0,"key":"SMITH"},{"data":"Entrench","floor":15.0,"key":"SMITH"}],"neow_cost":"NONE","seed_source_timestamp":0,"circlet_count":0,"master_deck":["AscendersBane","Strike_R","Strike_R","Strike_R","Strike_R","Defend_R+1","Defend_R","Defend_R","Defend_R+1","Bash","Sword Boomerang+1","Body Slam+1","Dropkick","Metallicize","Spot Weakness","Shockwave","Rampage","Entrench+1","Barricade","Cleave","True Grit","Apotheosis","Flame Barrier"],"special_seed":0,"relics":["Burning Blood","MawBank","Boot","Golden Idol","Velvet Choker","Frozen Egg 2"],"potions_floor_usage":[22,22],"damage_taken":[{"damage":5.0,"enemies":"Cultist","floor":1.0,"turns":4.0},{"damage":14.0,"enemies":"2 Louse","floor":2.0,"turns":3.0},{"damage":11.0,"enemies":"Jaw Worm","floor":4.0,"turns":5.0},{"damage":33.0,"enemies":"3 Sentries","floor":7.0,"turns":12.0},{"damage":0.0,"enemies":"Looter","floor":11.0,"turns":3.0},{"damage":0.0,"enemies":"2 Fungi Beasts","floor":14.0,"turns":2.0},{"damage":27,"enemies":"Hexaghost","floor":16,"turns":9},{"damage":21,"enemies":"Chosen","floor":18,"turns":5},{"damage":38,"enemies":"Colosseum Slavers","floor":20,"turns":5},{"damage":17,"enemies":"2 Thieves","floor":22,"turns":3},{"damage":15,"enemies":"Book of Stabbing","floor":23,"turns":3}],"seed_played":"7098373816903176458","potions_obtained":[{"floor":2.0,"key":"SpeedPotion"},{"floor":4.0,"key":"SteroidPotion"},{"floor":7.0,"key":"Block Potion"},{"floor":18,"key":"Poison Potion"}],"is_trial":false,"path_per_floor":["M","M","?","M","$","R","E","R","T","R","M","?","?","M","R","B",null,"M","?","?","$","M","E"],"character_chosen":"IRONCLAD","items_purchased":["Metallicize","True Grit","Apotheosis","Regen Potion"],"campfire_rested":1,"item_purchase_floors":[5,21,21,21],"current_hp_per_floor":[73,65,49,44,44,44,17,41,41,41,47,47,47,53,53,32,64,49,49,17,17,15,0],"gold":82,"neow_bonus":"THREE_CARDS","is_prod":false,"is_daily":false,"chose_seed":false,"campfire_upgraded":3,"win_rate":0,"timestamp":1547694948,"path_taken":["M","?","?","M","?","R","E","R","T","R","M","?","?","?","R","BOSS","M","?","?","$","M","E"],"build_version":"2019-01-10","purchased_purges":0,"victory":false,"max_hp_per_floor":[80,80,80,80,80,80,80,80,80,80,80,74,74,74,74,74,74,74,74,74,74,74,74],"card_choices":[{"not_picked":["Headbutt","Havoc"],"picked":"Power Through","floor":0.0},{"not_picked":["Clothesline","Evolve"],"picked":"Sword Boomerang","floor":1.0},{"not_picked":["Havoc","Fire Breathing"],"picked":"Body Slam","floor":2.0},{"not_picked":["Headbutt","Clothesline"],"picked":"Dropkick","floor":4.0},{"not_picked":["Double Tap","Clash"],"picked":"Spot Weakness","floor":7.0},{"not_picked":["Battle Trance","Thunderclap"],"picked":"Shockwave","floor":11.0},{"not_picked":["Iron Wave","Clash"],"picked":"Entrench","floor":14.0},{"not_picked":["Bludgeon","Reaper"],"picked":"Barricade","floor":16},{"not_picked":["Perfected Strike","Havoc"],"picked":"Cleave","floor":18},{"not_picked":["Feel No Pain+1","Iron Wave"],"picked":"Flame Barrier","floor":22}],"player_experience":486448,"relics_obtained":[{"floor":7.0,"key":"MawBank"},{"floor":9.0,"key":"Boot"}],"event_choices":[{"damage_healed":0.0,"max_hp_gain":0.0,"max_hp_loss":0.0,"gold_gain":0.0,"event_name":"Shining Light","player_choice":"Entered Light","floor":3.0,"gold_loss":0.0,"damage_taken":16.0,"cards_upgraded":["Defend_R","Defend_R"]},{"damage_healed":0.0,"max_hp_gain":0.0,"max_hp_loss":6.0,"gold_gain":0.0,"event_name":"Golden Idol","player_choice":"Lose Max HP","floor":12.0,"gold_loss":0.0,"damage_taken":0.0,"relics_obtained":["Golden Idol"]},{"damage_healed":0.0,"max_hp_gain":0.0,"max_hp_loss":0.0,"gold_gain":0.0,"cards_transformed":["Strike_R"],"event_name":"Transmorgrifier","player_choice":"Transformed","floor":13.0,"gold_loss":0.0,"damage_taken":0.0,"cards_obtained":["Rampage"]},{"damage_healed":0,"gold_gain":0,"player_choice":"Obtained Relic","damage_taken":0,"relics_obtained":["Frozen Egg 2"],"max_hp_gain":0,"max_hp_loss":0,"event_name":"Addict","floor":19,"gold_loss":85},{"damage_healed":0,"gold_gain":0,"player_choice":"Fight","damage_taken":0,"max_hp_gain":0,"max_hp_loss":0,"event_name":"Colosseum","floor":20,"gold_loss":0},{"damage_healed":0,"gold_gain":0,"player_choice":"Fled From Nobs","damage_taken":0,"max_hp_gain":0,"max_hp_loss":0,"event_name":"Colosseum","floor":20,"gold_loss":0}],"is_beta":false,"boss_relics":[{"not_picked":["Empty Cage","Cursed Key"],"picked":"Velvet Choker"}],"items_purged_floors":[],"is_endless":false,"potions_floor_spawned":[2,4,7,18,20],"killed_by":"Book of Stabbing","ascension_level":12}