{"gold_per_floor":[109,409,409,25,25,25,39,75,153,153,172,195,226,6,6,97,97,111,127,153,153,167,167,188,188,188,203,203,222,222,222,222,222],"floor_reached":33,"playtime":1416,"items_purged":[],"score":546,"play_id":"a02e847a-c203-4023-be9f-6c83b47fa933","local_time":"20190503160202","is_ascension_mode":true,"campfire_choices":[{"data":"Bandage Up","floor":6.0,"key":"SMITH"},{"data":"Whirlwind","floor":15.0,"key":"SMITH"},{"data":"Fiend Fire","floor":23.0,"key":"SMITH"},{"data":"Shockwave","floor":25.0,"key":"SMITH"},{"data":"True Grit","floor":28.0,"key":"SMITH"},{"data":"Bludgeon","floor":30.0,"key":"SMITH"},{"data":"Barricade","floor":32.0,"key":"SMITH"}],"neow_cost":"NONE","seed_source_timestamp":0,"circlet_count":0,"master_deck":["AscendersBane","Strike_R","Strike_R","Strike_R","Strike_R","Defend_R","Defend_R","Defend_R","Defend_R","Bash","Shrug It Off","Bandage Up+1","Bludgeon+1","Shockwave+1","Whirlwind+1","Metallicize","True Grit+1","Bandage Up+1","Fiend Fire+1","Shrug It Off","Power Through","Headbutt","Clothesline","Barricade+1"],"special_seed":0,"relics":["Burning Blood","NeowsBlessing","Old Coin","Golden Idol","Tiny Chest","Ancient Tea Set","Sundial","Bag of Preparation","Mummified Hand","Matryoshka","DollysMirror","Runic Dome","Lantern","Juzu Bracelet","Darkstone Periapt"],"potions_floor_usage":[],"damage_taken":[{"damage":0.0,"enemies":"2 Louse","floor":1.0,"turns":1.0},{"damage":0.0,"enemies":"Jaw Worm","floor":7.0,"turns":1.0},{"damage":0.0,"enemies":"3 Sentries","floor":8.0,"turns":2.0},{"damage":0.0,"enemies":"Cultist","floor":11.0,"turns":2.0},{"damage":11.0,"enemies":"3 Louse","floor":12.0,"turns":3.0},{"damage":24.0,"enemies":"Lagavulin","floor":13.0,"turns":6.0},{"damage":55.0,"enemies":"Slime Boss","floor":16.0,"turns":13.0},{"damage":5.0,"enemies":"2 Thieves","floor":18.0,"turns":2.0},{"damage":10.0,"enemies":"3 Byrds","floor":19.0,"turns":3.0},{"damage":33.0,"enemies":"Sentry and Sphere","floor":22.0,"turns":8.0},{"damage":28.0,"enemies":"Snake Plant","floor":24.0,"turns":4.0},{"damage":0.0,"enemies":"3 Cultists","floor":27.0,"turns":1.0},{"damage":14.0,"enemies":"Centurion and Healer","floor":29.0,"turns":5.0},{"damage":90,"enemies":"Automaton","floor":33,"turns":16}],"seed_played":"-8671541715680405625","potions_obtained":[{"floor":7.0,"key":"Fruit Juice"},{"floor":8.0,"key":"Strength Potion"},{"floor":13.0,"key":"SkillPotion"},{"floor":16.0,"key":"LiquidBronze"},{"floor":19.0,"key":"Regen Potion"},{"floor":24.0,"key":"Explosive Potion"}],"is_trial":false,"path_per_floor":["M","?","?","$","T","R","M","E","T","?","M","M","E","$","R","B",null,"M","M","T","?","M","R","M","R","T","M","R","M","R","?","R","B"],"character_chosen":"IRONCLAD","items_purchased":["Tiny Chest","Ancient Tea Set","Bandage Up","DollysMirror"],"campfire_rested":0,"item_purchase_floors":[4,4,4,14],"current_hp_per_floor":[74,56,30,30,30,30,42,59,59,59,71,72,60,60,60,23,66,79,80,80,80,65,65,55,55,55,61,61,65,65,65,65,0],"gold":222,"neow_bonus":"THREE_ENEMY_KILL","is_prod":false,"is_daily":false,"chose_seed":false,"campfire_upgraded":7,"win_rate":0,"timestamp":1556888522,"path_taken":["M","?","?","$","?","R","?","E","T","?","M","M","E","$","R","BOSS","M","M","?","?","M","R","M","R","T","M","R","M","R","?","R","BOSS"],"build_version":"2019-01-23","purchased_purges":0,"victory":false,"max_hp_per_floor":[75,75,75,75,75,75,75,80,80,80,80,80,80,80,80,80,80,80,80,80,80,80,80,80,80,80,80,80,80,80,80,80,80],"card_choices":[{"not_picked":["Sword Boomerang","Havoc"],"picked":"Shrug It Off","floor":1.0},{"not_picked":["Reckless Charge","Cleave"],"picked":"Bludgeon","floor":7.0},{"not_picked":["Brutality","Uppercut"],"picked":"Shockwave","floor":8.0},{"not_picked":["Twin Strike","Thunderclap"],"picked":"Metallicize","floor":11.0},{"not_picked":["Cleave","Infernal Blade"],"picked":"True Grit","floor":12.0},{"not_picked":["Sword Boomerang","Clothesline","Wild Strike"],"picked":"SKIP","floor":13.0},{"not_picked":["Impervious","Berserk"],"picked":"Fiend Fire","floor":16.0},{"not_picked":["Clothesline","Iron Wave","Bloodletting"],"picked":"SKIP","floor":18.0},{"not_picked":["Anger+1","Pommel Strike"],"picked":"Shrug It Off","floor":19.0},{"not_picked":["Havoc","Reckless Charge","Power Through"],"picked":"SKIP","floor":22.0},{"not_picked":["Evolve","Sentinel","Flex+1"],"picked":"SKIP","floor":24.0},{"not_picked":["Whirlwind","Burning Pact","Searing Blow"],"picked":"SKIP","floor":27.0},{"not_picked":["Iron Wave","Whirlwind"],"picked":"Headbutt","floor":29.0}],"player_experience":371800,"relics_obtained":[{"floor":5.0,"key":"Sundial"},{"floor":8.0,"key":"Bag of Preparation"},{"floor":9.0,"key":"Mummified Hand"},{"floor":13.0,"key":"Matryoshka"},{"floor":20.0,"key":"Lantern"},{"floor":26.0,"key":"Juzu Bracelet"},{"floor":26.0,"key":"Darkstone Periapt"}],"event_choices":[{"damage_healed":0.0,"max_hp_gain":0.0,"max_hp_loss":0.0,"gold_gain":0.0,"event_name":"Scrap Ooze","player_choice":"Success","floor":2.0,"gold_loss":0.0,"damage_taken":18.0,"relics_obtained":["Old Coin"]},{"damage_healed":0.0,"max_hp_gain":0.0,"max_hp_loss":0.0,"gold_gain":0.0,"event_name":"Golden Idol","player_choice":"Take Damage","floor":3.0,"gold_loss":0.0,"damage_taken":26.0,"relics_obtained":["Golden Idol"]},{"damage_healed":0.0,"max_hp_gain":0.0,"max_hp_loss":0.0,"gold_gain":0.0,"cards_transformed":["Strike_R"],"event_name":"Transmorgrifier","player_choice":"Transformed","floor":10.0,"gold_loss":0.0,"damage_taken":0.0,"cards_obtained":["Whirlwind"]},{"damage_healed":0.0,"max_hp_gain":0.0,"max_hp_loss":0.0,"gold_gain":0.0,"event_name":"The Library","player_choice":"Read","floor":21.0,"gold_loss":0.0,"damage_taken":0.0,"cards_obtained":["Power Through"]},{"damage_healed":0.0,"max_hp_gain":0.0,"max_hp_loss":0.0,"gold_gain":0.0,"event_name":"Match and Keep!","player_choice":"2 cards matched","floor":31.0,"gold_loss":0.0,"damage_taken":0.0,"cards_obtained":["Clothesline","Barricade"]}],"is_beta":false,"boss_relics":[{"not_picked":["Runic Cube","Black Blood"],"picked":"Runic Dome"}],"items_purged_floors":[],"is_endless":false,"potions_floor_spawned":[7,8,13,16,19,24],"killed_by":"Automaton","ascension_level":19}