{"gold_per_floor":[115,127,139,111,122,122,155,155,208,208,208,208,234,234,234,308,308,328,253,253,270,33,60,60,60,60,60,76,105,30,43,43,43],"floor_reached":33,"playtime":1269,"items_purged":["Decay"],"score":567,"play_id":"d2400ecc-d32e-4dba-845c-d6f98a6654c5","local_time":"20180910130901","is_ascension_mode":true,"campfire_choices":[{"data":"Rage","floor":6.0,"key":"SMITH"},{"data":"Uppercut","floor":8.0,"key":"SMITH"},{"data":"Cleave","floor":11.0,"key":"SMITH"},{"floor":15.0,"key":"REST"},{"data":"Berserk","floor":24,"key":"SMITH"},{"floor":27,"key":"REST"},{"floor":32,"key":"REST"}],"neow_cost":"NONE","seed_source_timestamp":34315084934327,"circlet_count":0,"master_deck":["Defend_R","Defend_R","Defend_R","Defend_R","Bash","AscendersBane","Sword Boomerang","Rage+1","Anger+1","Cleave+1","Uppercut+1","Battle Trance","Berserk+1","Body Slam","Bite","Bite","Bite","Bite","Bite","True Grit","Battle Trance","Inflame","Flame Barrier"],"special_seed":0,"relics":["Burning Blood","Centennial Puzzle","Ornamental Fan","Strawberry","Bronze Scales","Mummified Hand","Lizard Tail","Sling","Bag of Marbles","Self Forming Clay","Red Mask"],"potions_floor_usage":[16,21,29,29],"damage_taken":[{"damage":12.0,"enemies":"Cultist","floor":1.0,"turns":4.0},{"damage":11.0,"enemies":"Jaw Worm","floor":2.0,"turns":4.0},{"damage":4.0,"enemies":"Small Slimes","floor":3.0,"turns":4.0},{"damage":0.0,"enemies":"2 Fungi Beasts","floor":5.0,"turns":3.0},{"damage":35.0,"enemies":"3 Sentries","floor":7.0,"turns":8.0},{"damage":20.0,"enemies":"Gremlin Nob","floor":13.0,"turns":4.0},{"damage":16,"enemies":"Hexaghost","floor":16,"turns":8},{"damage":19,"enemies":"2 Thieves","floor":18,"turns":3},{"damage":1,"enemies":"3 Byrds","floor":21,"turns":2},{"damage":41,"enemies":"Book of Stabbing","floor":23,"turns":4},{"damage":35,"enemies":"Shelled Parasite and Fungi","floor":28,"turns":7},{"damage":26,"enemies":"Masked Bandits","floor":29,"turns":4},{"damage":13,"enemies":"Centurion and Healer","floor":31,"turns":6},{"damage":124,"enemies":"Collector","floor":33,"turns":10}],"seed_played":"1518698933634585420","potions_obtained":[{"floor":1.0,"key":"SpeedPotion"},{"floor":7.0,"key":"SpeedPotion"},{"floor":18,"key":"LiquidBronze"},{"floor":21,"key":"Regen Potion"}],"is_trial":false,"path_per_floor":["M","M","M","$","M","R","E","R","T","?","R","?","E","?","R","B",null,"M","?","?","M","$","E","R","?","T","R","M","?","$","M","R"],"character_chosen":"IRONCLAD","items_purchased":["Anger","Sling"],"campfire_rested":3,"item_purchase_floors":[4,22],"current_hp_per_floor":[62,57,59,59,65,65,36,36,43,43,43,43,29,29,53,43,72,59,59,57,57,57,26,26,26,26,43,26,26,26,35,52,0],"gold":43,"neow_bonus":"RANDOM_COMMON_RELIC","is_prod":false,"is_daily":false,"chose_seed":false,"campfire_upgraded":4,"win_rate":0,"timestamp":1536610141,"path_taken":["M","?","M","$","M","R","E","R","T","?","R","?","E","?","R","BOSS","M","?","?","?","$","E","R","?","T","R","M","?","$","M","R","BOSS"],"build_version":"2018-09-06","purchased_purges":1,"victory":false,"max_hp_per_floor":[75,75,75,75,75,75,75,75,82,82,82,82,82,82,82,82,82,82,82,57,57,57,57,57,57,57,57,57,57,57,57,57,57],"card_choices":[{"not_picked":["Rupture","Bloodletting","Heavy Blade"],"picked":"SKIP","floor":1.0},{"not_picked":["Armaments","Flex"],"picked":"Sword Boomerang","floor":2.0},{"not_picked":["Wild Strike","Warcry"],"picked":"Rage","floor":3.0},{"not_picked":["Thunderclap","Blood for Blood"],"picked":"Cleave","floor":5.0},{"not_picked":["Havoc","Twin Strike"],"picked":"Uppercut","floor":7.0},{"not_picked":["Anger","Bloodletting"],"picked":"Battle Trance","floor":13.0},{"not_picked":["Limit Break","Exhume"],"picked":"Berserk","floor":16},{"not_picked":["Entrench","Seeing Red"],"picked":"Body Slam","floor":18},{"not_picked":["Seeing Red","Warcry"],"picked":"True Grit","floor":21},{"not_picked":["Bloodletting","Reckless Charge","Intimidate"],"picked":"SKIP","floor":23},{"not_picked":["Twin Strike","Perfected Strike"],"picked":"Battle Trance","floor":28},{"not_picked":["Twin Strike","Iron Wave"],"picked":"Inflame","floor":29},{"not_picked":["Dropkick","Wild Strike"],"picked":"Flame Barrier","floor":31}],"player_experience":1096421,"relics_obtained":[{"floor":7.0,"key":"Ornamental Fan"},{"floor":9.0,"key":"Strawberry"},{"floor":10.0,"key":"Bronze Scales"},{"floor":13.0,"key":"Mummified Hand"},{"floor":23,"key":"Bag of Marbles"},{"floor":26,"key":"Self Forming Clay"},{"floor":29,"key":"Red Mask"}],"event_choices":[{"event_name":"Wheel of Change","player_choice":"Relic","floor":10.0,"damage_taken":0.0},{"event_name":"Shining Light","player_choice":"Ignored","floor":12.0,"damage_taken":0.0},{"event_name":"Living Wall","player_choice":"Grow","floor":14.0,"damage_taken":0.0},{"event_name":"Beggar","player_choice":"Gave Gold","floor":19,"damage_taken":0},{"event_name":"Vampires","player_choice":"Became a vampire","floor":20,"damage_taken":0},{"event_name":"Forgotten Altar","player_choice":"Smashed Altar","floor":25,"damage_taken":0},{"event_name":"Masked Bandits","player_choice":"Fought Bandits","floor":29,"damage_taken":0}],"is_beta":false,"boss_relics":[{"not_picked":["Coffee Dripper","Calling Bell"],"picked":"Lizard Tail"}],"items_purged_floors":[30],"is_endless":false,"potions_floor_spawned":[1,7,18,21],"killed_by":"Collector","ascension_level":20}