{"gold_per_floor":[109,109,121,66,77,77,111,111,182,196,227,239,239,255,255,334,334,353,367,282,299,299,299,316,316,387,387],"floor_reached":27,"playtime":1355,"items_purged":[],"score":428,"play_id":"8ecd91c5-d916-4aa2-9df3-bdec0e4fbfd5","local_time":"20180910223044","is_ascension_mode":true,"campfire_choices":[{"data":"Cloak And Dagger","floor":6,"key":"SMITH"},{"floor":8,"key":"REST"},{"floor":13,"key":"REST"},{"data":"Blur","floor":15,"key":"SMITH"},{"floor":23,"key":"REST"},{"data":"After Image","floor":25,"key":"SMITH"}],"neow_cost":"NONE","seed_source_timestamp":67954490487151,"circlet_count":0,"master_deck":["Defend_G","Defend_G","Defend_G","Defend_G","Defend_G+1","Strike_G","Strike_G","Strike_G","Strike_G","Survivor","Neutralize+1","AscendersBane","Wraith Form v2","Cloak And Dagger+1","Flying Knee","Slice","Deadly Poison","Terror","Cloak And Dagger","Unload","Blur+1","After Image+1","Backflip","Dash+1","Leg Sweep","Blur"],"relics":["Ring of the Snake","Pen Nib","Bottled Flame","The Courier","Sozu","Omamori","Darkstone Periapt"],"potions_floor_usage":[7,16,27],"damage_taken":[{"damage":1,"enemies":"Jaw Worm","floor":1,"turns":6},{"damage":0,"enemies":"2 Louse","floor":3,"turns":4},{"damage":0,"enemies":"Cultist","floor":5,"turns":3},{"damage":28,"enemies":"3 Sentries","floor":7,"turns":11},{"damage":6,"enemies":"Red Slaver","floor":10,"turns":4},{"damage":14,"enemies":"Lagavulin","floor":11,"turns":6},{"damage":0,"enemies":"3 Louse","floor":12,"turns":3},{"damage":3,"enemies":"Looter","floor":14,"turns":2},{"damage":18,"enemies":"The Guardian","floor":16,"turns":13},{"damage":15,"enemies":"Chosen","floor":18,"turns":7},{"damage":7,"enemies":"Spheric Guardian","floor":19,"turns":8},{"damage":10,"enemies":"3 Cultists","floor":21,"turns":8},{"damage":8,"enemies":"Centurion and Healer","floor":24,"turns":8},{"damage":46,"enemies":"Gremlin Leader","floor":27,"turns":11}],"seed_played":"-5185220945514539730","potions_obtained":[{"floor":3,"key":"Fire Potion"},{"floor":5,"key":"Ancient Potion"},{"floor":12,"key":"Regen Potion"},{"floor":16,"key":"LiquidBronze"}],"is_trial":false,"path_per_floor":["M","?","M","$","M","R","E","R","T","M","E","M","R","M","R","B",null,"M","M","?","M","?","R","M","R","T"],"character_chosen":"THE_SILENT","items_purchased":["Slice"],"campfire_rested":3,"item_purchase_floors":[4],"current_hp_per_floor":[58,38,38,38,38,38,10,29,29,23,9,9,28,25,25,22,55,40,33,33,23,23,42,34,34,34,0],"gold":387,"neow_bonus":"ONE_RANDOM_RARE_CARD","is_prod":false,"is_daily":false,"chose_seed":false,"campfire_upgraded":3,"win_rate":0,"timestamp":1536643844,"path_taken":["M","?","M","$","M","R","E","R","T","?","E","M","R","M","R","BOSS","M","M","?","M","?","R","?","R","T","E"],"build_version":"2018-09-06","purchased_purges":0,"victory":false,"max_hp_per_floor":[66,66,66,66,66,66,66,66,66,66,66,66,66,66,66,66,66,66,66,66,66,66,66,66,66,66,66],"card_choices":[{"not_picked":["Prepared","Acrobatics"],"picked":"Cloak And Dagger","floor":1},{"not_picked":["Outmaneuver","Well Laid Plans"],"picked":"Flying Knee","floor":3},{"not_picked":["Eviscerate","Bane"],"picked":"Deadly Poison","floor":5},{"not_picked":["Deadly Poison","Quick Slash"],"picked":"Terror","floor":7},{"not_picked":["Setup","Dagger Throw"],"picked":"Cloak And Dagger","floor":10},{"not_picked":["Acrobatics","Blade Dance","Unload"],"picked":"SKIP","floor":11},{"not_picked":["Acrobatics","Blade Dance"],"picked":"Unload","floor":11},{"not_picked":["Terror","Quick Slash","Bane"],"picked":"SKIP","floor":12},{"not_picked":["Sucker Punch","Choke"],"picked":"Blur","floor":14},{"not_picked":["Glass Knife","Envenom"],"picked":"After Image","floor":16},{"not_picked":["Outmaneuver","Dagger Throw+1"],"picked":"Backflip","floor":18},{"not_picked":["Quick Slash","Backstab"],"picked":"Dash+1","floor":19},{"not_picked":["Calculated Gamble+1","Concentrate"],"picked":"Leg Sweep","floor":21},{"not_picked":["Acrobatics","Blade Dance"],"picked":"Blur","floor":24}],"player_experience":1099799,"relics_obtained":[{"floor":7,"key":"Pen Nib"},{"floor":9,"key":"Bottled Flame"},{"floor":11,"key":"The Courier"},{"floor":26,"key":"Darkstone Periapt"}],"event_choices":[{"event_name":"Shining Light","player_choice":"Entered Light","floor":2,"damage_taken":0},{"event_name":"Addict","player_choice":"Obtained Relic","floor":20,"damage_taken":0},{"event_name":"Purifier","player_choice":"One Purge","floor":22,"damage_taken":0}],"is_beta":false,"boss_relics":[{"not_picked":["Calling Bell","Ring of the Serpent"],"picked":"Sozu"}],"items_purged_floors":[],"is_endless":false,"potions_floor_spawned":[3,5,12,16,19],"killed_by":"Gremlin Leader","ascension_level":18}