{"gold_per_floor":[110,120,120,120,46,71,71,98,98,109,128,157,169,184,184,256,256,270,126,146,160,172,198,198,214,214,231,6,23,23,52,52,130,130,149,149,162,178,178,205,205,221,221,221,255,255,274,294,294,294],"floor_reached":51,"playtime":2793,"items_purged":["Decay"],"score":1340,"play_id":"6d3fc440-a108-4afc-aed0-2c709123ca98","local_time":"20180825102358","daily_mods":["Draft"],"is_ascension_mode":true,"campfire_choices":[{"data":"Armaments","floor":7.0,"key":"SMITH"},{"data":"Flex","floor":15.0,"key":"SMITH"},{"data":"Metallicize","floor":24.0,"key":"SMITH"},{"data":"Rampage","floor":32.0,"key":"SMITH"},{"floor":41,"key":"REST"},{"floor":44,"key":"REST"},{"data":"Limit Break","floor":46,"key":"SMITH"},{"data":"Disarm","floor":49,"key":"SMITH"}],"neow_cost":"","seed_source_timestamp":0,"circlet_count":0,"master_deck":["AscendersBane","Sword Boomerang","Battle Trance","Shockwave","Iron Wave","True Grit","Headbutt","Cleave","Metallicize+1","Clothesline","Iron Wave","Cleave","Flex+1","Rampage+1","Disarm+1","Armaments+1","Anger","Impervious","Shrug It Off","Limit Break+1","Reaper","Flex+1","Feed","Flame Barrier","Pummel+1","Battle Trance","Parasite"],"special_seed":0,"relics":["Burning Blood","FaceOfCleric","Pear","Bronze Scales","Dream Catcher","Gremlin Horn","Cursed Key","Anchor","Bottled Tornado","Letter Opener","Calipers","Orrery","Oddly Smooth Stone","Self Forming Clay","Kunai"],"potions_floor_usage":[40,50],"damage_taken":[{"damage":2.0,"enemies":"Jaw Worm","floor":1.0,"turns":3.0},{"damage":0.0,"enemies":"Cultist","floor":2.0,"turns":4.0},{"damage":8.0,"enemies":"3 Sentries","floor":6.0,"turns":3.0},{"damage":11.0,"enemies":"Gremlin Nob","floor":8.0,"turns":5.0},{"damage":1.0,"enemies":"2 Louse","floor":10.0,"turns":2.0},{"damage":18.0,"enemies":"Large Slime","floor":11.0,"turns":5.0},{"damage":11.0,"enemies":"3 Sentries","floor":12.0,"turns":4.0},{"damage":3.0,"enemies":"Exordium Wildlife","floor":13.0,"turns":3.0},{"damage":5.0,"enemies":"Looter","floor":14.0,"turns":2.0},{"damage":8.0,"enemies":"Hexaghost","floor":16.0,"turns":8.0},{"damage":5.0,"enemies":"Shell Parasite","floor":18.0,"turns":4.0},{"damage":0.0,"enemies":"Chosen","floor":20.0,"turns":3.0},{"damage":3.0,"enemies":"Centurion and Healer","floor":21.0,"turns":5.0},{"damage":14.0,"enemies":"Sentry and Sphere","floor":22.0,"turns":5.0},{"damage":6.0,"enemies":"Book of Stabbing","floor":23.0,"turns":5.0},{"damage":2.0,"enemies":"Snake Plant","floor":25.0,"turns":4.0},{"damage":2.0,"enemies":"Snecko","floor":27.0,"turns":6.0},{"damage":0.0,"enemies":"Centurion and Healer","floor":29.0,"turns":6.0},{"damage":11.0,"enemies":"Slavers","floor":31.0,"turns":3.0},{"damage":45.0,"enemies":"Collector","floor":33.0,"turns":8.0},{"damage":6,"enemies":"3 Darklings","floor":35,"turns":5},{"damage":0,"enemies":"Orb Walker","floor":37,"turns":3},{"damage":6,"enemies":"Sphere and 2 Shapes","floor":38,"turns":2},{"damage":80,"enemies":"Giant Head","floor":40,"turns":11},{"damage":27,"enemies":"Transient","floor":42,"turns":5},{"damage":29,"enemies":"2 Orb Walkers","floor":45,"turns":4},{"damage":14,"enemies":"Flame Bruiser 2 Orb","floor":47,"turns":5},{"damage":3,"enemies":"4 Shapes","floor":48,"turns":5},{"damage":57,"enemies":"Time Eater","floor":50,"turns":17}],"seed_played":"8387739184988596876","potions_obtained":[{"floor":2.0,"key":"SkillPotion"},{"floor":10.0,"key":"EssenceOfSteel"},{"floor":14.0,"key":"Dexterity Potion"},{"floor":33.0,"key":"SkillPotion"},{"floor":48,"key":"Explosive Potion"}],"is_trial":true,"path_per_floor":["M","M","?","$","$","E","R","E","T","M","M","E","M","M","R","B",null,"M","$","M","M","M","E","R","M","T","M","$","M","$","E","R","B",null,"M","$","M","M","?","E","R","M","T","R","E","R","M","M","R","B"],"character_chosen":"IRONCLAD","items_purchased":["Anger","Block Potion","Anchor","Limit Break"],"campfire_rested":2,"item_purchase_floors":[5,5,19,28],"current_hp_per_floor":[72,75,75,75,75,84,84,80,80,86,75,71,75,77,77,76,89,91,91,95,96,89,90,90,95,95,100,100,101,101,97,97,59,92,104,104,105,106,106,33,65,45,45,77,79,79,96,109,109,60],"gold":294,"neow_bonus":"","is_prod":false,"is_daily":false,"chose_seed":false,"campfire_upgraded":6,"win_rate":0,"timestamp":1535217838,"path_taken":["M","M","?","?","$","E","R","E","T","M","M","E","?","M","R","BOSS","M","$","M","M","M","E","R","M","T","M","$","M","?","E","R","BOSS","M","$","?","?","?","E","R","M","T","R","E","R","?","M","R","BOSS"],"build_version":"2018-08-23v2","purchased_purges":1,"victory":true,"max_hp_per_floor":[75,75,75,75,75,86,86,87,87,88,89,90,91,92,92,93,93,94,94,95,96,97,98,98,99,99,100,100,101,101,102,102,103,103,104,104,105,106,106,107,107,108,108,108,109,109,110,114,114,115],"card_choices":[{"not_picked":["Hemokinesis","Second Wind"],"picked":"Sword Boomerang","floor":0.0},{"not_picked":["Havoc","Heavy Blade"],"picked":"Battle Trance","floor":0.0},{"not_picked":["Warcry","Shrug It Off"],"picked":"Shockwave","floor":0.0},{"not_picked":["True Grit","Flex"],"picked":"Iron Wave","floor":0.0},{"not_picked":["Body Slam","Corruption"],"picked":"True Grit","floor":0.0},{"not_picked":["Searing Blow","Cleave"],"picked":"Headbutt","floor":0.0},{"not_picked":["Iron Wave","Infernal Blade"],"picked":"Cleave","floor":0.0},{"not_picked":["Flex","Perfected Strike"],"picked":"Metallicize","floor":0.0},{"not_picked":["Sword Boomerang","Intimidate"],"picked":"Clothesline","floor":0.0},{"not_picked":["Clash","Burning Pact"],"picked":"Pommel Strike","floor":0.0},{"not_picked":["Bloodletting","Hemokinesis"],"picked":"Iron Wave","floor":0.0},{"not_picked":["Evolve","Iron Wave"],"picked":"Cleave","floor":0.0},{"not_picked":["Sword Boomerang","Power Through"],"picked":"Flex","floor":0.0},{"not_picked":["Shockwave","Warcry"],"picked":"Rampage","floor":0.0},{"not_picked":["Pommel Strike","Combust"],"picked":"Disarm","floor":0.0},{"not_picked":["Intimidate","Shrug It Off"],"picked":"Armaments","floor":1.0},{"not_picked":["Perfected Strike","Heavy Blade","Searing Blow"],"picked":"SKIP","floor":2.0},{"not_picked":["Armaments","Sword Boomerang","Flex"],"picked":"SKIP","floor":6.0},{"not_picked":["Battle Trance","Heavy Blade","Anger"],"picked":"SKIP","floor":8.0},{"not_picked":["Cleave","Iron Wave","Shockwave"],"picked":"SKIP","floor":10.0},{"not_picked":["Body Slam","Clothesline","Flex"],"picked":"SKIP","floor":11.0},{"not_picked":["Sever Soul","Wild Strike","Sentinel"],"picked":"SKIP","floor":12.0},{"not_picked":["Fiend Fire","Uppercut","Feel No Pain"],"picked":"SKIP","floor":13.0},{"not_picked":["Thunderclap","Sword Boomerang","Corruption"],"picked":"SKIP","floor":14.0},{"not_picked":["Thunderclap","Sword Boomerang","Corruption"],"picked":"SKIP","floor":14.0},{"not_picked":["Juggernaut","Exhume"],"picked":"Impervious","floor":16.0},{"not_picked":["Clothesline","Headbutt","Warcry"],"picked":"SKIP","floor":18.0},{"not_picked":["Flex","Wild Strike","Heavy Blade"],"picked":"SKIP","floor":20.0},{"not_picked":["Burning Pact","Heavy Blade","Sword Boomerang"],"picked":"SKIP","floor":21.0},{"not_picked":["Exhume","Dropkick","Warcry"],"picked":"SKIP","floor":22.0},{"not_picked":["Uppercut","Anger","Armaments"],"picked":"SKIP","floor":23.0},{"not_picked":["Warcry","Iron Wave"],"picked":"Shrug It Off","floor":25.0},{"not_picked":["Wild Strike","Clash","Rupture"],"picked":"SKIP","floor":27.0},{"not_picked":["Clash","Havoc","Body Slam"],"picked":"SKIP","floor":29.0},{"not_picked":["Combust","Rupture","Pummel"],"picked":"SKIP","floor":31.0},{"not_picked":["Juggernaut","Feed"],"picked":"Reaper","floor":33.0},{"not_picked":["Anger+1","Rampage"],"picked":"Flex+1","floor":34},{"not_picked":["Thunderclap","Flex"],"picked":"Feed","floor":34},{"not_picked":["Flex","Dropkick"],"picked":"Flame Barrier","floor":35},{"not_picked":["Burning Pact+1","Thunderclap+1"],"picked":"Pummel+1","floor":37},{"not_picked":["Searing Blow","Dual Wield+1","Burning Pact"],"picked":"SKIP","floor":38},{"not_picked":["Juggernaut","Reaper"],"picked":"Battle Trance","floor":40},{"not_picked":["Armaments","Flex","Iron Wave"],"picked":"SKIP","floor":42},{"not_picked":["Clothesline","Whirlwind","Reaper"],"picked":"SKIP","floor":45},{"not_picked":["Havoc","Second Wind","Thunderclap"],"picked":"SKIP","floor":47},{"not_picked":["Heavy Blade","Body Slam","Iron Wave"],"picked":"SKIP","floor":48}],"player_experience":1039481,"relics_obtained":[{"floor":6.0,"key":"Pear"},{"floor":8.0,"key":"Bronze Scales"},{"floor":9.0,"key":"Dream Catcher"},{"floor":12.0,"key":"Gremlin Horn"},{"floor":23.0,"key":"Bottled Tornado"},{"floor":26.0,"key":"Letter Opener"},{"floor":31.0,"key":"Calipers"},{"floor":40,"key":"Oddly Smooth Stone"},{"floor":43,"key":"Self Forming Clay"},{"floor":45,"key":"Kunai"}],"event_choices":[{"event_name":"FaceTrader","player_choice":"Trade","floor":3.0,"damage_taken":0.0},{"event_name":"Falling","player_choice":"Removed Attack","floor":39,"damage_taken":0}],"is_beta":false,"boss_relics":[{"not_picked":["Ectoplasm","Eternal Feather"],"picked":"Cursed Key"},{"not_picked":["Fusion Hammer","Lizard Tail"],"picked":"Orrery"}],"items_purged_floors":[28],"is_endless":false,"potions_floor_spawned":[2,10,13,14,20,23,29,33,38,48],"ascension_level":15}