{"gold_per_floor":[114,114,114,114,134,134,157,176,202,202,202,223,223,112,112,241,241,256,276,73,73],"floor_reached":21,"playtime":861,"items_purged":["Regret"],"score":228,"play_id":"5bb4587e-6b02-4d1f-9cef-bff056ed4b72","local_time":"20180910215411","is_ascension_mode":true,"campfire_choices":[{"data":"Zap","floor":6,"key":"SMITH"},{"data":"Heatsinks","floor":10,"key":"SMITH"},{"floor":13,"key":"REST"},{"data":"Turbo","floor":15,"key":"SMITH"}],"neow_cost":"NONE","seed_source_timestamp":64200347116163,"circlet_count":0,"master_deck":["Strike_B","Strike_B","Strike_B","Strike_B+1","Defend_B","Defend_B","Defend_B","Defend_B","Zap+1","Dualcast+1","Chill","Chill","Turbo+1","Heatsinks+1","Heatsinks","Tempest","Self Repair","Thunder Strike","Coolheaded","Ball Lightning"],"relics":["Cracked Core","Centennial Puzzle","Golden Idol","Happy Flower","Busted Crown","Runic Capacitor"],"potions_floor_usage":[5,16,16,16,19],"damage_taken":[{"damage":0,"enemies":"2 Louse","floor":1,"turns":3},{"damage":9,"enemies":"Jaw Worm","floor":5,"turns":3},{"damage":1,"enemies":"Cultist","floor":7,"turns":3},{"damage":5,"enemies":"Looter","floor":8,"turns":3},{"damage":11,"enemies":"Blue Slaver","floor":12,"turns":4},{"damage":23,"enemies":"Slime Boss","floor":16,"turns":17},{"damage":26,"enemies":"Shell Parasite","floor":18,"turns":8},{"damage":30,"enemies":"2 Thieves","floor":19,"turns":4},{"damage":30,"enemies":"Masked Bandits","floor":21,"turns":3}],"seed_played":"1905680803648603263","potions_obtained":[{"floor":4,"key":"EssenceOfSteel"},{"floor":4,"key":"Dexterity Potion"},{"floor":4,"key":"Regen Potion"},{"floor":5,"key":"Block Potion"},{"floor":18,"key":"Energy Potion"}],"is_trial":false,"path_per_floor":["M","?","?","?","M","R","M","M","T","R","?","M","R","$","R","B",null,"M","M","$"],"character_chosen":"DEFECT","items_purchased":["Self Repair","Runic Capacitor"],"campfire_rested":1,"item_purchase_floors":[14,20],"current_hp_per_floor":[68,68,50,50,50,50,49,44,44,44,29,18,40,40,40,24,62,43,20,20,0],"gold":73,"neow_bonus":"THREE_CARDS","is_prod":false,"is_daily":false,"chose_seed":false,"campfire_upgraded":3,"win_rate":0,"timestamp":1536609251,"path_taken":["M","?","?","?","M","R","?","?","T","R","?","M","R","$","R","BOSS","M","M","$","?"],"build_version":"2018-09-06","purchased_purges":1,"victory":false,"max_hp_per_floor":[75,75,75,75,75,75,75,75,75,75,75,75,75,75,75,75,75,75,75,75,75],"card_choices":[{"not_picked":["Fusion","Streamline"],"picked":"Chill","floor":0},{"not_picked":["Stack","Steam"],"picked":"Chill","floor":1},{"not_picked":["Streamline","Heatsinks"],"picked":"Turbo","floor":5},{"not_picked":["Darkness","Rip and Tear"],"picked":"Heatsinks","floor":7},{"not_picked":["Lockon","Cold Snap"],"picked":"Heatsinks","floor":8},{"not_picked":["Leap","Aggregate"],"picked":"Tempest","floor":12},{"not_picked":["All For One","Fission"],"picked":"Thunder Strike","floor":16},{"not_picked":[],"picked":"Coolheaded","floor":18},{"not_picked":[],"picked":"Ball Lightning","floor":19}],"player_experience":261887,"relics_obtained":[{"floor":9,"key":"Happy Flower"}],"event_choices":[{"event_name":"Big Fish","player_choice":"Box","floor":2,"damage_taken":0},{"event_name":"Golden Idol","player_choice":"Take Damage","floor":3,"damage_taken":0},{"event_name":"The Lab","player_choice":"Got Potions","floor":4,"damage_taken":0},{"event_name":"Shining Light","player_choice":"Entered Light","floor":11,"damage_taken":0},{"event_name":"Masked Bandits","player_choice":"Fought Bandits","floor":21,"damage_taken":0}],"is_beta":false,"boss_relics":[{"not_picked":["Astrolabe","Sozu"],"picked":"Busted Crown"}],"items_purged_floors":[14],"is_endless":false,"potions_floor_spawned":[5,7,18],"killed_by":"Masked Bandits","ascension_level":7}