{"gold_per_floor":[115,115,126,139,64,64,64,99,99,119,119,139,139,153,153,258,258,271,186,186,197,97,97,108,108,134,134],"floor_reached":27,"playtime":1548,"items_purged":["Blizzard","Reboot"],"score":291,"play_id":"2e6fe80d-fbe8-4fca-ba66-c829b6b5f7f1","local_time":"20190505170334","is_ascension_mode":true,"campfire_choices":[{"floor":6.0,"key":"REST"},{"floor":11.0,"key":"REST"},{"floor":15.0,"key":"REST"},{"floor":23,"key":"REST"}],"neow_cost":"NONE","seed_source_timestamp":20519373120290,"circlet_count":0,"master_deck":["Zap","Dualcast","Loop","Chaos","Thunder Strike","Rainbow+1","Reprogram","Coolheaded","Barrage","Genetic Algorithm","Rainbow"],"special_seed":0,"relics":["Pandora\u0027s Box","Mango","Peace Pipe","Pen Nib","White Beast Statue","Bronze Scales","FaceOfCleric","Vajra"],"potions_floor_usage":[16,24],"damage_taken":[{"damage":12.0,"enemies":"Small Slimes","floor":1.0,"turns":4.0},{"damage":5.0,"enemies":"Jaw Worm","floor":3.0,"turns":3.0},{"damage":0.0,"enemies":"Cultist","floor":4.0,"turns":3.0},{"damage":20.0,"enemies":"Gremlin Nob","floor":8.0,"turns":4.0},{"damage":13.0,"enemies":"2 Fungi Beasts","floor":10.0,"turns":3.0},{"damage":31.0,"enemies":"Large Slime","floor":12.0,"turns":6.0},{"damage":11.0,"enemies":"Red Slaver","floor":14.0,"turns":3.0},{"damage":45,"enemies":"Hexaghost","floor":16,"turns":8},{"damage":31,"enemies":"3 Byrds","floor":18,"turns":5},{"damage":10,"enemies":"Chosen","floor":21,"turns":4},{"damage":24,"enemies":"Snake Plant","floor":24,"turns":4},{"damage":48,"enemies":"3 Cultists","floor":27,"turns":4}],"seed_played":"4375162346561853924","potions_obtained":[{"floor":1.0,"key":"Strength Potion"},{"floor":14.0,"key":"PowerPotion"},{"floor":16,"key":"GamblersBrew"},{"floor":18,"key":"Poison Potion"},{"floor":21,"key":"GamblersBrew"},{"floor":24,"key":"Energy Potion"}],"is_trial":false,"path_per_floor":["M","?","M","M","$","R","$","E","T","M","R","M","?","M","R","B",null,"M","?","?","M","$","R","M","$","T","M"],"character_chosen":"DEFECT","items_purchased":[],"campfire_rested":4,"item_purchase_floors":[],"current_hp_per_floor":[63,63,58,58,58,75,75,69,69,56,82,51,51,40,66,21,72,41,41,41,32,32,59,36,36,36,0],"gold":134,"neow_bonus":"BOSS_RELIC","is_prod":false,"is_daily":false,"chose_seed":false,"campfire_upgraded":0,"win_rate":0,"timestamp":1557072214,"path_taken":["M","?","M","M","?","R","$","E","T","M","R","M","?","?","R","BOSS","M","?","?","?","$","R","M","?","T","M"],"build_version":"2019-01-23","purchased_purges":2,"victory":false,"max_hp_per_floor":[75,75,75,75,75,75,75,89,89,89,89,89,89,89,89,89,89,89,89,89,90,90,90,91,91,91,91],"card_choices":[{"not_picked":["Steam Power","Go for the Eyes"],"picked":"Barrage","floor":1.0},{"not_picked":["Recycle","Coolheaded","Double Energy"],"picked":"SKIP","floor":3.0},{"not_picked":["Streamline","Coolheaded","Rebound"],"picked":"SKIP","floor":4.0},{"not_picked":["Blizzard","All For One","Turbo"],"picked":"SKIP","floor":8.0},{"not_picked":["Sunder","Streamline"],"picked":"Genetic Algorithm","floor":10.0},{"not_picked":["Doom and Gloom","Recycle","Stack"],"picked":"SKIP","floor":12.0},{"not_picked":["Sweeping Beam","Go for the Eyes","Chill"],"picked":"SKIP","floor":14.0},{"not_picked":["Biased Cognition","Amplify"],"picked":"Rainbow","floor":16},{"not_picked":["Rebound","Barrage+1","Glacier"],"picked":"SKIP","floor":18},{"not_picked":["Glacier+1","Tempest+1","Steam"],"picked":"SKIP","floor":21},{"not_picked":["BootSequence","Gash","Sweeping Beam+1"],"picked":"SKIP","floor":24}],"player_experience":747684,"relics_obtained":[{"floor":8.0,"key":"Mango"},{"floor":9.0,"key":"Peace Pipe"},{"floor":26,"key":"Vajra"}],"event_choices":[{"damage_healed":0.0,"max_hp_gain":0.0,"max_hp_loss":0.0,"gold_gain":0.0,"event_name":"Living Wall","player_choice":"Grow","floor":2.0,"gold_loss":0.0,"damage_taken":0.0,"cards_upgraded":["Rainbow"]},{"damage_healed":0.0,"max_hp_gain":0.0,"max_hp_loss":0.0,"gold_gain":0.0,"event_name":"WeMeetAgain","player_choice":"Gave Potion","floor":13.0,"gold_loss":0.0,"damage_taken":0.0,"relics_obtained":["Pen Nib"]},{"damage_healed":0,"gold_gain":0,"player_choice":"Obtained Relic","damage_taken":0,"relics_obtained":["Bronze Scales"],"max_hp_gain":0,"max_hp_loss":0,"event_name":"Addict","floor":19,"gold_loss":85},{"damage_healed":0,"gold_gain":0,"player_choice":"Trade","damage_taken":0,"relics_obtained":["FaceOfCleric"],"max_hp_gain":0,"max_hp_loss":0,"event_name":"FaceTrader","floor":20,"gold_loss":0}],"is_beta":false,"boss_relics":[{"not_picked":["Black Star","Runic Dome"],"picked":"White Beast Statue"}],"items_purged_floors":[5,22],"is_endless":false,"potions_floor_spawned":[1,14,16,18,21,24],"killed_by":"3 Cultists","ascension_level":5}