{"gold_per_floor":[118,118,118,193,21,21,54,54,132,132,147,164,178,207,207,207],"floor_reached":16,"playtime":824,"items_purged":["Strike_R"],"score":216,"play_id":"8f5856f6-9e3e-4a59-be6f-e8d96d6698d1","local_time":"20190306140015","is_ascension_mode":true,"campfire_choices":[{"data":"Uppercut","floor":6,"key":"SMITH"},{"floor":8,"key":"REST"},{"data":"Feel No Pain","floor":10,"key":"SMITH"},{"data":"Armaments","floor":15,"key":"SMITH"}],"neow_cost":"NONE","seed_source_timestamp":3213716501718200,"circlet_count":0,"master_deck":["AscendersBane","Strike_R+1","Strike_R","Strike_R+1","Strike_R","Defend_R","Defend_R","Defend_R","Defend_R","Bash+1","Shrug It Off","Uppercut+1","Twin Strike","Feel No Pain+1","Thunderclap","Reaper","Armaments+1","Corruption"],"relics":["Burning Blood","Dream Catcher","StoneCalendar"],"potions_floor_usage":[16],"damage_taken":[{"damage":7,"enemies":"Jaw Worm","floor":1,"turns":5},{"damage":25,"enemies":"Lagavulin","floor":7,"turns":6},{"damage":4,"enemies":"Small Slimes","floor":11,"turns":3},{"damage":3,"enemies":"2 Louse","floor":12,"turns":3},{"damage":9,"enemies":"Blue Slaver","floor":13,"turns":4},{"damage":20,"enemies":"3 Sentries","floor":14,"turns":14},{"damage":45,"enemies":"Hexaghost","floor":16,"turns":9}],"seed_played":"-6180136546393137395","potions_obtained":[{"floor":7,"key":"PowerPotion"},{"floor":12,"key":"FearPotion"}],"is_trial":false,"path_per_floor":["M","?","?","?","$","R","E","R","T","R","M","M","M","E","R","B"],"character_chosen":"IRONCLAD","items_purchased":["Uppercut","Twin Strike"],"campfire_rested":1,"item_purchase_floors":[5,5],"current_hp_per_floor":[74,49,49,38,38,38,19,43,43,43,45,48,45,43,43,0],"gold":207,"neow_bonus":"TEN_PERCENT_HP_BONUS","is_prod":false,"is_daily":false,"chose_seed":false,"campfire_upgraded":3,"win_rate":0,"timestamp":1551880815,"path_taken":["M","?","?","?","?","R","E","R","T","R","M","M","M","E","R","BOSS"],"build_version":"2019-01-23","purchased_purges":1,"victory":false,"max_hp_per_floor":[82,82,82,82,82,82,82,82,82,82,82,82,82,82,82,82],"card_choices":[{"not_picked":["Warcry","Clothesline"],"picked":"Shrug It Off","floor":1},{"not_picked":["Perfected Strike","Flex","Blood for Blood"],"picked":"SKIP","floor":7},{"not_picked":["Carnage","Sword Boomerang"],"picked":"Feel No Pain","floor":8},{"not_picked":["Havoc","Flex"],"picked":"Thunderclap","floor":11},{"not_picked":["True Grit","Bloodletting"],"picked":"Reaper","floor":12},{"not_picked":["Hemokinesis","Searing Blow"],"picked":"Armaments","floor":13},{"not_picked":["Heavy Blade","Pommel Strike"],"picked":"Corruption","floor":14}],"player_experience":2240519,"relics_obtained":[{"floor":7,"key":"Dream Catcher"},{"floor":14,"key":"StoneCalendar"}],"event_choices":[{"damage_healed":0,"gold_gain":0,"player_choice":"Entered Light","damage_taken":25,"max_hp_gain":0,"max_hp_loss":0,"event_name":"Shining Light","floor":2,"gold_loss":0,"cards_upgraded":["Strike_R","Strike_R"]},{"damage_healed":0,"gold_gain":0,"player_choice":"Grow","damage_taken":0,"max_hp_gain":0,"max_hp_loss":0,"event_name":"Living Wall","floor":3,"gold_loss":0,"cards_upgraded":["Bash"]},{"damage_healed":0,"gold_gain":75,"player_choice":"Gather Gold","damage_taken":11,"max_hp_gain":0,"max_hp_loss":0,"event_name":"World of Goop","floor":4,"gold_loss":0}],"is_beta":false,"boss_relics":[],"items_purged_floors":[5],"is_endless":false,"potions_floor_spawned":[7,12],"killed_by":"Hexaghost","ascension_level":20}