{"gold_per_floor":[110,120,132,147,117,117,129,139,139,139],"floor_reached":10,"playtime":569,"items_purged":[],"score":109,"play_id":"874c2680-46ca-4d6e-9522-2f2c8a20e888","local_time":"20181213142207","is_ascension_mode":true,"campfire_choices":[{"data":"Neutralize","floor":6,"key":"SMITH"}],"neow_cost":"NONE","seed_source_timestamp":38805752407770,"circlet_count":0,"master_deck":["AscendersBane","Defend_G","Defend_G","Defend_G","Defend_G","Defend_G","Strike_G","Strike_G","Strike_G","Strike_G","Strike_G","Survivor","Neutralize+1","Catalyst","Dash","Calculated Gamble","Deflect","Dagger Spray"],"relics":["Ring of the Snake","Bottled Flame"],"potions_floor_usage":[3,10,10],"damage_taken":[{"damage":0,"enemies":"2 Louse","floor":1,"turns":2},{"damage":4,"enemies":"Small Slimes","floor":2,"turns":4},{"damage":3,"enemies":"Cultist","floor":3,"turns":5},{"damage":0,"enemies":"3 Louse","floor":4,"turns":7},{"damage":2,"enemies":"Looter","floor":5,"turns":4},{"damage":0,"enemies":"Blue Slaver","floor":7,"turns":4},{"damage":11,"enemies":"Large Slime","floor":8,"turns":11},{"damage":59,"enemies":"Lagavulin","floor":10,"turns":13}],"seed_played":"1103955588937095023","potions_obtained":[{"floor":1,"key":"Fruit Juice"},{"floor":4,"key":"LiquidBronze"},{"floor":7,"key":"EssenceOfSteel"}],"is_trial":false,"path_per_floor":["M","M","M","M","M","R","M","M","T","E"],"character_chosen":"THE_SILENT","items_purchased":[],"campfire_rested":0,"item_purchase_floors":[],"current_hp_per_floor":[59,55,57,57,55,55,55,44,44,0],"gold":139,"neow_bonus":"THREE_CARDS","is_prod":false,"is_daily":false,"chose_seed":false,"campfire_upgraded":1,"win_rate":0,"timestamp":1544739727,"path_taken":["M","M","M","M","M","R","M","M","T","E"],"build_version":"2018-12-06","purchased_purges":0,"victory":false,"max_hp_per_floor":[66,66,71,71,71,71,71,71,71,71],"card_choices":[{"not_picked":["Acrobatics","Blade Dance"],"picked":"Catalyst","floor":0},{"not_picked":["Bane","Deadly Poison"],"picked":"Dash","floor":1},{"not_picked":["Acrobatics","Distraction"],"picked":"Calculated Gamble","floor":2},{"not_picked":["Underhanded Strike","Slice","Bane"],"picked":"SKIP","floor":3},{"not_picked":["Blade Dance","Heel Hook","PiercingWail"],"picked":"SKIP","floor":4},{"not_picked":["PiercingWail","Slice"],"picked":"Deflect","floor":5},{"not_picked":["Endless Agony","Eviscerate","Slice"],"picked":"SKIP","floor":7},{"not_picked":["Backflip","Acrobatics"],"picked":"Dagger Spray","floor":8}],"player_experience":1790871,"relics_obtained":[{"floor":9,"key":"Bottled Flame"}],"event_choices":[],"is_beta":false,"boss_relics":[],"items_purged_floors":[],"is_endless":false,"potions_floor_spawned":[1,4,7],"killed_by":"Lagavulin","ascension_level":15}