{"gold_per_floor":[109,120,120,120,134,134,84,94,94,124,124,149,149,159,159,230,230,247,247,260,35,85,85,100,126,126,160,43,43,78,78,78,157,157,172,182,197,197,214,247,247,275,322,322,322,348,348,47,47,47],"floor_reached":51,"playtime":8111,"items_purged":["Dodge and Roll","Cloak And Dagger"],"score":1598,"play_id":"059ab6d1-0e1d-469d-b6bf-e708dde24a18","local_time":"20180720171720","daily_mods":["Draft"],"is_ascension_mode":true,"campfire_choices":[{"data":"Cloak And Dagger","floor":6.0,"key":"SMITH"},{"data":"Cloak And Dagger","floor":11.0,"key":"SMITH"},{"data":"Terror","floor":13.0,"key":"SMITH"},{"data":"Backflip","floor":15.0,"key":"SMITH"},{"data":"A Thousand Cuts","floor":23.0,"key":"SMITH"},{"data":"Cloak And Dagger","floor":29,"key":"SMITH"},{"floor":32,"key":"REST"},{"floor":41,"key":"REST"},{"floor":44,"key":"REST"},{"floor":49,"key":"REST"}],"neow_cost":"","seed_source_timestamp":0,"circlet_count":0,"master_deck":["AscendersBane","Backflip+1","PiercingWail","Dagger Spray","Backflip","Acrobatics","Sucker Punch","Finisher","Deflect","Slice","Dagger Throw","Dash","Cloak And Dagger+1","Cloak And Dagger+1","Terror+1","Cloak And Dagger+1","Well Laid Plans","Blur","Tools of the Trade","A Thousand Cuts+1","Backstab","Accuracy","Cloak And Dagger+1","Burst","Cloak And Dagger+1","Night Terror","Envenom","Sadistic Nature"],"special_seed":0,"relics":["Ring of the Snake","Bronze Scales","Shuriken","Anchor","Sozu","Lantern","Kunai","Du-Vu Doll","Bottled Tornado","Fusion Hammer","Dodecahedron","Prayer Wheel","Vajra","Bottled Lightning"],"potions_floor_usage":[50],"damage_taken":[{"damage":0.0,"enemies":"Cultist","floor":1.0,"turns":3.0},{"damage":0.0,"enemies":"Jaw Worm","floor":2.0,"turns":2.0},{"damage":2.0,"enemies":"2 Louse","floor":5.0,"turns":2.0},{"damage":7.0,"enemies":"Lots of Slimes","floor":8.0,"turns":4.0},{"damage":3.0,"enemies":"Gremlin Nob","floor":10.0,"turns":3.0},{"damage":3.0,"enemies":"Lagavulin","floor":12.0,"turns":4.0},{"damage":0.0,"enemies":"Large Slime","floor":14.0,"turns":3.0},{"damage":0.0,"enemies":"Slime Boss","floor":16.0,"turns":7.0},{"damage":0.0,"enemies":"Chosen","floor":18.0,"turns":3.0},{"damage":0.0,"enemies":"3 Byrds","floor":20.0,"turns":3.0},{"damage":0.0,"enemies":"Cultist and Chosen","floor":24.0,"turns":3.0},{"damage":11.0,"enemies":"Slavers","floor":25.0,"turns":4.0},{"damage":3.0,"enemies":"Book of Stabbing","floor":27.0,"turns":4.0},{"damage":2,"enemies":"Gremlin Leader","floor":30,"turns":4},{"damage":0,"enemies":"Collector","floor":33,"turns":5},{"damage":0,"enemies":"3 Shapes","floor":35,"turns":2},{"damage":0,"enemies":"Flame Bruiser 1 Orb","floor":36,"turns":2},{"damage":0,"enemies":"Transient","floor":37,"turns":5},{"damage":0,"enemies":"Sphere and 2 Shapes","floor":39,"turns":3},{"damage":0,"enemies":"2 Orb Walkers","floor":40,"turns":3},{"damage":1,"enemies":"Nemesis","floor":42,"turns":5},{"damage":0,"enemies":"Giant Head","floor":46,"turns":2},{"damage":5,"enemies":"Donu and Deca","floor":50,"turns":5}],"seed_played":"-1950174033632311074","potions_obtained":[{"floor":5.0,"key":"SkillPotion"},{"floor":12.0,"key":"Energy Potion"}],"is_trial":true,"path_per_floor":["M","M","?","?","M","R","$","M","T","E","R","E","R","M","R","B",null,"M","?","M","$","?","R","M","E","T","E","$","R","E","?","R","B",null,"M","M","M","?","M","E","R","E","T","R","$","E","?","$","R","B"],"character_chosen":"THE_SILENT","items_purchased":["Block Potion","Lantern","Accuracy","Cloak And Dagger","Sadistic Nature"],"campfire_rested":4,"item_purchase_floors":[7,21,28,28,48],"current_hp_per_floor":[59,59,59,59,57,57,57,50,50,47,47,44,44,44,44,44,61,61,61,61,61,61,61,61,50,50,47,47,47,45,45,64,64,66,66,66,66,66,66,66,66,65,65,66,66,66,66,66,66,61],"gold":47,"neow_bonus":"","is_prod":false,"is_daily":false,"chose_seed":false,"campfire_upgraded":6,"win_rate":0,"timestamp":1532132240,"path_taken":["M","M","?","?","M","R","$","M","T","E","R","E","R","M","R","BOSS","M","?","M","$","?","R","M","E","T","E","$","R","E","?","R","BOSS","M","M","M","?","M","E","R","E","T","R","?","E","?","$","R","BOSS"],"build_version":"2018-07-19v2","purchased_purges":2,"victory":true,"max_hp_per_floor":[66,66,66,66,66,66,66,66,66,66,66,66,66,66,66,66,66,66,66,66,66,66,66,66,66,66,66,66,66,66,66,66,66,66,66,66,66,66,66,66,66,66,66,66,66,66,66,66,66,66],"card_choices":[{"not_picked":["Deflect","Quick Slash"],"picked":"Backflip","floor":0.0},{"not_picked":["Acrobatics","Predator"],"picked":"Dodge and Roll","floor":0.0},{"not_picked":["Masterful Stab","Underhanded Strike"],"picked":"PiercingWail","floor":0.0},{"not_picked":["Flying Knee","Prepared"],"picked":"Dagger Spray","floor":0.0},{"not_picked":["Underhanded Strike","Bane"],"picked":"Backflip","floor":0.0},{"not_picked":["Bane","Escape Plan"],"picked":"Noxious Fumes","floor":0.0},{"not_picked":["Eviscerate","Outmaneuver"],"picked":"Acrobatics","floor":0.0},{"not_picked":["Accuracy","PiercingWail"],"picked":"Sucker Punch","floor":0.0},{"not_picked":["Heel Hook","Infinite Blades"],"picked":"Finisher","floor":0.0},{"not_picked":["Outmaneuver","Prepared"],"picked":"Deflect","floor":0.0},{"not_picked":["Predator","Distraction"],"picked":"Slice","floor":0.0},{"not_picked":["Bane","PiercingWail"],"picked":"Dagger Throw","floor":0.0},{"not_picked":["Backstab","Finisher"],"picked":"Dash","floor":0.0},{"not_picked":["Bane","Endless Agony"],"picked":"Cloak And Dagger","floor":0.0},{"not_picked":["Predator","Eviscerate"],"picked":"Cloak And Dagger","floor":0.0},{"not_picked":["Reflex","Acrobatics"],"picked":"Terror","floor":1.0},{"not_picked":["Masterful Stab","Tactician","Bane"],"picked":"SKIP","floor":2.0},{"not_picked":["Bouncing Flask","Bane","Heel Hook"],"picked":"SKIP","floor":5.0},{"not_picked":["Deflect","Flechettes"],"picked":"Cloak And Dagger","floor":8.0},{"not_picked":["Setup","Bouncing Flask","Deflect"],"picked":"SKIP","floor":10.0},{"not_picked":["Infinite Blades","Wraith Form v2"],"picked":"Well Laid Plans","floor":12.0},{"not_picked":["Flying Knee","Endless Agony"],"picked":"Blur","floor":14.0},{"not_picked":["Phantasmal Killer","Corpse Explosion"],"picked":"Tools of the Trade","floor":16.0},{"not_picked":["Acrobatics+1","Deadly Poison+1","Setup"],"picked":"SKIP","floor":18.0},{"not_picked":["Deflect","Prepared"],"picked":"A Thousand Cuts","floor":20.0},{"not_picked":["Distraction","Quick Slash+1","Dash"],"picked":"SKIP","floor":24.0},{"not_picked":["Well Laid Plans","Choke+1"],"picked":"Backstab","floor":25.0},{"not_picked":["Flying Knee","Dodge and Roll"],"picked":"Cloak And Dagger","floor":27.0},{"not_picked":["Terror","Flying Knee+1","Poisoned Stab+1"],"picked":"SKIP","floor":30},{"not_picked":["Venomology","Storm of Steel"],"picked":"Burst","floor":33},{"not_picked":["Acrobatics","Sucker Punch","Poisoned Stab"],"picked":"SKIP","floor":35},{"not_picked":["Prepared","Crippling Poison","Quick Slash"],"picked":"SKIP","floor":36},{"not_picked":["Outmaneuver","PiercingWail","Dagger Throw"],"picked":"SKIP","floor":37},{"not_picked":["Dagger Spray","PiercingWail"],"picked":"Cloak And Dagger+1","floor":39},{"not_picked":["Concentrate","Dagger Throw"],"picked":"Night Terror","floor":40},{"not_picked":["Blade Dance","Bullet Time","Dodge and Roll"],"picked":"SKIP","floor":42},{"not_picked":["Sucker Punch+1","Distraction"],"picked":"Envenom","floor":46}],"player_experience":812705,"relics_obtained":[{"floor":9.0,"key":"Bronze Scales"},{"floor":10.0,"key":"Shuriken"},{"floor":12.0,"key":"Anchor"},{"floor":25.0,"key":"Kunai"},{"floor":27.0,"key":"Du-Vu Doll"},{"floor":30,"key":"Bottled Tornado"},{"floor":40,"key":"Dodecahedron"},{"floor":42,"key":"Prayer Wheel"},{"floor":43,"key":"Vajra"},{"floor":46,"key":"Bottled Lightning"}],"event_choices":[{"event_name":"Upgrade Shrine","player_choice":"Upgraded","floor":3.0,"damage_taken":0.0},{"event_name":"The Cleric","player_choice":"Leave","floor":4.0,"damage_taken":0.0},{"event_name":"Drug Dealer","player_choice":"Ignored","floor":19.0,"damage_taken":0.0},{"event_name":"Golden Shrine","player_choice":"Pray","floor":22.0,"damage_taken":0.0},{"event_name":"Purifier","player_choice":"One Purge","floor":31,"damage_taken":0},{"event_name":"SensoryStone","player_choice":"Memory 1","floor":38,"damage_taken":0},{"event_name":"SecretPortal","player_choice":"Rejected Portal.","floor":47,"damage_taken":0}],"is_beta":false,"boss_relics":[{"not_picked":["Coffee Dripper","Calling Bell"],"picked":"Sozu"},{"not_picked":["Tiny House","Runic Pyramid"],"picked":"Fusion Hammer"}],"items_purged_floors":[21,48],"is_endless":false,"potions_floor_spawned":[5,8,12,14,18,24,25,33,37,39,42,46],"ascension_level":15}