{"gold_per_floor":[119,119,119,134,150,150,166,182,182,213,234,234,234],"floor_reached":13,"playtime":621,"items_purged":[],"score":137,"play_id":"0fb46cfb-ef02-40dd-a72c-cbf893f78503","local_time":"20181004172027","is_ascension_mode":false,"campfire_choices":[{"data":"Neutralize","floor":6,"key":"SMITH"},{"data":"Dodge and Roll","floor":12,"key":"SMITH"}],"neow_cost":"","seed_source_timestamp":0,"circlet_count":0,"master_deck":["Defend_G","Defend_G","Defend_G","Defend_G","Defend_G","Strike_G","Strike_G","Strike_G","Strike_G","Strike_G","Survivor","Neutralize+1","Catalyst","Flying Knee","Cloak And Dagger","Poisoned Stab","Dodge and Roll+1","Deadly Poison","Noxious Fumes"],"relics":["Ring of the Snake","Golden Idol","Gremlin Horn","Pantograph"],"potions_floor_usage":[10,11,13],"damage_taken":[{"damage":2,"enemies":"Cultist","floor":1,"turns":5},{"damage":0,"enemies":"Small Slimes","floor":4,"turns":6},{"damage":0,"enemies":"Jaw Worm","floor":5,"turns":4},{"damage":12,"enemies":"Large Slime","floor":7,"turns":10},{"damage":6,"enemies":"Lots of Slimes","floor":8,"turns":6},{"damage":32,"enemies":"Lagavulin","floor":10,"turns":9},{"damage":0,"enemies":"3 Louse","floor":11,"turns":4},{"damage":1,"enemies":"Blue Slaver","floor":13,"turns":1}],"seed_played":"-759483525289720739","potions_obtained":[{"floor":1,"key":"Explosive Potion"},{"floor":8,"key":"GamblersBrew"},{"floor":10,"key":"Energy Potion"}],"is_trial":true,"path_per_floor":["M","?","?","M","M","R","M","M","T","E","M","R"],"character_chosen":"THE_SILENT","items_purchased":[],"campfire_rested":0,"item_purchase_floors":[],"current_hp_per_floor":[68,68,51,51,51,51,39,33,33,1,1,1,0],"gold":234,"neow_bonus":"","is_prod":false,"is_daily":false,"chose_seed":false,"campfire_upgraded":2,"win_rate":0,"timestamp":1538666427,"path_taken":["M","?","?","M","?","R","M","M","T","E","M","R","M"],"build_version":"2018-09-27","purchased_purges":0,"victory":false,"max_hp_per_floor":[70,70,70,70,70,70,70,70,70,70,70,70,70],"card_choices":[{"not_picked":["Slice","Blade Dance"],"picked":"Catalyst","floor":1},{"not_picked":["Blade Dance","Expertise"],"picked":"Flying Knee","floor":4},{"not_picked":["Terror","Quick Slash"],"picked":"Cloak And Dagger","floor":5},{"not_picked":["Acrobatics","Sucker Punch"],"picked":"Poisoned Stab","floor":7},{"not_picked":["Skewer","Predator"],"picked":"Dodge and Roll","floor":8},{"not_picked":["Distraction","Accuracy"],"picked":"Deadly Poison","floor":10},{"not_picked":["Burst","Dodge and Roll"],"picked":"Noxious Fumes","floor":11}],"player_experience":71699,"relics_obtained":[{"floor":9,"key":"Gremlin Horn"},{"floor":10,"key":"Pantograph"}],"event_choices":[{"event_name":"The Woman in Blue","player_choice":"Bought 0 Potions","floor":2,"damage_taken":0},{"event_name":"Golden Idol","player_choice":"Take Damage","floor":3,"damage_taken":0}],"is_beta":false,"boss_relics":[],"items_purged_floors":[],"is_endless":true,"potions_floor_spawned":[1,8,10],"killed_by":"Blue Slaver","ascension_level":0}