{"gold_per_floor":[218,218,0,13,13,13,46,46,46,69,43,43,79,119,119,215,215,230,355,200,224,224,263,282,325,325,137,137,177,177,11,11,100,100,121,145,168,168,183,221,221,262,262,262,303,318,318,50,50,50],"floor_reached":51,"playtime":2630,"items_purged":["Anger","Strike_R","Strike_R"],"score":1739,"play_id":"3a9cd10b-574d-4488-b917-b46d1b90db5e","local_time":"20190418213907","is_ascension_mode":true,"campfire_choices":[{"data":"Metallicize","floor":6.0,"key":"SMITH"},{"data":"Clothesline","floor":12.0,"key":"SMITH"},{"data":"Armaments","floor":15.0,"key":"SMITH"},{"data":"Uppercut","floor":30,"key":"SMITH"},{"data":"Shockwave","floor":32,"key":"SMITH"},{"data":"Inflame","floor":41,"key":"SMITH"},{"floor":44,"key":"REST"},{"data":"Feel No Pain","floor":49,"key":"SMITH"}],"neow_cost":"NONE","seed_source_timestamp":47024909231458,"circlet_count":0,"master_deck":["AscendersBane","Defend_R","Defend_R","Defend_R","Defend_R","Thunderclap","Metallicize+1","Shrug It Off","Armaments+1","Clothesline+1","Iron Wave","Disarm","Reaper","Feel No Pain+1","Entrench","Flame Barrier","Corruption","True Grit","Uppercut+1","Shockwave+1","Writhe","Heavy Blade","Limit Break","Inflame+1","Double Tap","Exhume+1","Spot Weakness+1","Metallicize+1","PanicButton+1"],"special_seed":0,"relics":["Burning Blood","Golden Idol","Membership Card","Torii","Blood Vial","Odd Mushroom","Regal Pillow","Snecko Eye","Du-Vu Doll","Bottled Flame","Vajra","FossilizedHelix","PreservedInsect","Letter Opener","Art of War","Bag of Preparation","StoneCalendar","Strange Spoon","Empty Cage","Toxic Egg 2","Pantograph","Sundial","Turnip","Incense Burner","Centennial Puzzle"],"potions_floor_usage":[23,25,40,50,50],"damage_taken":[{"damage":19.0,"enemies":"Jaw Worm","floor":1.0,"turns":5.0},{"damage":7.0,"enemies":"Small Slimes","floor":4.0,"turns":4.0},{"damage":0.0,"enemies":"Lagavulin","floor":7.0,"turns":10.0},{"damage":0.0,"enemies":"2 Louse","floor":10.0,"turns":4.0},{"damage":11.0,"enemies":"The Mushroom Lair","floor":13.0,"turns":5.0},{"damage":16.0,"enemies":"3 Sentries","floor":14.0,"turns":9.0},{"damage":56.0,"enemies":"Slime Boss","floor":16.0,"turns":17.0},{"damage":28.0,"enemies":"2 Thieves","floor":18.0,"turns":5.0},{"damage":34.0,"enemies":"Colosseum Slavers","floor":19.0,"turns":5.0},{"damage":34.0,"enemies":"Colosseum Nobs","floor":19.0,"turns":8.0},{"damage":8,"enemies":"3 Byrds","floor":21,"turns":6},{"damage":36,"enemies":"Gremlin Leader","floor":23,"turns":12},{"damage":24,"enemies":"Snake Plant","floor":24,"turns":6},{"damage":0,"enemies":"Book of Stabbing","floor":25,"turns":5},{"damage":0,"enemies":"Gremlin Leader","floor":29,"turns":4},{"damage":0,"enemies":"Automaton","floor":33,"turns":8},{"damage":0,"enemies":"Orb Walker","floor":35,"turns":4},{"damage":0,"enemies":"3 Darklings","floor":36,"turns":3},{"damage":0,"enemies":"Spire Growth","floor":37,"turns":6},{"damage":0,"enemies":"4 Shapes","floor":39,"turns":4},{"damage":57,"enemies":"Reptomancer","floor":40,"turns":7},{"damage":33,"enemies":"Nemesis","floor":42,"turns":11},{"damage":6,"enemies":"Reptomancer","floor":45,"turns":4},{"damage":0,"enemies":"3 Darklings","floor":46,"turns":5},{"damage":0,"enemies":"Time Eater","floor":50,"turns":9}],"seed_played":"6154466090758158274","potions_obtained":[{"floor":1.0,"key":"PowerPotion"},{"floor":13.0,"key":"Energy Potion"},{"floor":16.0,"key":"BloodPotion"},{"floor":19.0,"key":"Explosive Potion"},{"floor":21,"key":"PowerPotion"},{"floor":36,"key":"Strength Potion"},{"floor":37,"key":"Poison Potion"},{"floor":40,"key":"GamblersBrew"},{"floor":45,"key":"Dexterity Potion"}],"is_trial":false,"path_per_floor":["M","?","$","M","?","R","E","?","T","M","$","R","?","E","R","B",null,"M","?","$","M","?","E","M","E","T","$","?","E","R","$","R","B",null,"M","M","M","?","M","E","R","E","T","R","E","M","?","$","R","B",null],"character_chosen":"IRONCLAD","items_purchased":["Membership Card","Metallicize","Anger","Feel No Pain","Vajra","Dexterity Potion","Uppercut","Shockwave","Art of War","Strange Spoon","Incense Burner","PanicButton+1","Centennial Puzzle"],"campfire_rested":1,"item_purchase_floors":[3,3,11,20,20,20,27,27,27,31,48,48,48],"current_hp_per_floor":[55,55,55,54,54,54,60,65,65,73,73,73,68,60,60,12,58,50,27,27,40,40,35,25,42,42,42,42,71,71,71,71,73,73,73,73,73,73,73,47,47,35,35,71,73,73,73,73,73,73],"gold":50,"neow_bonus":"HUNDRED_GOLD","is_prod":false,"is_daily":false,"chose_seed":false,"campfire_upgraded":7,"win_rate":0,"timestamp":1555648747,"path_taken":["M","?","$","M","?","R","E","?","T","M","$","R","?","E","R","BOSS","M","?","$","M","?","E","M","E","T","$","?","E","R","?","R","BOSS","M","M","M","?","?","E","R","E","T","R","E","M","?","$","R","BOSS"],"build_version":"2019-01-23","purchased_purges":3,"victory":true,"max_hp_per_floor":[75,68,68,68,68,68,68,73,73,73,73,73,73,73,73,73,73,73,73,73,73,73,73,73,73,73,73,73,73,73,73,73,73,73,73,73,73,73,73,73,73,73,73,73,73,73,73,73,73,73],"card_choices":[{"not_picked":["Sentinel","Shockwave"],"picked":"Thunderclap","floor":1.0},{"not_picked":["Sever Soul","Warcry"],"picked":"Shrug It Off","floor":4.0},{"not_picked":["Sentinel","Metallicize"],"picked":"Armaments","floor":7.0},{"not_picked":["Iron Wave","Cleave"],"picked":"Clothesline","floor":10.0},{"not_picked":["Flex","Warcry"],"picked":"Iron Wave","floor":13.0},{"not_picked":["Reckless Charge","Dual Wield"],"picked":"Disarm","floor":14.0},{"not_picked":["Offering","Double Tap"],"picked":"Reaper","floor":16.0},{"not_picked":["Havoc","Burning Pact","Evolve"],"picked":"SKIP","floor":18.0},{"not_picked":["Flex","Headbutt"],"picked":"Entrench","floor":21},{"not_picked":["Sentinel","Entrench+1"],"picked":"Corruption","floor":23},{"not_picked":["Dropkick","Perfected Strike+1"],"picked":"True Grit","floor":24},{"not_picked":["Havoc","Clash","Blood for Blood"],"picked":"SKIP","floor":25},{"not_picked":["Headbutt","Body Slam"],"picked":"Heavy Blade","floor":29},{"not_picked":["Feed","Offering"],"picked":"Limit Break","floor":33},{"not_picked":["Perfected Strike","Clothesline"],"picked":"Inflame","floor":35},{"not_picked":["Twin Strike","Rage","Clash"],"picked":"SKIP","floor":36},{"not_picked":["Thunderclap","True Grit","Metallicize"],"picked":"SKIP","floor":37},{"not_picked":["Clothesline","Wild Strike+1","Body Slam+1"],"picked":"SKIP","floor":39},{"not_picked":["Headbutt+1","Clash"],"picked":"Exhume","floor":40},{"not_picked":["Power Through+1","True Grit+1"],"picked":"Spot Weakness+1","floor":42},{"not_picked":["Headbutt","Twin Strike","Clothesline"],"picked":"SKIP","floor":45},{"not_picked":["Clash","Spot Weakness+1"],"picked":"Metallicize+1","floor":46}],"player_experience":2467831,"relics_obtained":[{"floor":7.0,"key":"Torii"},{"floor":9.0,"key":"Blood Vial"},{"floor":13.0,"key":"Odd Mushroom"},{"floor":14.0,"key":"Regal Pillow"},{"floor":19.0,"key":"Du-Vu Doll"},{"floor":19.0,"key":"Bottled Flame"},{"floor":23,"key":"FossilizedHelix"},{"floor":25,"key":"PreservedInsect"},{"floor":26,"key":"Letter Opener"},{"floor":29,"key":"StoneCalendar"},{"floor":40,"key":"Toxic Egg 2"},{"floor":42,"key":"Pantograph"},{"floor":43,"key":"Sundial"},{"floor":45,"key":"Turnip"}],"event_choices":[{"damage_healed":0.0,"max_hp_gain":0.0,"max_hp_loss":7.0,"gold_gain":0.0,"event_name":"Golden Idol","player_choice":"Lose Max HP","floor":2.0,"gold_loss":0.0,"damage_taken":0.0,"relics_obtained":["Golden Idol"]},{"damage_healed":0.0,"max_hp_gain":0.0,"max_hp_loss":0.0,"gold_gain":0.0,"event_name":"Living Wall","player_choice":"Grow","floor":5.0,"gold_loss":0.0,"damage_taken":0.0,"cards_upgraded":["Bash"]},{"damage_healed":0.0,"max_hp_gain":5.0,"max_hp_loss":0.0,"gold_gain":0.0,"event_name":"Big Fish","player_choice":"Donut","floor":8.0,"gold_loss":0.0,"damage_taken":0.0},{"damage_healed":0.0,"max_hp_gain":0.0,"max_hp_loss":0.0,"gold_gain":0.0,"event_name":"Mushrooms","player_choice":"Fought Mushrooms","floor":13.0,"gold_loss":0.0,"damage_taken":0.0},{"damage_healed":0.0,"max_hp_gain":0.0,"max_hp_loss":0.0,"gold_gain":0.0,"event_name":"Colosseum","player_choice":"Fight","floor":19.0,"gold_loss":0.0,"damage_taken":0.0},{"damage_healed":0.0,"max_hp_gain":0.0,"max_hp_loss":0.0,"gold_gain":0.0,"event_name":"Colosseum","player_choice":"Fought Nobs","floor":19.0,"gold_loss":0.0,"damage_taken":0.0},{"damage_healed":0,"gold_gain":0,"player_choice":"Read","damage_taken":0,"max_hp_gain":0,"max_hp_loss":0,"event_name":"The Library","floor":22,"gold_loss":0,"cards_obtained":["Flame Barrier"]},{"damage_healed":0,"gold_gain":0,"player_choice":"Opened","damage_taken":0,"relics_obtained":["Bag of Preparation"],"max_hp_gain":0,"max_hp_loss":0,"event_name":"The Mausoleum","floor":28,"gold_loss":0,"cards_obtained":["Writhe"]},{"damage_healed":0,"gold_gain":0,"cards_transformed":["Strike_R"],"player_choice":"Transformed","damage_taken":0,"max_hp_gain":0,"max_hp_loss":0,"event_name":"Transmorgrifier","floor":38,"gold_loss":0,"cards_obtained":["Double Tap"]},{"cards_removed":["Bash"],"damage_healed":0,"gold_gain":0,"player_choice":"Removed Attack","damage_taken":0,"max_hp_gain":0,"max_hp_loss":0,"event_name":"Falling","floor":47,"gold_loss":0}],"is_beta":false,"boss_relics":[{"not_picked":["Coffee Dripper","Black Blood"],"picked":"Snecko Eye"},{"not_picked":["White Beast Statue","Runic Pyramid"],"picked":"Empty Cage"}],"items_purged_floors":[20,27,31],"is_endless":false,"potions_floor_spawned":[1,13,16,19,21,36,37,40,45],"ascension_level":15}