{"gold_per_floor":[110,110,21,41,54,54,81,81,159,194,213,226,257,257,257,334,334,347,361,7,21,41,41,66,79,102,114,126,138,166,211,223,307,319,346,11,11,11,61,61,94,1,1,20,48,61,79,98,98,98,98],"floor_reached":52,"playtime":2014,"items_purged":[],"score":1944,"play_id":"430ebb7b-45f7-4df3-94bf-a268ab095211","local_time":"20181004223614","daily_mods":["SealedDeck"],"is_ascension_mode":true,"campfire_choices":[{"data":"Armaments","floor":6.0,"key":"SMITH"},{"data":"Inflame","floor":8.0,"key":"SMITH"},{"data":"Whirlwind","floor":15.0,"key":"SMITH"},{"data":"Shockwave","floor":23.0,"key":"SMITH"},{"data":"Disarm","floor":27.0,"key":"SMITH"},{"data":"Shrug It Off","floor":32.0,"key":"SMITH"},{"data":"Pummel","floor":40.0,"key":"SMITH"},{"data":"Spot Weakness","floor":49,"key":"SMITH"}],"neow_cost":"","seed_source_timestamp":0,"circlet_count":0,"master_deck":["AscendersBane","Clothesline+1","Shrug It Off","Disarm+1","Headbutt","Rampage","Shrug It Off","Cleave+1","Twin Strike","Shrug It Off+1","Inflame+1","Armaments+1","Spot Weakness+1","Reaper","Whirlwind+1","Offering","Shockwave+1","Evolve","J.A.X.","Pummel+1","Impervious","Impervious"],"special_seed":0,"relics":["Burning Blood","Art of War","Self Forming Clay","Singing Bowl","Bag of Marbles","Mark of Pain","Mercury Hourglass","Vajra","MawBank","Paper Frog","Cursed Key","Pen Nib","Bronze Scales","Bottled Lightning"],"potions_floor_usage":[51,51],"damage_taken":[{"damage":4.0,"enemies":"Small Slimes","floor":1.0,"turns":4.0},{"damage":0.0,"enemies":"2 Louse","floor":4.0,"turns":2.0},{"damage":0.0,"enemies":"Cultist","floor":5.0,"turns":3.0},{"damage":26.0,"enemies":"3 Sentries","floor":7.0,"turns":9.0},{"damage":18.0,"enemies":"Gremlin Nob","floor":10.0,"turns":4.0},{"damage":0.0,"enemies":"Looter","floor":11.0,"turns":4.0},{"damage":8.0,"enemies":"2 Fungi Beasts","floor":12.0,"turns":4.0},{"damage":11.0,"enemies":"3 Sentries","floor":13.0,"turns":4.0},{"damage":38.0,"enemies":"Slime Boss","floor":16.0,"turns":10.0},{"damage":0.0,"enemies":"Spheric Guardian","floor":18.0,"turns":3.0},{"damage":11.0,"enemies":"2 Thieves","floor":19.0,"turns":3.0},{"damage":12.0,"enemies":"Shelled Parasite and Fungi","floor":21.0,"turns":4.0},{"damage":14.0,"enemies":"Centurion and Healer","floor":22.0,"turns":3.0},{"damage":25.0,"enemies":"Gremlin Leader","floor":24.0,"turns":6.0},{"damage":6.0,"enemies":"3 Cultists","floor":25.0,"turns":1.0},{"damage":16.0,"enemies":"Snake Plant","floor":30.0,"turns":4.0},{"damage":7.0,"enemies":"Slavers","floor":31.0,"turns":2.0},{"damage":34.0,"enemies":"Champ","floor":33.0,"turns":7.0},{"damage":12.0,"enemies":"3 Shapes","floor":35.0,"turns":5.0},{"damage":13.0,"enemies":"2 Orb Walkers","floor":41.0,"turns":3.0},{"damage":0.0,"enemies":"Orb Walker","floor":44.0,"turns":2.0},{"damage":33.0,"enemies":"Giant Head","floor":45.0,"turns":6.0},{"damage":6,"enemies":"Sphere and 2 Shapes","floor":46,"turns":2},{"damage":3,"enemies":"Reptomancer","floor":47,"turns":4},{"damage":12,"enemies":"Maw","floor":48,"turns":5},{"damage":35,"enemies":"Donu and Deca","floor":50,"turns":6},{"damage":33,"enemies":"Time Eater","floor":51,"turns":6}],"seed_played":"-8596541573889942355","potions_obtained":[{"floor":5.0,"key":"PowerPotion"},{"floor":13.0,"key":"Weak Potion"},{"floor":18.0,"key":"Strength Potion"}],"is_trial":true,"path_per_floor":["M","?","$","M","M","R","E","R","T","E","M","M","E","?","R","B",null,"M","M","$","M","M","R","E","M","T","R","?","$","M","E","R","B",null,"M","$","?","$","?","R","E","$","T","M","E","M","M","M","R","B","B"],"character_chosen":"IRONCLAD","items_purchased":["Regen Potion","Evolve","Mercury Hourglass","Pen Nib","Impervious","Impervious"],"campfire_rested":0,"item_purchase_floors":[3,20,20,36,36,42],"current_hp_per_floor":[70,47,47,53,59,59,39,39,39,27,40,45,54,54,54,31,67,73,70,70,76,70,70,81,83,83,83,83,83,87,88,88,77,91,85,85,85,85,85,85,80,80,80,88,84,103,105,107,107,107,106],"gold":98,"neow_bonus":"","is_prod":false,"is_daily":false,"chose_seed":false,"campfire_upgraded":8,"win_rate":0,"timestamp":1538717774,"path_taken":["M","?","$","M","M","R","E","R","T","E","M","?","E","?","R","BOSS","M","M","$","M","M","R","E","M","T","R","?","?","?","E","R","BOSS","M","$","?","?","?","R","E","$","T","M","E","?","?","M","R","BOSS","BOSS"],"build_version":"2018-10-04","purchased_purges":0,"victory":true,"max_hp_per_floor":[75,75,75,75,75,75,75,75,75,75,75,77,79,79,79,79,79,79,81,81,83,85,85,87,89,89,89,89,89,91,93,93,95,95,95,95,95,95,95,95,97,97,97,99,101,103,105,107,107,107,107],"card_choices":[{"not_picked":["Heavy Blade","True Grit"],"picked":"Armaments","floor":1.0},{"not_picked":["Havoc","True Grit"],"picked":"Spot Weakness","floor":4.0},{"not_picked":["Intimidate","Thunderclap","Iron Wave"],"picked":"SKIP","floor":5.0},{"not_picked":["Flex","Evolve","Bloodletting"],"picked":"SKIP","floor":7.0},{"not_picked":["Warcry","Shrug It Off"],"picked":"Reaper","floor":10.0},{"not_picked":["Headbutt","Sentinel"],"picked":"Whirlwind","floor":11.0},{"not_picked":["Uppercut","Headbutt","Body Slam"],"picked":"Singing Bowl","floor":12.0},{"not_picked":["Heavy Blade","Iron Wave","Cleave"],"picked":"Singing Bowl","floor":13.0},{"not_picked":["Barricade","Dark Embrace"],"picked":"Offering","floor":16.0},{"not_picked":["Twin Strike","Shrug It Off"],"picked":"Shockwave","floor":18.0},{"not_picked":["Wild Strike","Iron Wave","Pommel Strike+1"],"picked":"Singing Bowl","floor":19.0},{"not_picked":["Spot Weakness","Cleave+1","Flex"],"picked":"Singing Bowl","floor":21.0},{"not_picked":["Iron Wave","Dark Embrace","Thunderclap"],"picked":"Singing Bowl","floor":22.0},{"not_picked":["Seeing Red+1","Sever Soul","Berserk"],"picked":"Singing Bowl","floor":24.0},{"not_picked":["Iron Wave","Warcry","Armaments"],"picked":"Singing Bowl","floor":25.0},{"not_picked":["Wild Strike","Feel No Pain","Thunderclap"],"picked":"Singing Bowl","floor":30.0},{"not_picked":["Berserk","Spot Weakness","Pommel Strike"],"picked":"Singing Bowl","floor":31.0},{"not_picked":["Juggernaut","Feed","Fiend Fire"],"picked":"Singing Bowl","floor":33.0},{"not_picked":["True Grit+1","Clothesline"],"picked":"Pummel","floor":35.0},{"not_picked":["Shrug It Off","Immolate","Exhume"],"picked":"Singing Bowl","floor":41.0},{"not_picked":["Heavy Blade","Feel No Pain","Clash"],"picked":"Singing Bowl","floor":44.0},{"not_picked":["Barricade","Flex","Armaments"],"picked":"Singing Bowl","floor":45},{"not_picked":["Disarm","Heavy Blade+1","Fire Breathing+1"],"picked":"Singing Bowl","floor":46},{"not_picked":["Disarm","Headbutt+1","Pommel Strike"],"picked":"Singing Bowl","floor":47},{"not_picked":["Clash","Hemokinesis","Armaments"],"picked":"Singing Bowl","floor":48}],"player_experience":1267251,"relics_obtained":[{"floor":7.0,"key":"Art of War"},{"floor":9.0,"key":"Self Forming Clay"},{"floor":10.0,"key":"Singing Bowl"},{"floor":13.0,"key":"Bag of Marbles"},{"floor":24.0,"key":"Vajra"},{"floor":26.0,"key":"MawBank"},{"floor":31.0,"key":"Paper Frog"},{"floor":41.0,"key":"Bronze Scales"},{"floor":45,"key":"Bottled Lightning"}],"event_choices":[{"event_name":"Shining Light","player_choice":"Entered Light","floor":2.0,"damage_taken":0.0},{"event_name":"Liars Game","player_choice":"disagreed","floor":14.0,"damage_taken":0.0},{"event_name":"Drug Dealer","player_choice":"Got JAX","floor":28.0,"damage_taken":0.0},{"event_name":"SecretPortal","player_choice":"Rejected Portal.","floor":37.0,"damage_taken":0.0},{"event_name":"Golden Shrine","player_choice":"Pray","floor":39.0,"damage_taken":0.0}],"is_beta":false,"boss_relics":[{"not_picked":["Snecko Eye","Busted Crown"],"picked":"Mark of Pain"},{"not_picked":["Eternal Feather","Empty Cage"],"picked":"Cursed Key"}],"items_purged_floors":[],"is_endless":false,"potions_floor_spawned":[5,7,11,13,18,21,24,30,31,41,47,48],"ascension_level":20}