{"gold_per_floor":[16,34,34,49,62,62,62,62,137,147,147,157,157],"floor_reached":13,"playtime":1113,"items_purged":[],"score":77,"play_id":"2165e20c-c3f3-4b3d-9482-94d5c11e11e0","local_time":"20190322205033","is_ascension_mode":false,"campfire_choices":[{"floor":6,"key":"REST"},{"data":"Die Die Die","floor":8,"key":"SMITH"},{"floor":11,"key":"REST"}],"neow_cost":"NO_GOLD","seed_source_timestamp":648850629690400,"circlet_count":0,"master_deck":["Defend_G","Defend_G","Defend_G","Defend_G","Defend_G","Strike_G","Strike_G","Survivor","Neutralize","Backflip","Acrobatics","Die Die Die+1","Acrobatics","Noxious Fumes"],"relics":["Ring of the Snake","Ancient Tea Set","Molten Egg 2"],"potions_floor_usage":[13,13,13],"damage_taken":[{"damage":0,"enemies":"Jaw Worm","floor":1,"turns":9},{"damage":0,"enemies":"2 Louse","floor":2,"turns":4},{"damage":5,"enemies":"Small Slimes","floor":4,"turns":6},{"damage":60,"enemies":"Gremlin Gang","floor":5,"turns":13},{"damage":1,"enemies":"Blue Slaver","floor":10,"turns":5},{"damage":4,"enemies":"Exordium Thugs","floor":12,"turns":5},{"damage":26,"enemies":"Gremlin Nob","floor":13,"turns":4}],"seed_played":"-3657429671146125928","potions_obtained":[{"floor":5,"key":"EssenceOfSteel"},{"floor":10,"key":"SkillPotion"},{"floor":12,"key":"Explosive Potion"}],"is_trial":false,"path_per_floor":["M","M","?","M","M","R","?","R","T","M","R","M","E"],"character_chosen":"THE_SILENT","items_purchased":[],"campfire_rested":2,"item_purchase_floors":[],"current_hp_per_floor":[70,70,70,65,5,26,8,8,8,7,28,24,0],"gold":157,"neow_bonus":"REMOVE_TWO","is_prod":false,"is_daily":false,"chose_seed":false,"campfire_upgraded":1,"win_rate":0.0,"timestamp":1553280633,"path_taken":["M","M","?","M","M","R","?","R","T","M","R","M","E"],"build_version":"2019-01-23","purchased_purges":0,"victory":false,"max_hp_per_floor":[70,70,70,70,70,70,70,70,70,70,70,70,70],"card_choices":[{"not_picked":["Dagger Spray","Blade Dance","Dodge and Roll"],"picked":"SKIP","floor":1},{"not_picked":["Bouncing Flask","Predator"],"picked":"Backflip","floor":2},{"not_picked":["Tactician","Poisoned Stab"],"picked":"Acrobatics","floor":4},{"not_picked":["Dodge and Roll","Underhanded Strike"],"picked":"Die Die Die","floor":5},{"not_picked":["Deflect","Deadly Poison"],"picked":"Acrobatics","floor":10},{"not_picked":["Dagger Throw+1","Backstab+1"],"picked":"Noxious Fumes","floor":12}],"player_experience":52939,"relics_obtained":[{"floor":9,"key":"Molten Egg 2"}],"event_choices":[{"cards_removed":["Strike_G"],"damage_healed":0,"gold_gain":0,"player_choice":"Forget","damage_taken":0,"max_hp_gain":0,"max_hp_loss":0,"event_name":"Living Wall","floor":3,"gold_loss":0},{"damage_healed":0,"gold_gain":0,"player_choice":"Success","damage_taken":18,"relics_obtained":["Ancient Tea Set"],"max_hp_gain":0,"max_hp_loss":0,"event_name":"Scrap Ooze","floor":7,"gold_loss":0}],"is_beta":false,"boss_relics":[],"items_purged_floors":[],"is_endless":false,"potions_floor_spawned":[5,10,12],"killed_by":"Gremlin Nob","ascension_level":0}