{"gold_per_floor":[110,60,60,70,89,89,122,122,198,198,232,232,252,266,266,266],"floor_reached":16,"playtime":593,"items_purged":[],"score":149,"play_id":"262d2cc6-649e-4aab-9cd1-33260f021609","local_time":"20180824235226","is_ascension_mode":true,"campfire_choices":[{"data":"Multi-Cast","floor":6,"key":"SMITH"},{"data":"Turbo","floor":8,"key":"SMITH"},{"data":"Blizzard","floor":10,"key":"SMITH"},{"data":"Coolheaded","floor":15,"key":"SMITH"}],"neow_cost":"NONE","seed_source_timestamp":453165311731297,"circlet_count":0,"master_deck":["Strike_B","Strike_B","Strike_B","Defend_B","Defend_B","Defend_B","Defend_B","Zap","Dualcast","Multi-Cast+1","Cold Snap","Blizzard+1","Turbo+1","Cold Snap","Blizzard","Tempest","Coolheaded+1"],"relics":["Cracked Core","Omamori","Smiling Mask","Ancient Tea Set","Ornamental Fan"],"potions_floor_usage":[7,11,11],"damage_taken":[{"damage":0,"enemies":"Small Slimes","floor":1,"turns":4},{"damage":7,"enemies":"Jaw Worm","floor":4,"turns":4},{"damage":0,"enemies":"Cultist","floor":5,"turns":3},{"damage":23,"enemies":"Gremlin Nob","floor":7,"turns":4},{"damage":23,"enemies":"3 Sentries","floor":11,"turns":6},{"damage":8,"enemies":"Looter","floor":13,"turns":4},{"damage":0,"enemies":"Large Slime","floor":14,"turns":4},{"damage":25,"enemies":"Hexaghost","floor":16,"turns":9}],"seed_played":"3510828340723458231","potions_obtained":[{"floor":4,"key":"Poison Potion"},{"floor":7,"key":"EntropicBrew"},{"floor":14,"key":"FearPotion"}],"is_trial":false,"path_per_floor":["M","?","$","M","M","R","E","R","T","R","E","?","M","M","R"],"character_chosen":"DEFECT","items_purchased":[],"campfire_rested":0,"item_purchase_floors":[],"current_hp_per_floor":[68,68,68,61,61,61,38,38,38,38,30,30,22,22,22,0],"gold":266,"neow_bonus":"ONE_RANDOM_RARE_CARD","is_prod":false,"is_daily":false,"chose_seed":false,"campfire_upgraded":4,"win_rate":0,"timestamp":1535147546,"path_taken":["M","?","?","M","M","R","E","R","T","R","E","?","M","M","R","BOSS"],"build_version":"2018-08-23v2","purchased_purges":0,"victory":false,"max_hp_per_floor":[75,75,75,75,75,75,75,75,75,75,75,75,75,75,75,75],"card_choices":[{"not_picked":["Streamline","Sweeping Beam"],"picked":"Cold Snap","floor":1},{"not_picked":["Compile Driver","Ball Lightning"],"picked":"Blizzard","floor":4},{"not_picked":["Compile Driver","Streamline"],"picked":"Turbo","floor":5},{"not_picked":["Conserve Battery","Recycle"],"picked":"Cold Snap","floor":7},{"not_picked":["Conserve Battery","Rip and Tear"],"picked":"Blizzard","floor":11},{"not_picked":["Compile Driver","Buffer"],"picked":"Tempest","floor":13},{"not_picked":["Rebound","Beam Cell"],"picked":"Coolheaded","floor":14}],"player_experience":261294,"relics_obtained":[{"floor":7,"key":"Omamori"},{"floor":9,"key":"Smiling Mask"},{"floor":11,"key":"Ancient Tea Set"}],"event_choices":[{"event_name":"The Cleric","player_choice":"Card Removal","floor":2,"damage_taken":0},{"event_name":"Big Fish","player_choice":"Box","floor":12,"damage_taken":0}],"is_beta":false,"boss_relics":[],"items_purged_floors":[],"is_endless":false,"potions_floor_spawned":[4,7,14],"killed_by":"Hexaghost","ascension_level":7}