{"gold_per_floor":[115,115,39,56,56,100,114,414,437,460,460,64,64,95,95,234,234,274,274,318,318],"floor_reached":21,"playtime":726,"items_purged":[],"score":424,"play_id":"e0cef448-4689-4815-9cb8-0ce2c20091b7","local_time":"20181209224002","is_ascension_mode":true,"campfire_choices":[{"data":"Chaos","floor":11,"key":"SMITH"},{"data":"HandOfGreed","floor":13,"key":"SMITH"},{"data":"Beam Cell","floor":15,"key":"SMITH"}],"neow_cost":"NONE","seed_source_timestamp":10982293039555,"circlet_count":0,"master_deck":["AscendersBane","Strike_B","Strike_B","Strike_B","Defend_B","Defend_B","Defend_B","Zap","Dualcast","Conserve Battery","Glacier","FTL","Chaos+1","Heatsinks","Skim","HandOfGreed+1","Beam Cell+1","Core Surge","Creative AI","Self Repair","Conserve Battery"],"relics":["Cracked Core","NeowsBlessing","Golden Idol","Unceasing Top","Old Coin","Art of War","Omamori","Blood Vial","Snecko Eye"],"potions_floor_usage":[16,16,18,21],"damage_taken":[{"damage":0,"enemies":"Cultist","floor":1,"turns":1},{"damage":0,"enemies":"Small Slimes","floor":4,"turns":1},{"damage":0,"enemies":"3 Sentries","floor":6,"turns":2},{"damage":1,"enemies":"Jaw Worm","floor":7,"turns":4},{"damage":12,"enemies":"Red Slaver","floor":10,"turns":6},{"damage":14,"enemies":"Lagavulin","floor":14,"turns":6},{"damage":30,"enemies":"Slime Boss","floor":16,"turns":13},{"damage":4,"enemies":"2 Thieves","floor":18,"turns":4},{"damage":37,"enemies":"Spheric Guardian","floor":20,"turns":7},{"damage":29,"enemies":"Snake Plant","floor":21,"turns":3}],"seed_played":"5268800727943212856","potions_obtained":[{"floor":6,"key":"Poison Potion"},{"floor":14,"key":"Weak Potion"},{"floor":16,"key":"GamblersBrew"},{"floor":20,"key":"Swift Potion"}],"is_trial":false,"path_per_floor":["M","?","$","M","?","E","M","T","T","M","R","$","R","E","R","B",null,"M","?","M","M"],"character_chosen":"DEFECT","items_purchased":["Glacier","HandOfGreed","Omamori","Beam Cell"],"campfire_rested":0,"item_purchase_floors":[3,12,12,12],"current_hp_per_floor":[64,57,57,57,57,57,56,56,56,44,44,44,44,30,30,2,49,47,47,26,0],"gold":318,"neow_bonus":"THREE_ENEMY_KILL","is_prod":false,"is_daily":false,"chose_seed":false,"campfire_upgraded":3,"win_rate":0,"timestamp":1544366402,"path_taken":["M","?","$","M","?","E","M","?","T","?","R","$","R","E","R","BOSS","M","?","?","M"],"build_version":"2018-12-06","purchased_purges":0,"victory":false,"max_hp_per_floor":[71,71,71,71,64,64,64,64,64,64,64,64,64,64,64,64,64,64,64,64,64],"card_choices":[{"not_picked":["Gash","Hologram"],"picked":"Conserve Battery","floor":1},{"not_picked":["Sweeping Beam","Barrage"],"picked":"FTL","floor":4},{"not_picked":["Redo","Chaos","Hologram"],"picked":"SKIP","floor":6},{"not_picked":["Redo","Hologram"],"picked":"Chaos","floor":6},{"not_picked":["Blizzard","Aggregate"],"picked":"Heatsinks","floor":7},{"not_picked":["Steam","Recycle"],"picked":"Skim","floor":10},{"not_picked":["Melter","Rip and Tear"],"picked":"Core Surge","floor":14},{"not_picked":["Hyperbeam","Seek"],"picked":"Creative AI","floor":16},{"not_picked":["BootSequence","Sweeping Beam"],"picked":"Self Repair","floor":18},{"not_picked":["Melter","Streamline","Beam Cell"],"picked":"SKIP","floor":20}],"player_experience":2344000,"relics_obtained":[{"floor":6,"key":"Unceasing Top"},{"floor":8,"key":"Old Coin"},{"floor":9,"key":"Art of War"},{"floor":14,"key":"Blood Vial"}],"event_choices":[{"cards_removed":["Defend_B"],"damage_healed":0,"gold_gain":0,"player_choice":"Card Removal","damage_taken":7,"max_hp_gain":0,"max_hp_loss":0,"event_name":"Golden Wing","floor":2,"gold_loss":0},{"damage_healed":0,"gold_gain":0,"player_choice":"Lose Max HP","damage_taken":0,"relics_obtained":["Golden Idol"],"max_hp_gain":0,"max_hp_loss":7,"event_name":"Golden Idol","floor":5,"gold_loss":0},{"damage_healed":0,"gold_gain":0,"cards_transformed":["Strike_B"],"player_choice":"Transformed","damage_taken":0,"max_hp_gain":0,"max_hp_loss":0,"event_name":"Transmorgrifier","floor":19,"gold_loss":0,"cards_obtained":["Conserve Battery"]}],"is_beta":false,"boss_relics":[{"not_picked":["Runic Pyramid","Lizard Tail"],"picked":"Snecko Eye"}],"items_purged_floors":[],"is_endless":false,"potions_floor_spawned":[6,14,16,20],"killed_by":"Snake Plant","ascension_level":20}