{"gold_per_floor":[119,119,119,119,44,44,85,100,177,177,212,225,260,284,284,383,383,396,311,335,360,379,379,14,14,60,95,95,134,155,190,190,285,285,299,323,448,448,448,492,492,536,585,585,601,601,659,168,168,168,168,168,168,128,164,164],"floor_reached":57,"playtime":5443,"items_purged":["Strike_G","Strike_G","Defend_G"],"score":3543,"play_id":"d0de6f33-71f2-4d0b-bbc7-fc026fc89a94","local_time":"20190320012414","is_ascension_mode":true,"campfire_choices":[{"data":"Tactician","floor":6.0,"key":"SMITH"},{"data":"Deadly Poison","floor":10.0,"key":"SMITH"},{"data":"Calculated Gamble","floor":15.0,"key":"SMITH"},{"data":"Expertise","floor":23.0,"key":"SMITH"},{"data":"Prepared","floor":25.0,"key":"SMITH"},{"data":"Acrobatics","floor":32.0,"key":"SMITH"},{"data":"Footwork","floor":46.0,"key":"SMITH"},{"floor":49.0,"key":"RECALL"},{"data":"Flechettes","floor":53.0,"key":"SMITH"}],"neow_cost":"NONE","seed_source_timestamp":0,"circlet_count":0,"master_deck":["AscendersBane","Defend_G","Defend_G+1","Defend_G","Defend_G+1","Survivor","Tactician+1","Crippling Poison","Deadly Poison+1","Calculated Gamble+1","Expertise+1","Prepared+1","Footwork+1","Backflip","Acrobatics+1","Escape Plan","Adrenaline+1","Flechettes+1","Concentrate+1"],"special_seed":0,"relics":["Ring of the Snake","NeowsBlessing","Golden Idol","Pantograph","Mercury Hourglass","Strawberry","Bag of Marbles","Empty Cage","Juzu Bracelet","Bag of Preparation","Vajra","War Paint","Lantern","Runic Pyramid","StoneCalendar","Toxic Egg 2","Pen Nib","Girya","Mummified Hand","Blue Candle"],"potions_floor_usage":[56],"damage_taken":[{"damage":0.0,"enemies":"2 Louse","floor":1.0,"turns":1.0},{"damage":0.0,"enemies":"3 Sentries","floor":7.0,"turns":2.0},{"damage":0.0,"enemies":"Small Slimes","floor":8.0,"turns":1.0},{"damage":27.0,"enemies":"Gremlin Nob","floor":11.0,"turns":4.0},{"damage":0.0,"enemies":"Jaw Worm","floor":12.0,"turns":3.0},{"damage":18.0,"enemies":"Lagavulin","floor":13.0,"turns":7.0},{"damage":4.0,"enemies":"Large Slime","floor":14.0,"turns":6.0},{"damage":0.0,"enemies":"The Guardian","floor":16.0,"turns":8.0},{"damage":0.0,"enemies":"3 Byrds","floor":18.0,"turns":4.0},{"damage":0.0,"enemies":"Chosen","floor":20.0,"turns":5.0},{"damage":11.0,"enemies":"Snecko","floor":21.0,"turns":6.0},{"damage":8.0,"enemies":"Centurion and Healer","floor":22.0,"turns":6.0},{"damage":6.0,"enemies":"Slavers","floor":27.0,"turns":11.0},{"damage":0.0,"enemies":"Gremlin Leader","floor":29.0,"turns":6.0},{"damage":2.0,"enemies":"Shelled Parasite and Fungi","floor":30.0,"turns":4.0},{"damage":0.0,"enemies":"Slavers","floor":31.0,"turns":7.0},{"damage":0.0,"enemies":"Collector","floor":33.0,"turns":6.0},{"damage":0.0,"enemies":"Orb Walker","floor":35.0,"turns":3.0},{"damage":7.0,"enemies":"3 Darklings","floor":36.0,"turns":2.0},{"damage":3.0,"enemies":"Mind Bloom Boss Battle","floor":37.0,"turns":10.0},{"damage":45.0,"enemies":"Reptomancer","floor":40.0,"turns":5.0},{"damage":0.0,"enemies":"Nemesis","floor":42.0,"turns":3.0},{"damage":0.0,"enemies":"Sphere and 2 Shapes","floor":45.0,"turns":3.0},{"damage":0.0,"enemies":"2 Orb Walkers","floor":47.0,"turns":6.0},{"damage":0.0,"enemies":"Donu and Deca","floor":50.0,"turns":2.0},{"damage":7.0,"enemies":"Time Eater","floor":51.0,"turns":7.0},{"damage":0.0,"enemies":"Shield and Spear","floor":55.0,"turns":1.0},{"damage":52,"enemies":"The Heart","floor":56,"turns":7}],"seed_played":"4329351575300054417","potions_obtained":[{"floor":7.0,"key":"SkillPotion"},{"floor":8.0,"key":"Fire Potion"},{"floor":12.0,"key":"GamblersBrew"},{"floor":16.0,"key":"Dexterity Potion"},{"floor":18.0,"key":"Strength Potion"},{"floor":29.0,"key":"Energy Potion"},{"floor":30.0,"key":"SkillPotion"},{"floor":37.0,"key":"GamblersBrew"},{"floor":40.0,"key":"Regen Potion"},{"floor":41.0,"key":"FairyPotion"},{"floor":42.0,"key":"Regen Potion"},{"floor":55.0,"key":"Dexterity Potion"}],"is_trial":false,"path_per_floor":["M","?","?","?","$","R","E","M","T","R","E","M","E","M","R","B",null,"M","?","M","M","M","R","$","R","T","E","?","E","M","E","R","B",null,"M","M","?","?","?","E","?","E","T","?","M","R","?","$","R","B","B",null,"R","$","E","B",null],"character_chosen":"THE_SILENT","items_purchased":["Bag of Preparation","Footwork","Backflip","Mummified Hand","Flechettes","Concentrate+1"],"campfire_rested":0,"item_purchase_floors":[24,24,24,48,48,54],"current_hp_per_floor":[59,64,64,64,64,64,64,64,64,64,44,44,26,22,22,47,65,65,65,65,54,46,46,46,46,46,40,40,40,38,38,38,63,69,69,62,68,68,68,23,23,35,35,35,35,35,50,50,50,67,60,65,65,65,65,15],"gold":164,"neow_bonus":"THREE_ENEMY_KILL","is_prod":false,"is_daily":false,"chose_seed":false,"campfire_upgraded":8,"win_rate":0,"timestamp":1553016254,"path_taken":["M","?","?","?","$","R","E","M","T","R","E","M","E","M","R","BOSS","M","?","M","M","M","R","$","R","T","E","?","E","M","E","R","BOSS","M","M","?","?","?","E","?","E","T","?","M","R","?","$","R","BOSS","BOSS","R","$","E","BOSS"],"build_version":"2019-03-15","purchased_purges":3,"victory":true,"max_hp_per_floor":[66,71,64,64,64,64,64,64,64,64,71,71,71,71,71,71,71,71,71,71,71,71,71,71,71,71,71,71,71,71,71,71,71,71,71,71,71,71,71,71,71,71,71,67,67,67,67,67,67,67,67,67,67,67,67,67],"card_choices":[{"not_picked":["PiercingWail","Outmaneuver"],"picked":"Tactician","floor":1.0},{"not_picked":["Quick Slash","Predator"],"picked":"Deadly Poison","floor":7.0},{"not_picked":["Underhanded Strike","Acrobatics"],"picked":"Calculated Gamble","floor":8.0},{"not_picked":["Dash","Poisoned Stab","Tactician"],"picked":"SKIP","floor":11.0},{"not_picked":["Outmaneuver","Quick Slash","Choke"],"picked":"SKIP","floor":12.0},{"not_picked":["Glass Knife","Infinite Blades"],"picked":"Expertise","floor":13.0},{"not_picked":["Dagger Throw","Underhanded Strike","Skewer"],"picked":"SKIP","floor":14.0},{"not_picked":["Leg Sweep+1","Cloak And Dagger"],"picked":"Prepared","floor":18.0},{"not_picked":["All Out Attack","Deflect","Quick Slash+1"],"picked":"SKIP","floor":20.0},{"not_picked":["Dagger Throw","Bane","Blade Dance"],"picked":"SKIP","floor":21.0},{"not_picked":["Tactician+1","Poisoned Stab","Outmaneuver"],"picked":"SKIP","floor":22.0},{"not_picked":["Deadly Poison","Blur+1"],"picked":"Acrobatics","floor":27.0},{"not_picked":["Prepared","Riddle With Holes","Blur"],"picked":"SKIP","floor":29.0},{"not_picked":["Prepared","Riddle With Holes","Blur"],"picked":"SKIP","floor":29.0},{"not_picked":["Adrenaline","Deflect","Heel Hook"],"picked":"SKIP","floor":30.0},{"not_picked":["Prepared","Underhanded Strike","Dagger Spray+1"],"picked":"SKIP","floor":31.0},{"not_picked":["Heel Hook","Dagger Spray","Catalyst"],"picked":"SKIP","floor":35.0},{"not_picked":["Dagger Throw","Backstab+1"],"picked":"Escape Plan","floor":36.0},{"not_picked":["Sucker Punch+1","Outmaneuver"],"picked":"Adrenaline","floor":40.0},{"not_picked":["Sucker Punch+1","Flying Knee","Quick Slash"],"picked":"SKIP","floor":42.0},{"not_picked":["Escape Plan+1","Flying Knee","Sucker Punch+1"],"picked":"SKIP","floor":45.0},{"not_picked":["Dodge and Roll+1","Riddle With Holes","Calculated Gamble+1"],"picked":"SKIP","floor":55.0}],"player_experience":1267201,"relics_obtained":[{"floor":7.0,"key":"Pantograph"},{"floor":9.0,"key":"Mercury Hourglass"},{"floor":11.0,"key":"Strawberry"},{"floor":13.0,"key":"Bag of Marbles"},{"floor":26.0,"key":"Vajra"},{"floor":27.0,"key":"War Paint"},{"floor":31.0,"key":"Lantern"},{"floor":37.0,"key":"StoneCalendar"},{"floor":40.0,"key":"Toxic Egg 2"},{"floor":42.0,"key":"Pen Nib"},{"floor":47.0,"key":"Girya"},{"floor":55.0,"key":"Blue Candle"}],"event_choices":[{"damage_healed":0.0,"max_hp_gain":5.0,"max_hp_loss":0.0,"gold_gain":0.0,"event_name":"Big Fish","player_choice":"Donut","floor":2.0,"gold_loss":0.0,"damage_taken":0.0},{"damage_healed":0.0,"max_hp_gain":0.0,"max_hp_loss":7.0,"gold_gain":0.0,"event_name":"Golden Idol","player_choice":"Lose Max HP","floor":3.0,"gold_loss":0.0,"damage_taken":0.0,"relics_obtained":["Golden Idol"]},{"damage_healed":0.0,"max_hp_gain":0.0,"max_hp_loss":0.0,"gold_gain":0.0,"cards_transformed":["Strike_G"],"event_name":"Living Wall","player_choice":"Change","floor":4.0,"gold_loss":0.0,"damage_taken":0.0,"cards_obtained":["Crippling Poison"]},{"damage_healed":0.0,"max_hp_gain":0.0,"max_hp_loss":0.0,"gold_gain":0.0,"event_name":"Addict","player_choice":"Obtained Relic","floor":19.0,"gold_loss":85.0,"damage_taken":0.0,"relics_obtained":["Juzu Bracelet"]},{"damage_healed":0.0,"max_hp_gain":0.0,"max_hp_loss":0.0,"gold_gain":0.0,"event_name":"Vampires","player_choice":"Ignored","floor":28.0,"gold_loss":0.0,"damage_taken":0.0},{"damage_healed":0.0,"max_hp_gain":0.0,"max_hp_loss":0.0,"gold_gain":0.0,"event_name":"MindBloom","player_choice":"Fight","floor":37.0,"gold_loss":0.0,"damage_taken":0.0},{"cards_removed":["Neutralize"],"damage_healed":0.0,"max_hp_gain":0.0,"max_hp_loss":0.0,"gold_gain":0.0,"event_name":"Falling","player_choice":"Removed Attack","floor":38.0,"gold_loss":0.0,"damage_taken":0.0},{"damage_healed":0.0,"max_hp_gain":0.0,"max_hp_loss":0.0,"gold_gain":0.0,"event_name":"Tomb of Lord Red Mask","player_choice":"Ignored","floor":39.0,"gold_loss":0.0,"damage_taken":0.0},{"damage_healed":0.0,"max_hp_gain":0.0,"max_hp_loss":0.0,"gold_gain":0.0,"event_name":"Lab","player_choice":"Got Potions","floor":41.0,"gold_loss":0.0,"damage_taken":0.0},{"damage_healed":0.0,"max_hp_gain":0.0,"max_hp_loss":4.0,"gold_gain":0.0,"event_name":"Winding Halls","player_choice":"Max HP","floor":44.0,"gold_loss":0.0,"damage_taken":0.0},{"damage_healed":0.0,"max_hp_gain":0.0,"max_hp_loss":0.0,"gold_gain":0.0,"event_name":"Mysterious Sphere","player_choice":"Fight","floor":47.0,"gold_loss":0.0,"damage_taken":0.0}],"is_beta":true,"boss_relics":[{"not_picked":["Fusion Hammer","Coffee Dripper"],"picked":"Empty Cage"},{"not_picked":["Velvet Choker","Lizard Tail"],"picked":"Runic Pyramid"}],"items_purged_floors":[5,24,48],"is_endless":false,"potions_floor_spawned":[7,8,12,13,16,18,29,30,37,40,42,55],"ascension_level":20}