{"gold_per_floor":[10,29,29,40,40,40,74,92,118,153,78,78,103,103,103,179,179,129,42,60,78,90,90,106,106,106,31,31,31,31],"floor_reached":30,"playtime":999,"items_purged":["Strike_G"],"score":476,"play_id":"e6162665-30ac-437b-878c-73ef0bdfae6e","local_time":"20181201015115","is_ascension_mode":true,"campfire_choices":[{"data":"All Out Attack","floor":6.0,"key":"SMITH"},{"data":"Neutralize","floor":12.0,"key":"SMITH"},{"data":"Footwork","floor":15.0,"key":"SMITH"},{"floor":23.0,"key":"REST"}],"neow_cost":"NO_GOLD","seed_source_timestamp":12980346045777,"circlet_count":0,"master_deck":["AscendersBane","Defend_G","Defend_G","Defend_G","Defend_G","Defend_G","Strike_G","Strike_G","Strike_G","Survivor","Neutralize+1","All Out Attack+1","Masterful Stab","Footwork+1","Backflip","Noxious Fumes+1","Escape Plan","Grand Finale","Concentrate","Well Laid Plans","Decay"],"special_seed":0,"relics":["Ring of the Snake","WingedGreaves","Anchor","Snake Skull","Strawberry","Darkstone Periapt","Odd Mushroom","Cursed Key","Ninja Scroll"],"potions_floor_usage":[],"damage_taken":[{"damage":0.0,"enemies":"2 Louse","floor":1.0,"turns":3.0},{"damage":0.0,"enemies":"Jaw Worm","floor":2.0,"turns":4.0},{"damage":0.0,"enemies":"Cultist","floor":4.0,"turns":3.0},{"damage":17.0,"enemies":"3 Sentries","floor":7.0,"turns":7.0},{"damage":5.0,"enemies":"Large Slime","floor":8.0,"turns":5.0},{"damage":16.0,"enemies":"Gremlin Nob","floor":10.0,"turns":4.0},{"damage":1.0,"enemies":"The Mushroom Lair","floor":13.0,"turns":3.0},{"damage":8.0,"enemies":"Hexaghost","floor":16.0,"turns":10.0},{"damage":10.0,"enemies":"2 Thieves","floor":18.0,"turns":5.0},{"damage":13.0,"enemies":"3 Byrds","floor":20.0,"turns":4.0},{"damage":18.0,"enemies":"Shelled Parasite and Fungi","floor":21.0,"turns":6.0},{"damage":6.0,"enemies":"3 Cultists","floor":22.0,"turns":5.0},{"damage":6.0,"enemies":"Snake Plant","floor":24.0,"turns":6.0},{"damage":29,"enemies":"Book of Stabbing","floor":30,"turns":5}],"seed_played":"-8283954340204693639","potions_obtained":[{"floor":2.0,"key":"Weak Potion"},{"floor":4.0,"key":"Energy Potion"},{"floor":8.0,"key":"AttackPotion"},{"floor":16.0,"key":"FearPotion"},{"floor":18.0,"key":"FearPotion"},{"floor":22.0,"key":"AttackPotion"}],"is_trial":false,"path_per_floor":["M","M","?","M","$","R","E","M","T","E","?","R","?","?","R","B",null,"M","$","M","M","M","R","M","?","T","$","?","$","E"],"character_chosen":"THE_SILENT","items_purchased":["Well Laid Plans"],"campfire_rested":1,"item_purchase_floors":[19],"current_hp_per_floor":[59,59,41,41,41,41,24,19,26,10,10,10,9,9,9,1,55,45,45,32,14,8,29,23,23,23,23,29,29,0],"gold":31,"neow_bonus":"ONE_RARE_RELIC","is_prod":false,"is_daily":false,"chose_seed":false,"campfire_upgraded":3,"win_rate":0,"timestamp":1543600275,"path_taken":["M","M","?","M","$","R","E","M","T","E","?","R","?","?","R","BOSS","M","$","M","?","M","R","M","?","T","?","?","?","E"],"build_version":"2018-11-15","purchased_purges":1,"victory":false,"max_hp_per_floor":[66,66,66,66,66,66,66,66,73,73,73,73,73,73,73,73,73,73,73,73,73,73,73,73,73,73,73,79,79,79],"card_choices":[{"not_picked":["Blade Dance","Tactician"],"picked":"All Out Attack","floor":1.0},{"not_picked":["Acrobatics","Cloak And Dagger"],"picked":"Masterful Stab","floor":2.0},{"not_picked":["Heel Hook","Choke","Eviscerate"],"picked":"SKIP","floor":4.0},{"not_picked":["Flechettes","Acrobatics"],"picked":"Footwork","floor":7.0},{"not_picked":["Setup","Dagger Spray"],"picked":"Backflip","floor":8.0},{"not_picked":["Reflex","Deadly Poison"],"picked":"Noxious Fumes","floor":10.0},{"not_picked":["Quick Slash","Slice"],"picked":"Escape Plan","floor":13.0},{"not_picked":["Tools of the Trade","Storm of Steel"],"picked":"Grand Finale","floor":16.0},{"not_picked":["Quick Slash","Underhanded Strike"],"picked":"Concentrate","floor":18.0},{"not_picked":["Dodge and Roll+1","Infinite Blades+1","Caltrops"],"picked":"SKIP","floor":20.0},{"not_picked":["Sucker Punch","Bane","Noxious Fumes"],"picked":"SKIP","floor":21.0},{"not_picked":["Outmaneuver","Slice","Deflect"],"picked":"SKIP","floor":22.0},{"not_picked":["Slice","Sucker Punch","Well Laid Plans"],"picked":"SKIP","floor":24.0}],"player_experience":2226686,"relics_obtained":[{"floor":7.0,"key":"Snake Skull"},{"floor":9.0,"key":"Strawberry"},{"floor":10.0,"key":"Darkstone Periapt"},{"floor":13.0,"key":"Odd Mushroom"}],"event_choices":[{"damage_healed":0.0,"max_hp_gain":0.0,"max_hp_loss":0.0,"gold_gain":0.0,"event_name":"Scrap Ooze","player_choice":"Success","floor":3.0,"gold_loss":0.0,"damage_taken":18.0,"relics_obtained":["Anchor"]},{"cards_removed":["Strike_G"],"damage_healed":0.0,"max_hp_gain":0.0,"max_hp_loss":0.0,"gold_gain":0.0,"event_name":"The Cleric","player_choice":"Card Removal","floor":11.0,"gold_loss":75.0,"damage_taken":0.0},{"damage_healed":0.0,"max_hp_gain":0.0,"max_hp_loss":0.0,"gold_gain":0.0,"event_name":"Mushrooms","player_choice":"Fought Mushrooms","floor":13.0,"gold_loss":0.0,"damage_taken":0.0},{"damage_healed":0.0,"max_hp_gain":0.0,"max_hp_loss":0.0,"gold_gain":0.0,"event_name":"Accursed Blacksmith","player_choice":"Forge","floor":14.0,"gold_loss":0.0,"damage_taken":0.0,"cards_upgraded":["Noxious Fumes"]},{"damage_healed":0.0,"max_hp_gain":0.0,"max_hp_loss":0.0,"gold_gain":0.0,"event_name":"WeMeetAgain","player_choice":"Gave Potion","floor":25.0,"gold_loss":0.0,"damage_taken":0.0,"relics_obtained":["Ninja Scroll"]},{"damage_healed":0,"gold_gain":0,"player_choice":"Smashed Altar","damage_taken":0,"max_hp_gain":0,"max_hp_loss":0,"event_name":"Forgotten Altar","floor":28,"gold_loss":0,"cards_obtained":["Decay"]}],"is_beta":false,"boss_relics":[{"not_picked":["Orrery","White Beast Statue"],"picked":"Cursed Key"}],"items_purged_floors":[27],"is_endless":false,"potions_floor_spawned":[2,4,7,8,16,18,22],"killed_by":"Book of Stabbing","ascension_level":20}