{"gold_per_floor":[109,184,6,6,6,6,41,41,95,110,142,61,61,88,88,163,163,181,181,251,195,206,232,282,308,308,336,349,379,455,505,505,578,578,590,685,701,339,349,349,359,359,359,373,69,88,121,138,138,138,138],"floor_reached":52,"playtime":2396,"items_purged":["Clumsy"],"score":2102,"play_id":"954188f0-f599-4b1a-9de7-0ed5d0c234e6","local_time":"20181026135158","daily_mods":["SealedDeck"],"is_ascension_mode":true,"campfire_choices":[{"data":"Go for the Eyes","floor":6.0,"key":"SMITH"},{"data":"Defragment","floor":8.0,"key":"SMITH"},{"data":"Beam Cell","floor":13.0,"key":"SMITH"},{"data":"Self Repair","floor":15.0,"key":"SMITH"},{"floor":32,"key":"REST"},{"data":"Force Field","floor":40,"key":"SMITH"},{"data":"Thunder Strike","floor":42,"key":"SMITH"},{"data":"Capacitor","floor":49,"key":"SMITH"}],"neow_cost":"","seed_source_timestamp":0,"circlet_count":0,"master_deck":["AscendersBane","Sweeping Beam","Leap+1","Steam","Capacitor+1","Ball Lightning","Ball Lightning","Glacier+1","Defragment+1","Go for the Eyes+1","Cold Snap","Beam Cell+1","Core Surge","Self Repair+1","Electrodynamics","Force Field+1","Thunder Strike+1"],"special_seed":0,"relics":["Cracked Core","Omamori","Lantern","War Paint","Darkstone Periapt","Velvet Choker","SsserpentHead","Kunai","Blue Candle","Gremlin Horn","Unceasing Top","FossilizedHelix","Juzu Bracelet","Calling Bell","Boot","Sundial","Pocketwatch","Girya","Ornamental Fan","Nunchaku","Lee\u0027s Waffle","Dream Catcher"],"potions_floor_usage":[25,33,36,50,50],"damage_taken":[{"damage":0.0,"enemies":"Small Slimes","floor":1.0,"turns":3.0},{"damage":8.0,"enemies":"3 Sentries","floor":7.0,"turns":6.0},{"damage":0.0,"enemies":"2 Louse","floor":10.0,"turns":3.0},{"damage":0.0,"enemies":"Lagavulin","floor":11.0,"turns":5.0},{"damage":1.0,"enemies":"Gremlin Nob","floor":14.0,"turns":3.0},{"damage":10.0,"enemies":"Slime Boss","floor":16.0,"turns":7.0},{"damage":2.0,"enemies":"Shell Parasite","floor":18.0,"turns":4.0},{"damage":0.0,"enemies":"Spheric Guardian","floor":20.0,"turns":4.0},{"damage":4.0,"enemies":"Centurion and Healer","floor":22.0,"turns":5.0},{"damage":16.0,"enemies":"Book of Stabbing","floor":23.0,"turns":5.0},{"damage":7,"enemies":"Gremlin Leader","floor":25,"turns":4},{"damage":33,"enemies":"Slavers","floor":27,"turns":6},{"damage":9,"enemies":"Shelled Parasite and Fungi","floor":28,"turns":4},{"damage":1,"enemies":"Gremlin Leader","floor":29,"turns":5},{"damage":21,"enemies":"Collector","floor":33,"turns":6},{"damage":6,"enemies":"Orb Walker","floor":35,"turns":4},{"damage":3,"enemies":"2 Orb Walkers","floor":36,"turns":4},{"damage":0,"enemies":"3 Shapes","floor":37,"turns":4},{"damage":0,"enemies":"Transient","floor":39,"turns":6},{"damage":0,"enemies":"Maw","floor":41,"turns":6},{"damage":0,"enemies":"Writhing Mass","floor":44,"turns":6},{"damage":13,"enemies":"Sphere and 2 Shapes","floor":46,"turns":4},{"damage":21,"enemies":"Reptomancer","floor":47,"turns":7},{"damage":12,"enemies":"Spire Growth","floor":48,"turns":6},{"damage":0,"enemies":"Awakened One","floor":50,"turns":14},{"damage":72,"enemies":"Donu and Deca","floor":51,"turns":14}],"seed_played":"-1590479600878980483","potions_obtained":[{"floor":7.0,"key":"LiquidBronze"},{"floor":14.0,"key":"Fruit Juice"},{"floor":23.0,"key":"FocusPotion"},{"floor":29,"key":"FearPotion"},{"floor":33,"key":"Swift Potion"},{"floor":36,"key":"Weak Potion"},{"floor":41,"key":"FocusPotion"}],"is_trial":true,"path_per_floor":["M","?","$","?","$","R","E","R","T","M","E","$","R","E","R","B",null,"M","?","M","$","M","E","?","E","T","E","M","E","T","?","R","B",null,"M","?","M","$","M","R","M","R","T","M","$","M","E","M","R","B","B"],"character_chosen":"DEFECT","items_purchased":["Core Surge","Self Repair","PowerPotion","Ornamental Fan","Lee\u0027s Waffle","Regen Potion"],"campfire_rested":1,"item_purchase_floors":[3,12,21,38,45,45],"current_hp_per_floor":[64,53,53,53,53,53,45,45,45,45,45,45,45,56,56,56,71,76,76,76,76,76,70,70,73,73,50,51,60,60,38,62,51,80,84,81,87,87,87,87,87,87,87,87,94,91,80,78,78,94,32],"gold":138,"neow_bonus":"","is_prod":false,"is_daily":false,"chose_seed":false,"campfire_upgraded":7,"win_rate":0,"timestamp":1540587118,"path_taken":["M","?","$","?","?","R","E","R","T","?","E","?","R","E","R","BOSS","M","?","?","$","M","E","?","E","T","E","M","E","?","?","R","BOSS","M","?","M","$","M","R","M","R","T","M","$","M","E","M","R","BOSS","BOSS"],"build_version":"2018-10-25v2","purchased_purges":1,"victory":true,"max_hp_per_floor":[71,71,71,71,71,71,71,71,71,71,71,71,71,76,76,76,76,76,76,76,76,76,76,76,76,76,76,76,76,76,81,81,81,87,87,87,87,87,87,87,87,87,87,87,94,94,94,94,94,94,94],"card_choices":[{"not_picked":["Sweeping Beam","Fusion"],"picked":"Beam Cell","floor":1.0},{"not_picked":["Recycle","Darkness","Steam Power"],"picked":"SKIP","floor":7.0},{"not_picked":["BootSequence","Doom and Gloom","Rip and Tear"],"picked":"SKIP","floor":10.0},{"not_picked":["Glacier","Heatsinks","Go for the Eyes"],"picked":"SKIP","floor":11.0},{"not_picked":["Stack","Redo","Hello World"],"picked":"SKIP","floor":14.0},{"not_picked":["Hologram","Coolheaded","Conserve Battery"],"picked":"SKIP","floor":18.0},{"not_picked":["Redo","Reprogram","Ball Lightning"],"picked":"SKIP","floor":20.0},{"not_picked":["Undo","Rebound","Beam Cell"],"picked":"SKIP","floor":22.0},{"not_picked":["Chaos","Leap+1","Compile Driver"],"picked":"SKIP","floor":23.0},{"not_picked":["Conserve Battery","Streamline","Ball Lightning"],"picked":"SKIP","floor":25},{"not_picked":["Reboot","Barrage"],"picked":"Electrodynamics","floor":27},{"not_picked":["Beam Cell+1","Compile Driver","Cold Snap+1"],"picked":"SKIP","floor":28},{"not_picked":["Creative AI","Doom and Gloom+1"],"picked":"Force Field","floor":29},{"not_picked":["Amplify","Rainbow"],"picked":"Thunder Strike","floor":33},{"not_picked":["Beam Cell+1","Conserve Battery","Gash"],"picked":"SKIP","floor":35},{"not_picked":["Beam Cell+1","Compile Driver","Heatsinks"],"picked":"SKIP","floor":37},{"not_picked":["Coolheaded","Stack","Steam"],"picked":"SKIP","floor":39},{"not_picked":["Leap","Beam Cell","Compile Driver"],"picked":"SKIP","floor":41},{"not_picked":["Creative AI","Genetic Algorithm","White Noise+1"],"picked":"SKIP","floor":44},{"not_picked":["Loop","Hologram+1","Cold Snap+1"],"picked":"SKIP","floor":46},{"not_picked":["Beam Cell","Tempest","Streamline"],"picked":"SKIP","floor":47},{"not_picked":["Conserve Battery","Compile Driver+1","Genetic Algorithm"],"picked":"SKIP","floor":48}],"player_experience":1483277,"relics_obtained":[{"floor":7.0,"key":"Omamori"},{"floor":9.0,"key":"Lantern"},{"floor":11.0,"key":"War Paint"},{"floor":14.0,"key":"Darkstone Periapt"},{"floor":23.0,"key":"Kunai"},{"floor":25,"key":"Blue Candle"},{"floor":26,"key":"Gremlin Horn"},{"floor":27,"key":"Unceasing Top"},{"floor":29,"key":"FossilizedHelix"},{"floor":30,"key":"Juzu Bracelet"},{"floor":34,"key":"Boot"},{"floor":34,"key":"Sundial"},{"floor":34,"key":"Pocketwatch"},{"floor":36,"key":"Girya"},{"floor":43,"key":"Nunchaku"},{"floor":47,"key":"Dream Catcher"}],"event_choices":[{"damage_healed":0.0,"max_hp_gain":0.0,"max_hp_loss":0.0,"gold_gain":75.0,"event_name":"World of Goop","player_choice":"Gather Gold","floor":2.0,"gold_loss":0.0,"damage_taken":11.0},{"damage_healed":0.0,"max_hp_gain":0.0,"max_hp_loss":0.0,"gold_gain":0.0,"event_name":"Golden Idol","player_choice":"Ignored","floor":4.0,"gold_loss":0.0,"damage_taken":0.0},{"damage_healed":0.0,"max_hp_gain":0.0,"max_hp_loss":0.0,"gold_gain":0.0,"event_name":"FaceTrader","player_choice":"Trade","floor":19.0,"gold_loss":0.0,"damage_taken":0.0,"relics_obtained":["SsserpentHead"]},{"damage_healed":0,"gold_gain":0,"player_choice":"Ignored","damage_taken":0,"max_hp_gain":0,"max_hp_loss":0,"event_name":"Beggar","floor":24,"gold_loss":0},{"damage_healed":0,"gold_gain":0,"player_choice":"Shed Blood","damage_taken":27,"max_hp_gain":5,"max_hp_loss":0,"event_name":"Forgotten Altar","floor":31,"gold_loss":0},{"damage_healed":0,"gold_gain":0,"player_choice":"Fight","damage_taken":0,"max_hp_gain":0,"max_hp_loss":0,"event_name":"Mysterious Sphere","floor":36,"gold_loss":0}],"is_beta":false,"boss_relics":[{"not_picked":["FrozenCore","Eternal Feather"],"picked":"Velvet Choker"},{"not_picked":["Runic Pyramid","Orrery"],"picked":"Calling Bell"}],"items_purged_floors":[38],"is_endless":false,"potions_floor_spawned":[7,14,23,29,33,35,36,41,44,48],"ascension_level":20}