{"gold_per_floor":[419,419,439,452,452,452,452,465,465,465,481,132,182,2,2,77,77,93,103,103,115,16,16,16,16,71,71,21,21,35,52,52,123,123,133,133,143,24,39,69,69,88,113,138,9,9,9,43,43,43,43,43,43,11,43,43],"floor_reached":57,"playtime":4182,"items_purged":["Doubt","Strike_G","Parasite"],"score":2881,"play_id":"1d5ca487-91b4-4cbb-9222-5191667b56c3","local_time":"20190409171904","is_ascension_mode":true,"campfire_choices":[{"data":"Neutralize","floor":6.0,"key":"SMITH"},{"data":"Concentrate","floor":10.0,"key":"SMITH"},{"data":"Cloak And Dagger","floor":15.0,"key":"SMITH"},{"floor":23.0,"key":"REST"},{"floor":27.0,"key":"REST"},{"floor":32.0,"key":"REST"},{"data":"Apotheosis","floor":41.0,"key":"SMITH"},{"floor":47.0,"key":"REST"},{"floor":49.0,"key":"RECALL"},{"data":"Well Laid Plans","floor":53.0,"key":"SMITH"}],"neow_cost":"NONE","seed_source_timestamp":0,"circlet_count":0,"master_deck":["AscendersBane","Defend_G","Defend_G","Defend_G","Defend_G","Defend_G","Strike_G","Strike_G","Survivor","Neutralize+1","Dash","Infinite Blades","Concentrate+1","Panache","Cloak And Dagger+1","Cloak And Dagger","Buffer","Rage","Carnage+1","Apotheosis+1","Acrobatics","Expertise","Necronomicurse","Burning Pact","Prepared+1","Well Laid Plans+1","Hologram","Meteor Strike","Coolheaded","Dual Wield+1","Calculated Gamble","Body Slam+1","Discovery","Expertise","Burning Pact"],"special_seed":0,"relics":["Calling Bell","Boot","The Courier","Old Coin","Tough Bandages","Mercury Hourglass","Membership Card","Tiny Chest","PrismaticShard","Oddly Smooth Stone","Empty Cage","Regal Pillow","Necronomicon","Orrery","Lee\u0027s Waffle","Gremlin Horn","Nunchaku","Happy Flower","Mummified Hand","Bag of Preparation"],"potions_floor_usage":[56,56],"damage_taken":[{"damage":11.0,"enemies":"Jaw Worm","floor":1.0,"turns":6.0},{"damage":1.0,"enemies":"2 Louse","floor":3.0,"turns":4.0},{"damage":8.0,"enemies":"Small Slimes","floor":4.0,"turns":4.0},{"damage":6.0,"enemies":"Blue Slaver","floor":8.0,"turns":5.0},{"damage":2.0,"enemies":"Exordium Thugs","floor":11.0,"turns":5.0},{"damage":14.0,"enemies":"Slime Boss","floor":16.0,"turns":9.0},{"damage":7.0,"enemies":"Shell Parasite","floor":18.0,"turns":8.0},{"damage":23.0,"enemies":"Spheric Guardian","floor":19.0,"turns":8.0},{"damage":20.0,"enemies":"Cultist and Chosen","floor":21.0,"turns":7.0},{"damage":0.0,"enemies":"Centurion and Healer","floor":30.0,"turns":6.0},{"damage":31.0,"enemies":"Shelled Parasite and Fungi","floor":31.0,"turns":4.0},{"damage":14.0,"enemies":"Champ","floor":33.0,"turns":12.0},{"damage":23.0,"enemies":"3 Darklings","floor":35.0,"turns":4.0},{"damage":12.0,"enemies":"3 Shapes","floor":37.0,"turns":5.0},{"damage":14.0,"enemies":"Sphere and 2 Shapes","floor":39.0,"turns":7.0},{"damage":0.0,"enemies":"Reptomancer","floor":40.0,"turns":5.0},{"damage":16.0,"enemies":"Writhing Mass","floor":42.0,"turns":6.0},{"damage":0.0,"enemies":"Giant Head","floor":44.0,"turns":7.0},{"damage":6.0,"enemies":"Reptomancer","floor":48.0,"turns":5.0},{"damage":46.0,"enemies":"Time Eater","floor":50.0,"turns":13.0},{"damage":0.0,"enemies":"Awakened One","floor":51.0,"turns":9.0},{"damage":12.0,"enemies":"Shield and Spear","floor":55.0,"turns":5.0},{"damage":42,"enemies":"The Heart","floor":56,"turns":9}],"seed_played":"4957372791800188877","potions_obtained":[{"floor":4.0,"key":"SkillPotion"},{"floor":18.0,"key":"Fire Potion"},{"floor":20.0,"key":"Fruit Juice"},{"floor":20.0,"key":"Dexterity Potion"},{"floor":30.0,"key":"Ancient Potion"},{"floor":31.0,"key":"Weak Potion"},{"floor":35.0,"key":"LiquidBronze"},{"floor":39.0,"key":"SkillPotion"},{"floor":40.0,"key":"FearPotion"}],"is_trial":false,"path_per_floor":["M","?","M","M","?","R","?","M","T","R","M","$","?","$","R","B",null,"M","M","?","M","$","R","$","?","T","R","$","?","M","M","R","B",null,"M","?","M","$","M","E","R","M","T","E","$","?","R","E","R","B","B",null,"R","$","E","B",null],"character_chosen":"THE_SILENT","items_purchased":["Membership Card","Tiny Chest","Panache","AttackPotion","PrismaticShard","Cloak And Dagger","Cloak And Dagger","Oddly Smooth Stone","Apotheosis","Acrobatics","Lee\u0027s Waffle","Calculated Gamble","Happy Flower","Expertise"],"campfire_rested":4,"item_purchase_floors":[12,12,12,12,14,14,14,14,22,22,38,38,45,54],"current_hp_per_floor":[48,48,47,39,28,28,28,22,22,22,20,20,20,20,20,6,51,44,21,26,6,6,27,27,27,27,63,63,42,42,11,47,33,62,39,39,27,78,64,64,64,48,48,48,48,38,75,69,69,23,23,62,62,62,50,8],"gold":43,"neow_bonus":"BOSS_RELIC","is_prod":false,"is_daily":false,"chose_seed":true,"campfire_upgraded":5,"win_rate":0,"timestamp":1554801544,"path_taken":["M","?","M","M","?","R","?","M","T","R","M","$","?","$","R","BOSS","M","M","?","?","$","R","$","?","T","R","?","?","M","M","R","BOSS","M","?","M","$","M","E","R","M","T","E","?","?","R","E","R","BOSS","BOSS","R","$","E","BOSS"],"build_version":"2019-04-04","purchased_purges":3,"victory":true,"max_hp_per_floor":[66,66,66,66,66,66,66,66,66,66,66,66,66,66,66,66,66,66,66,71,71,71,71,71,71,71,71,71,71,71,71,71,71,71,71,71,71,78,78,78,78,78,78,78,75,75,75,75,75,75,75,75,75,75,75,75],"card_choices":[{"not_picked":["Well Laid Plans","Poisoned Stab"],"picked":"Dash","floor":1.0},{"not_picked":["Sucker Punch","All Out Attack"],"picked":"Infinite Blades","floor":3.0},{"not_picked":["Slice","Prepared","PiercingWail"],"picked":"SKIP","floor":4.0},{"not_picked":["Underhanded Strike","Cloak And Dagger"],"picked":"Concentrate","floor":8.0},{"not_picked":["Blade Dance","Distraction","Sucker Punch"],"picked":"SKIP","floor":11.0},{"not_picked":["Thunder Strike","Mayhem"],"picked":"Buffer","floor":16.0},{"not_picked":["Cleave+1","Underhanded Strike","Entrench"],"picked":"SKIP","floor":18.0},{"not_picked":["Hemokinesis","Compile Driver"],"picked":"Rage","floor":19.0},{"not_picked":["Coolheaded","Mind Blast"],"picked":"Carnage+1","floor":21.0},{"not_picked":["Compile Driver","Headbutt","Deadly Poison"],"picked":"SKIP","floor":30.0},{"not_picked":["Compile Driver","Headbutt","Deadly Poison"],"picked":"SKIP","floor":30.0},{"not_picked":["Anger","Barrage"],"picked":"Burning Pact","floor":31.0},{"not_picked":["Inflame","Backflip"],"picked":"Prepared+1","floor":34.0},{"not_picked":["Conserve Battery","Sunder"],"picked":"Well Laid Plans","floor":34.0},{"not_picked":["Underhanded Strike","Chill"],"picked":"Hologram","floor":34.0},{"not_picked":["Go for the Eyes","Pommel Strike"],"picked":"Meteor Strike","floor":34.0},{"not_picked":["Ball Lightning","Flex+1"],"picked":"Coolheaded","floor":35.0},{"not_picked":["Bane+1","Beam Cell+1"],"picked":"Dual Wield+1","floor":37.0},{"not_picked":["Dodge and Roll","Sunder","BootSequence"],"picked":"SKIP","floor":39.0},{"not_picked":["Bane+1","Fire Breathing","Twin Strike+1"],"picked":"SKIP","floor":40.0},{"not_picked":["Tempest+1","Sweeping Beam","Redo"],"picked":"SKIP","floor":42.0},{"not_picked":["Force Field","Cleave"],"picked":"Body Slam+1","floor":44.0},{"not_picked":["Bandage Up","Jack Of All Trades"],"picked":"Discovery","floor":46.0},{"not_picked":["Sword Boomerang+1","Choke+1","Bane"],"picked":"SKIP","floor":48.0},{"not_picked":["Carnage","Perfected Strike"],"picked":"Burning Pact","floor":55.0}],"player_experience":1370378,"relics_obtained":[{"floor":0.0,"key":"Boot"},{"floor":0.0,"key":"The Courier"},{"floor":0.0,"key":"Old Coin"},{"floor":9.0,"key":"Mercury Hourglass"},{"floor":26.0,"key":"Regal Pillow"},{"floor":29.0,"key":"Necronomicon"},{"floor":40.0,"key":"Gremlin Horn"},{"floor":44.0,"key":"Nunchaku"},{"floor":48.0,"key":"Mummified Hand"},{"floor":55.0,"key":"Bag of Preparation"}],"event_choices":[{"damage_healed":0.0,"max_hp_gain":0.0,"max_hp_loss":0.0,"gold_gain":0.0,"event_name":"Shining Light","player_choice":"Ignored","floor":2.0,"gold_loss":0.0,"damage_taken":0.0},{"damage_healed":0.0,"max_hp_gain":0.0,"max_hp_loss":0.0,"gold_gain":0.0,"event_name":"Scrap Ooze","player_choice":"Success","floor":5.0,"gold_loss":0.0,"damage_taken":11.0,"relics_obtained":["Tough Bandages"]},{"cards_removed":["Pain"],"damage_healed":0.0,"max_hp_gain":0.0,"max_hp_loss":0.0,"gold_gain":0.0,"event_name":"Living Wall","player_choice":"Forget","floor":7.0,"gold_loss":0.0,"damage_taken":0.0},{"damage_healed":0.0,"max_hp_gain":0.0,"max_hp_loss":0.0,"gold_gain":50.0,"event_name":"Golden Wing","player_choice":"Gained Gold","floor":13.0,"gold_loss":0.0,"damage_taken":0.0},{"damage_healed":0.0,"max_hp_gain":0.0,"max_hp_loss":0.0,"gold_gain":0.0,"event_name":"Lab","player_choice":"Got Potions","floor":20.0,"gold_loss":0.0,"damage_taken":0.0},{"damage_healed":0.0,"max_hp_gain":0.0,"max_hp_loss":0.0,"gold_gain":0.0,"event_name":"The Library","player_choice":"Read","floor":25.0,"gold_loss":0.0,"damage_taken":0.0,"cards_obtained":["Expertise"]},{"damage_healed":0.0,"max_hp_gain":0.0,"max_hp_loss":0.0,"gold_gain":0.0,"event_name":"Cursed Tome","player_choice":"Obtained Book","floor":29.0,"gold_loss":0.0,"damage_taken":21.0},{"cards_removed":["Clumsy"],"damage_healed":0.0,"max_hp_gain":0.0,"max_hp_loss":0.0,"gold_gain":0.0,"event_name":"Fountain of Cleansing","player_choice":"Removed Curses","floor":36.0,"gold_loss":0.0,"damage_taken":0.0},{"damage_healed":0.0,"max_hp_gain":0.0,"max_hp_loss":0.0,"gold_gain":0.0,"event_name":"SensoryStone","player_choice":"Memory 3","floor":46.0,"gold_loss":0.0,"damage_taken":10.0}],"is_beta":true,"boss_relics":[{"not_picked":["Fusion Hammer","Coffee Dripper"],"picked":"Empty Cage"},{"not_picked":["HoveringKite","Sozu"],"picked":"Orrery"}],"items_purged_floors":[12,28,45],"is_endless":false,"potions_floor_spawned":[4,18,30,31,35,39,40,55],"ascension_level":20}