{"gold_per_floor":[113,128,145,157,157,191,191,221,221,256,20,39,39,39,39,141,141,160,160,174,185,185,185],"floor_reached":23,"playtime":3622,"items_purged":["Regret"],"score":222,"play_id":"2ae1432f-da73-4a23-bdd2-99129b97a43a","local_time":"20190113163219","is_ascension_mode":true,"campfire_choices":[{"data":"Static Discharge","floor":13,"key":"SMITH"},{"floor":15,"key":"REST"}],"neow_cost":"NONE","seed_source_timestamp":12033676487438,"circlet_count":0,"master_deck":["Strike_B","Strike_B","Strike_B","Strike_B","Defend_B","Defend_B","Defend_B","Defend_B","Zap","Dualcast","Chaos","Gash","Cold Snap","Coolheaded","Loop","Thunder Strike","Static Discharge+1","Ball Lightning","Electrodynamics","Compile Driver+1","Storm","Stack+1","Capacitor","RitualDagger"],"relics":["Cracked Core","Prayer Wheel","Ancient Tea Set","Nunchaku","Sundial","PreservedInsect","Membership Card","Busted Crown","MutagenicStrength"],"potions_floor_usage":[6,8,16,16,23],"damage_taken":[{"damage":2,"enemies":"2 Louse","floor":1,"turns":3},{"damage":2,"enemies":"Small Slimes","floor":2,"turns":4},{"damage":1,"enemies":"Jaw Worm","floor":3,"turns":3},{"damage":2,"enemies":"Blue Slaver","floor":4,"turns":4},{"damage":16,"enemies":"3 Sentries","floor":6,"turns":9},{"damage":36,"enemies":"Lagavulin","floor":8,"turns":9},{"damage":31,"enemies":"3 Sentries","floor":10,"turns":13},{"damage":0,"enemies":"Looter","floor":12,"turns":4},{"damage":5,"enemies":"Hexaghost","floor":16,"turns":9},{"damage":20,"enemies":"2 Thieves","floor":18,"turns":2},{"damage":0,"enemies":"Spheric Guardian","floor":20,"turns":3},{"damage":16,"enemies":"Centurion and Healer","floor":21,"turns":4},{"damage":49,"enemies":"Slavers","floor":23,"turns":3}],"seed_played":"4797446111543704829","potions_obtained":[{"floor":1,"key":"Regen Potion"},{"floor":2,"key":"EssenceOfSteel"},{"floor":4,"key":"FearPotion"},{"floor":12,"key":"SkillPotion"},{"floor":18,"key":"FearPotion"}],"is_trial":false,"path_per_floor":["M","M","M","M","?","E","?","E","T","E","$","M","R","?","R","B",null,"M","?","M","M","?","E"],"character_chosen":"DEFECT","items_purchased":["Membership Card"],"campfire_rested":1,"item_purchase_floors":[11],"current_hp_per_floor":[80,78,77,75,75,59,59,38,38,7,7,7,7,7,31,26,82,62,62,62,46,40,0],"gold":185,"neow_bonus":"TEN_PERCENT_HP_BONUS","is_prod":false,"is_daily":false,"chose_seed":false,"campfire_upgraded":1,"win_rate":0,"timestamp":1547404339,"path_taken":["M","M","M","M","?","E","?","E","T","E","$","M","R","?","R","BOSS","M","?","M","M","?","E"],"build_version":"2019-01-03v4","purchased_purges":1,"victory":false,"max_hp_per_floor":[82,82,82,82,82,82,82,82,82,82,82,82,82,82,82,82,82,82,82,82,82,82,82],"card_choices":[{"not_picked":["Reprogram","Rebound"],"picked":"Chaos","floor":1},{"not_picked":["Steam Power","Stack"],"picked":"Gash","floor":2},{"not_picked":["Go for the Eyes","Compile Driver"],"picked":"Cold Snap","floor":3},{"not_picked":["Streamline","White Noise"],"picked":"Coolheaded","floor":4},{"not_picked":["Steam Power","Stack"],"picked":"Loop","floor":6},{"not_picked":["Hello World","Leap"],"picked":"Thunder Strike","floor":8},{"not_picked":["Glacier","Coolheaded"],"picked":"Static Discharge","floor":10},{"not_picked":["Go for the Eyes","Beam Cell"],"picked":"Ball Lightning","floor":12},{"not_picked":["Turbo","Fusion","Scrape"],"picked":"SKIP","floor":12},{"not_picked":["Biased Cognition","Seek"],"picked":"Electrodynamics","floor":16},{"not_picked":[],"picked":"Compile Driver+1","floor":18},{"not_picked":[],"picked":"Storm","floor":18},{"not_picked":[],"picked":"Stack+1","floor":20},{"not_picked":[],"picked":"Capacitor","floor":20},{"not_picked":["Undo"],"picked":"SKIP","floor":21},{"not_picked":["Hologram"],"picked":"SKIP","floor":21}],"player_experience":79728,"relics_obtained":[{"floor":6,"key":"Ancient Tea Set"},{"floor":8,"key":"Nunchaku"},{"floor":9,"key":"Sundial"},{"floor":10,"key":"PreservedInsect"}],"event_choices":[{"damage_healed":0,"gold_gain":0,"player_choice":"Box","damage_taken":0,"relics_obtained":["Prayer Wheel"],"max_hp_gain":0,"max_hp_loss":0,"event_name":"Big Fish","floor":5,"gold_loss":0,"cards_obtained":["Regret"]},{"damage_healed":0,"gold_gain":0,"player_choice":"Ignored","damage_taken":0,"max_hp_gain":0,"max_hp_loss":0,"event_name":"Liars Game","floor":7,"gold_loss":0},{"damage_healed":0,"gold_gain":0,"player_choice":"Ignored","damage_taken":0,"max_hp_gain":0,"max_hp_loss":0,"event_name":"Golden Wing","floor":14,"gold_loss":0},{"damage_healed":0,"gold_gain":0,"player_choice":"Inject Mutagens","damage_taken":0,"relics_obtained":["MutagenicStrength"],"max_hp_gain":0,"max_hp_loss":0,"event_name":"Drug Dealer","floor":19,"gold_loss":0},{"damage_healed":0,"gold_gain":0,"player_choice":"Joined the Cult","damage_taken":6,"max_hp_gain":0,"max_hp_loss":0,"event_name":"Nest","floor":22,"gold_loss":0,"cards_obtained":["RitualDagger"]}],"is_beta":false,"boss_relics":[{"not_picked":["Fusion Hammer","FrozenCore"],"picked":"Busted Crown"}],"items_purged_floors":[11],"is_endless":false,"potions_floor_spawned":[1,2,4,12,18],"killed_by":"Slavers","ascension_level":1}