{"gold_per_floor":[212,257,257,12,31,31,58,75,151,151,165,195,206,206,206,280,280,295,315,240,258,269,294,294,194,248,259,293,293,310,113,113,185,185,195,207,221,221,231,231,231,231,285,285,298,314,39,74,74,74],"floor_reached":51,"playtime":3552,"items_purged":["Strike_R","Strike_R","Strike_R"],"score":1238,"play_id":"5ee30655-4f3d-4fd4-8625-4451f2f116f8","local_time":"20180722090429","is_ascension_mode":true,"campfire_choices":[{"data":"True Grit","floor":6.0,"key":"SMITH"},{"data":"Reckless Charge","floor":10.0,"key":"SMITH"},{"data":"Rampage","floor":15.0,"key":"SMITH"},{"floor":24.0,"key":"REST"},{"floor":29.0,"key":"REST"},{"data":"Demon Form","floor":32.0,"key":"SMITH"},{"data":"True Grit","floor":40.0,"key":"SMITH"},{"data":"True Grit","floor":42.0,"key":"SMITH"},{"data":"Flame Barrier","floor":49,"key":"SMITH"}],"neow_cost":"NONE","seed_source_timestamp":2437090853559,"circlet_count":0,"master_deck":["Strike_R","Strike_R+1","Defend_R","Defend_R+1","Defend_R+1","Defend_R","Bash+1","AscendersBane","Headbutt","True Grit+1","Pommel Strike","Pommel Strike","Thunderclap","Reckless Charge+1","Metallicize","Rampage+1","Reaper","Demon Form+1","True Grit+1","Battle Trance","True Grit+1","Flame Barrier+1","Sword Boomerang+1","True Grit+1","Shrug It Off+1","Decay","Impervious","Twin Strike","Dark Shackles","Sentinel+1"],"special_seed":0,"relics":["Burning Blood","Whetstone","Gremlin Horn","Anchor","Red Skull","Question Card","Incense Burner","Sozu","Bag of Preparation","Orichalcum","Blue Candle","DollysMirror","Busted Crown","Tiny Chest","War Paint"],"potions_floor_usage":[],"damage_taken":[{"damage":6.0,"enemies":"Cultist","floor":1.0,"turns":4.0},{"damage":0.0,"enemies":"Small Slimes","floor":5.0,"turns":2.0},{"damage":24.0,"enemies":"Gremlin Nob","floor":7.0,"turns":4.0},{"damage":0.0,"enemies":"Jaw Worm","floor":8.0,"turns":2.0},{"damage":0.0,"enemies":"Looter","floor":11.0,"turns":2.0},{"damage":2.0,"enemies":"3 Sentries","floor":12.0,"turns":7.0},{"damage":11.0,"enemies":"3 Louse","floor":13.0,"turns":4.0},{"damage":42.0,"enemies":"Slime Boss","floor":16.0,"turns":9.0},{"damage":14.0,"enemies":"Shell Parasite","floor":18.0,"turns":5.0},{"damage":11.0,"enemies":"Spheric Guardian","floor":19.0,"turns":4.0},{"damage":21.0,"enemies":"Centurion and Healer","floor":21.0,"turns":5.0},{"damage":33.0,"enemies":"3 Cultists","floor":22.0,"turns":6.0},{"damage":49.0,"enemies":"Slavers","floor":23.0,"turns":6.0},{"damage":24.0,"enemies":"Snake Plant","floor":27.0,"turns":5.0},{"damage":19.0,"enemies":"Book of Stabbing","floor":28.0,"turns":5.0},{"damage":0.0,"enemies":"Cultist and Chosen","floor":30.0,"turns":4.0},{"damage":28.0,"enemies":"Champ","floor":33.0,"turns":7.0},{"damage":0.0,"enemies":"Flame Bruiser 1 Orb","floor":35.0,"turns":6.0},{"damage":56.0,"enemies":"3 Darklings","floor":36.0,"turns":5.0},{"damage":6.0,"enemies":"4 Shapes","floor":37.0,"turns":8.0},{"damage":43.0,"enemies":"Transient","floor":39.0,"turns":5.0},{"damage":11.0,"enemies":"Spire Growth","floor":45.0,"turns":4.0},{"damage":10,"enemies":"Sphere and 2 Shapes","floor":46,"turns":7},{"damage":38,"enemies":"Giant Head","floor":48,"turns":8},{"damage":60,"enemies":"Time Eater","floor":50,"turns":13}],"seed_played":"7192915550336756980","potions_obtained":[{"floor":1.0,"key":"SteroidPotion"},{"floor":5.0,"key":"BloodPotion"},{"floor":12.0,"key":"SpeedPotion"}],"is_trial":false,"path_per_floor":["M","T","?","$","M","R","E","M","T","R","M","E","M","?","R","B",null,"M","M","$","M","M","E","R","$","T","M","E","R","M","$","R","B",null,"M","M","M","?","M","R","?","R","T","?","M","M","$","E","R","B"],"character_chosen":"IRONCLAD","items_purchased":["True Grit","Anchor","Pommel Strike","DollysMirror","Twin Strike","Dark Shackles"],"campfire_rested":2,"item_purchase_floors":[4,4,4,31,47,47],"current_hp_per_floor":[68,68,42,42,48,48,37,43,43,43,49,53,48,48,48,26,63,63,58,58,69,47,18,40,40,40,35,22,44,62,62,62,53,70,75,62,75,75,57,57,57,57,57,57,52,72,72,75,75,40],"gold":74,"neow_bonus":"HUNDRED_GOLD","is_prod":false,"is_daily":false,"chose_seed":false,"campfire_upgraded":7,"win_rate":0,"timestamp":1532275469,"path_taken":["M","?","?","$","M","R","E","M","T","R","?","E","M","?","R","BOSS","M","M","$","M","M","E","R","?","T","M","E","R","M","$","R","BOSS","M","M","M","?","M","R","?","R","T","?","M","?","$","E","R","BOSS"],"build_version":"2018-07-19v2","purchased_purges":3,"victory":true,"max_hp_per_floor":[75,75,75,75,75,75,75,75,75,75,75,75,75,75,75,75,75,75,75,75,75,75,75,75,75,75,75,75,75,75,75,75,75,75,75,75,75,75,75,75,75,75,75,75,75,75,75,75,75,75],"card_choices":[{"not_picked":["Combust","Uppercut"],"picked":"Headbutt","floor":1.0},{"not_picked":["Wild Strike","Heavy Blade"],"picked":"Pommel Strike","floor":5.0},{"not_picked":["Headbutt","Entrench"],"picked":"Thunderclap","floor":7.0},{"not_picked":["Cleave","Wild Strike"],"picked":"Reckless Charge","floor":8.0},{"not_picked":["Ghostly Armor","Second Wind","Searing Blow"],"picked":"Metallicize","floor":11.0},{"not_picked":["Rupture","Power Through","Carnage"],"picked":"Rampage","floor":12.0},{"not_picked":["Perfected Strike","Pummel","Warcry"],"picked":"Reaper","floor":13.0},{"not_picked":["Limit Break","Bludgeon","Impervious"],"picked":"Demon Form","floor":16.0},{"not_picked":["Combust","Clash+1","Armaments"],"picked":"True Grit","floor":18.0},{"not_picked":["Headbutt","Whirlwind","Shockwave"],"picked":"Battle Trance","floor":19.0},{"not_picked":["Rage","Twin Strike","Rampage"],"picked":"True Grit","floor":21.0},{"not_picked":["Exhume","Armaments","Disarm+1","Pommel Strike"],"picked":"SKIP","floor":22.0},{"not_picked":["Flex","Havoc","Pommel Strike"],"picked":"Flame Barrier","floor":23.0},{"not_picked":["Spot Weakness","Pommel Strike","Feel No Pain"],"picked":"Sword Boomerang+1","floor":27.0},{"not_picked":["Berserk","Headbutt","Perfected Strike","Carnage"],"picked":"SKIP","floor":28.0},{"not_picked":["Cleave","Carnage+1","Burning Pact","Clothesline"],"picked":"SKIP","floor":30.0},{"not_picked":["Clash","True Grit"],"picked":"SKIP","floor":35.0},{"not_picked":["Thunderclap+1"],"picked":"Shrug It Off+1","floor":36.0},{"not_picked":["Havoc","Headbutt"],"picked":"SKIP","floor":37.0},{"not_picked":["Combust","Sentinel"],"picked":"SKIP","floor":39.0},{"not_picked":["Flame Barrier"],"picked":"Impervious","floor":45.0},{"not_picked":["Perfected Strike","Wild Strike"],"picked":"SKIP","floor":46},{"not_picked":["Iron Wave"],"picked":"Sentinel+1","floor":48}],"player_experience":844986,"relics_obtained":[{"floor":2.0,"key":"Whetstone"},{"floor":7.0,"key":"Red Skull"},{"floor":9.0,"key":"Question Card"},{"floor":12.0,"key":"Incense Burner"},{"floor":23.0,"key":"Bag of Preparation"},{"floor":26.0,"key":"Orichalcum"},{"floor":28.0,"key":"Blue Candle"},{"floor":43.0,"key":"Tiny Chest"},{"floor":48,"key":"War Paint"}],"event_choices":[{"event_name":"Scrap Ooze","player_choice":"success","floor":3.0,"damage_taken":26.0},{"event_name":"Liars Game","player_choice":"disagreed","floor":14.0,"damage_taken":0.0},{"event_name":"Mysterious Sphere","player_choice":"Ignore","floor":38.0,"damage_taken":0.0},{"event_name":"Tomb of Lord Red Mask","player_choice":"Ignored","floor":41.0,"damage_taken":0.0},{"event_name":"Wheel of Change","player_choice":"Curse","floor":44.0,"damage_taken":0.0}],"is_beta":false,"boss_relics":[{"not_picked":["White Beast Statue","Runic Pyramid"],"picked":"Sozu"},{"not_picked":["Runic Cube","Runic Dome"],"picked":"Busted Crown"}],"items_purged_floors":[20,25,47],"is_endless":false,"potions_floor_spawned":[1,5,12,18,19,23,28,30,36,39,48],"ascension_level":15}