{"gold_per_floor":[110,121,121,121,135,170,6,6,6,16,47,64,77,93,93,190,190,205,120,132,0,20,20,50,50,50,50],"floor_reached":27,"playtime":2840,"items_purged":[],"score":310,"play_id":"5d49b362-f589-4bf5-a741-ccd9407f88e1","local_time":"20190105031229","is_ascension_mode":true,"campfire_choices":[{"floor":8,"key":"DIG"},{"floor":15,"key":"REST"},{"data":"Apotheosis","floor":23,"key":"SMITH"}],"neow_cost":"NONE","seed_source_timestamp":28484962767184,"circlet_count":0,"master_deck":["Defend_G","Defend_G","Defend_G","Defend_G","Defend_G","Strike_G","Strike_G","Strike_G","Strike_G","Strike_G","Survivor","Neutralize","Poisoned Stab","Deadly Poison+1","Noxious Fumes+1","Backstab","Poisoned Stab","Apotheosis+1","Footwork","Bane","Poisoned Stab","Distraction","Blade Dance","Glass Knife","Catalyst","Prepared","Prepared","Leg Sweep","Bane","Distraction+1","Blade Dance+1","Corpse Explosion","Decay"],"relics":["Ring of the Snake","Shovel","The Specimen","Ninja Scroll","Centennial Puzzle","Orrery","PreservedInsect","Orichalcum","Oddly Smooth Stone"],"potions_floor_usage":[6,16,20,22,27,27],"damage_taken":[{"damage":0,"enemies":"Jaw Worm","floor":1,"turns":5},{"damage":3,"enemies":"2 Louse","floor":2,"turns":3},{"damage":0,"enemies":"Cultist","floor":5,"turns":4},{"damage":25,"enemies":"Gremlin Nob","floor":6,"turns":5},{"damage":2,"enemies":"Looter","floor":10,"turns":2},{"damage":3,"enemies":"Lagavulin","floor":11,"turns":5},{"damage":5,"enemies":"3 Louse","floor":12,"turns":2},{"damage":0,"enemies":"Large Slime","floor":13,"turns":3},{"damage":1,"enemies":"Looter","floor":14,"turns":2},{"damage":0,"enemies":"Slime Boss","floor":16,"turns":8},{"damage":10,"enemies":"Chosen","floor":18,"turns":4},{"damage":12,"enemies":"2 Thieves","floor":20,"turns":4},{"damage":6,"enemies":"Snake Plant","floor":22,"turns":4},{"damage":21,"enemies":"Book of Stabbing","floor":24,"turns":7},{"damage":27,"enemies":"Slavers","floor":27,"turns":3}],"seed_played":"5510017165200043449","potions_obtained":[{"floor":1,"key":"SkillPotion"},{"floor":6,"key":"SkillPotion"},{"floor":11,"key":"Energy Potion"},{"floor":13,"key":"Dexterity Potion"},{"floor":16,"key":"FearPotion"},{"floor":18,"key":"Block Potion"},{"floor":20,"key":"GamblersBrew"}],"is_trial":false,"path_per_floor":["M","M","?","?","M","E","$","R","T","M","E","M","M","M","R","B",null,"M","?","M","?","M","R","E","?","T","E"],"character_chosen":"THE_SILENT","items_purchased":["Apotheosis"],"campfire_rested":1,"item_purchase_floors":[7],"current_hp_per_floor":[70,67,53,58,58,33,33,33,33,31,28,23,23,22,44,44,75,65,65,53,53,47,47,26,26,26,0],"gold":50,"neow_bonus":"THREE_CARDS","is_prod":false,"is_daily":false,"chose_seed":false,"campfire_upgraded":1,"win_rate":1,"timestamp":1546665149,"path_taken":["M","M","?","?","?","E","$","R","T","M","E","M","M","M","R","BOSS","M","?","M","?","M","R","E","?","T","E"],"build_version":"2019-01-03v4","purchased_purges":0,"victory":false,"max_hp_per_floor":[70,70,70,75,75,75,75,75,75,75,75,75,75,75,75,75,75,75,75,75,75,75,75,75,75,75,75],"card_choices":[{"not_picked":["Underhanded Strike","Dagger Spray"],"picked":"Poisoned Stab","floor":0},{"not_picked":["Expertise","Outmaneuver"],"picked":"Deadly Poison","floor":1},{"not_picked":["Catalyst","Caltrops"],"picked":"Noxious Fumes","floor":2},{"not_picked":["Outmaneuver","Blade Dance"],"picked":"Backstab","floor":5},{"not_picked":["Dodge and Roll","Caltrops"],"picked":"Poisoned Stab","floor":6},{"not_picked":["Bane","Sucker Punch"],"picked":"Footwork","floor":10},{"not_picked":["Underhanded Strike","Caltrops"],"picked":"Bane","floor":11},{"not_picked":["Dagger Spray","Heel Hook"],"picked":"Poisoned Stab","floor":12},{"not_picked":["Flechettes","Slice"],"picked":"Distraction","floor":13},{"not_picked":["Wraith Form v2","Choke"],"picked":"Blade Dance","floor":14},{"not_picked":["Doppelganger","Night Terror"],"picked":"Glass Knife","floor":16},{"not_picked":["Underhanded Strike","Leg Sweep"],"picked":"Catalyst","floor":17},{"not_picked":["Deflect","Blur"],"picked":"Prepared","floor":17},{"not_picked":["Sucker Punch","Tactician"],"picked":"Prepared","floor":17},{"not_picked":["Blade Dance","Deadly Poison"],"picked":"Leg Sweep","floor":17},{"not_picked":["Sucker Punch","Quick Slash"],"picked":"Bane","floor":17},{"not_picked":["Underhanded Strike+1","Bouncing Flask"],"picked":"Distraction+1","floor":18},{"not_picked":["Eviscerate+1","Deadly Poison","Blade Dance"],"picked":"SKIP","floor":20},{"not_picked":["Prepared","Dagger Spray"],"picked":"Blade Dance+1","floor":22},{"not_picked":["Leg Sweep","Riddle With Holes"],"picked":"Corpse Explosion","floor":24}],"player_experience":60903,"relics_obtained":[{"floor":6,"key":"Shovel"},{"floor":8,"key":"The Specimen"},{"floor":9,"key":"Ninja Scroll"},{"floor":11,"key":"Centennial Puzzle"},{"floor":24,"key":"Orichalcum"},{"floor":26,"key":"Oddly Smooth Stone"}],"event_choices":[{"damage_healed":0,"gold_gain":0,"player_choice":"Entered Light","damage_taken":14,"max_hp_gain":0,"max_hp_loss":0,"event_name":"Shining Light","floor":3,"gold_loss":0,"cards_upgraded":["Deadly Poison","Noxious Fumes"]},{"damage_healed":0,"gold_gain":0,"player_choice":"Donut","damage_taken":0,"max_hp_gain":5,"max_hp_loss":0,"event_name":"Big Fish","floor":4,"gold_loss":0},{"damage_healed":0,"gold_gain":0,"player_choice":"Obtained Relic","damage_taken":0,"relics_obtained":["PreservedInsect"],"max_hp_gain":0,"max_hp_loss":0,"event_name":"Addict","floor":19,"gold_loss":85},{"damage_healed":0,"gold_gain":0,"player_choice":"Paid Fearfully","damage_taken":0,"max_hp_gain":0,"max_hp_loss":0,"event_name":"Masked Bandits","floor":21,"gold_loss":132},{"damage_healed":0,"gold_gain":0,"player_choice":"Cursed","damage_taken":0,"max_hp_gain":0,"max_hp_loss":0,"event_name":"Wheel of Change","floor":25,"gold_loss":0,"cards_obtained":["Decay"]}],"is_beta":false,"boss_relics":[{"not_picked":["White Beast Statue","Lizard Tail"],"picked":"Orrery"}],"items_purged_floors":[],"is_endless":false,"potions_floor_spawned":[1,6,11,13,16,18,20],"killed_by":"Slavers","ascension_level":1}