{"gold_per_floor":[109,124,124,60,77,77,107,107,130,158,158,176,196,213,213,284,284,269,285,118,132,150,150,150,150,253,288,323,323,338,350,350,350],"floor_reached":33,"playtime":1659,"items_purged":["Strike_G"],"score":513,"play_id":"7d977c42-00b8-46ec-af9b-3640c9b002c3","local_time":"20180824091007","is_ascension_mode":true,"campfire_choices":[{"data":"Poisoned Stab","floor":6.0,"key":"SMITH"},{"floor":8.0,"key":"REST"},{"data":"Backstab","floor":11.0,"key":"SMITH"},{"floor":15.0,"key":"REST"},{"floor":23.0,"key":"REST"},{"floor":29,"key":"REST"},{"floor":32,"key":"REST"}],"neow_cost":"NONE","seed_source_timestamp":1012382404383,"circlet_count":0,"master_deck":["Defend_G+1","Defend_G","Defend_G","Defend_G","Defend_G+1","Strike_G","Strike_G","Strike_G","Strike_G","Survivor","Neutralize+1","AscendersBane","Deadly Poison","Poisoned Stab+1","Slice","Dagger Throw","Backstab+1","Crippling Poison+1","Caltrops","Cloak And Dagger+1","Malaise+1","Cloak And Dagger+1","Escape Plan+1","Cloak And Dagger+1","Dash","Cloak And Dagger+1","Escape Plan+1","Cloak And Dagger+1","PiercingWail+1","Calculated Gamble+1","Tactician+1","Accuracy+1"],"special_seed":0,"relics":["Ring of the Serpent","War Paint","Matryoshka","Toxic Egg 2","Art of War","Dream Catcher","Tiny Chest","Blue Candle","Red Mask","Shuriken"],"potions_floor_usage":[28],"damage_taken":[{"damage":0.0,"enemies":"2 Louse","floor":1.0,"turns":3.0},{"damage":5.0,"enemies":"Small Slimes","floor":2.0,"turns":4.0},{"damage":0.0,"enemies":"Jaw Worm","floor":5.0,"turns":3.0},{"damage":25.0,"enemies":"Gremlin Nob","floor":7.0,"turns":4.0},{"damage":15.0,"enemies":"Lagavulin","floor":10.0,"turns":6.0},{"damage":6.0,"enemies":"Exordium Thugs","floor":12.0,"turns":5.0},{"damage":0.0,"enemies":"3 Louse","floor":13.0,"turns":3.0},{"damage":0.0,"enemies":"Looter","floor":14.0,"turns":2.0},{"damage":9.0,"enemies":"Hexaghost","floor":16.0,"turns":9.0},{"damage":17.0,"enemies":"2 Thieves","floor":18.0,"turns":4.0},{"damage":5.0,"enemies":"Chosen","floor":19.0,"turns":6.0},{"damage":14.0,"enemies":"Shelled Parasite and Fungi","floor":21.0,"turns":5.0},{"damage":13.0,"enemies":"Snake Plant","floor":22.0,"turns":6.0},{"damage":2.0,"enemies":"Masked Bandits","floor":27.0,"turns":5.0},{"damage":30,"enemies":"Gremlin Leader","floor":28,"turns":8},{"damage":6,"enemies":"Centurion and Healer","floor":30,"turns":7},{"damage":11,"enemies":"Chosen and Byrds","floor":31,"turns":6},{"damage":29,"enemies":"Collector","floor":33,"turns":6}],"seed_played":"-5359107877925883566","potions_obtained":[{"floor":2.0,"key":"Poison Potion"},{"floor":5.0,"key":"SkillPotion"},{"floor":14.0,"key":"Strength Potion"},{"floor":19.0,"key":"GamblersBrew"},{"floor":21.0,"key":"Dexterity Potion"}],"is_trial":false,"path_per_floor":["M","M","?","?","M","R","E","R","T","E","R","M","M","M","R","B",null,"M","M","$","M","M","R","?","?","T","?","E","R","M","M","R"],"character_chosen":"THE_SILENT","items_purchased":["Cloak And Dagger+1","Dash"],"campfire_rested":5,"item_purchase_floors":[20,20],"current_hp_per_floor":[59,54,43,43,43,43,18,37,37,22,22,16,16,16,35,26,56,39,34,34,20,7,26,39,39,39,37,7,26,20,9,28,0],"gold":350,"neow_bonus":"UPGRADE_CARD","is_prod":false,"is_daily":false,"chose_seed":false,"campfire_upgraded":2,"win_rate":0,"timestamp":1535127007,"path_taken":["M","M","?","?","M","R","E","R","T","E","R","M","M","M","R","BOSS","M","M","$","M","M","R","?","?","T","?","E","R","M","M","R","BOSS"],"build_version":"2018-08-23v2","purchased_purges":1,"victory":false,"max_hp_per_floor":[66,66,66,66,66,66,66,66,66,66,66,66,66,66,66,66,66,66,66,66,66,66,66,66,66,66,66,66,66,66,66,66,66],"card_choices":[{"not_picked":["Choke","Catalyst"],"picked":"Deadly Poison","floor":1.0},{"not_picked":["Acrobatics","Backflip"],"picked":"Poisoned Stab","floor":2.0},{"not_picked":["Cloak And Dagger","Acrobatics"],"picked":"Slice","floor":5.0},{"not_picked":["Unload","Blade Dance"],"picked":"Dagger Throw","floor":7.0},{"not_picked":["Bouncing Flask+1","Infinite Blades"],"picked":"Backstab","floor":10.0},{"not_picked":["Deadly Poison+1","Setup+1","Slice"],"picked":"SKIP","floor":12.0},{"not_picked":["Cloak And Dagger+1","Noxious Fumes"],"picked":"Crippling Poison+1","floor":13.0},{"not_picked":["Distraction+1","Sucker Punch"],"picked":"Caltrops","floor":14.0},{"not_picked":["Glass Knife","Deadly Poison+1"],"picked":"Cloak And Dagger+1","floor":15.0},{"not_picked":["Die Die Die","Adrenaline+1"],"picked":"Malaise+1","floor":16.0},{"not_picked":["Deadly Poison+1","All Out Attack"],"picked":"Cloak And Dagger+1","floor":18.0},{"not_picked":["Acrobatics+1","Poisoned Stab"],"picked":"Escape Plan+1","floor":19.0},{"not_picked":["All Out Attack","Caltrops"],"picked":"Cloak And Dagger+1","floor":21.0},{"not_picked":["Deadly Poison+1","All Out Attack"],"picked":"Escape Plan+1","floor":22.0},{"not_picked":["Flying Knee","Prepared+1"],"picked":"Cloak And Dagger+1","floor":27.0},{"not_picked":["Bullet Time+1","Terror+1","Predator"],"picked":"SKIP","floor":28},{"not_picked":["Underhanded Strike","Deflect+1"],"picked":"PiercingWail+1","floor":29},{"not_picked":["Cloak And Dagger+1","Slice"],"picked":"Calculated Gamble+1","floor":30},{"not_picked":["Acrobatics+1","Masterful Stab"],"picked":"Tactician+1","floor":31},{"not_picked":["All Out Attack","Skewer+1"],"picked":"Accuracy+1","floor":32}],"player_experience":1026566,"relics_obtained":[{"floor":7.0,"key":"Matryoshka"},{"floor":9.0,"key":"Toxic Egg 2"},{"floor":9.0,"key":"Art of War"},{"floor":10.0,"key":"Dream Catcher"},{"floor":26.0,"key":"Tiny Chest"},{"floor":26.0,"key":"Blue Candle"},{"floor":27.0,"key":"Red Mask"},{"floor":28,"key":"Shuriken"}],"event_choices":[{"event_name":"Scrap Ooze","player_choice":"success","floor":3.0,"damage_taken":11.0},{"event_name":"World of Goop","player_choice":"Left","floor":4.0,"damage_taken":0.0},{"event_name":"The Library","player_choice":"Heal","floor":24.0,"damage_taken":0.0},{"event_name":"Vampires","player_choice":"Ignored","floor":25.0,"damage_taken":0.0},{"event_name":"Masked Bandits","player_choice":"Fought Bandits","floor":27.0,"damage_taken":0.0}],"is_beta":false,"boss_relics":[{"not_picked":["Tiny House","Pandora\u0027s Box"],"picked":"Ring of the Serpent"}],"items_purged_floors":[20],"is_endless":false,"potions_floor_spawned":[2,5,14,19,21],"killed_by":"Collector","ascension_level":15}