{"gold_per_floor":[109,109,74,94,69,69,85,420,420,420,437,463,463,480,480,480],"floor_reached":16,"playtime":886,"items_purged":[],"score":158,"play_id":"8e11df51-a7f2-4e1f-9e32-02b067b1a1c4","local_time":"20190326145451","is_ascension_mode":true,"campfire_choices":[{"data":"Hemokinesis","floor":6,"key":"SMITH"},{"floor":10,"key":"REST"},{"data":"Flame Barrier","floor":15,"key":"SMITH"}],"neow_cost":"NONE","seed_source_timestamp":12042854960658,"circlet_count":0,"master_deck":["Strike_R","Strike_R","Strike_R","Strike_R+1","Strike_R","Defend_R","Defend_R","Defend_R","Defend_R","Bash","Cleave+1","Hemokinesis+1","Flex","Flame Barrier+1","Feed","Finesse","Bash","Rage"],"relics":["Burning Blood","Smiling Mask","Old Coin","Blue Candle","Dream Catcher"],"potions_floor_usage":[],"damage_taken":[{"damage":10,"enemies":"Small Slimes","floor":1,"turns":4},{"damage":2,"enemies":"2 Louse","floor":4,"turns":3},{"damage":6,"enemies":"Jaw Worm","floor":7,"turns":4},{"damage":38,"enemies":"Lagavulin","floor":8,"turns":9},{"damage":0,"enemies":"Large Slime","floor":11,"turns":7},{"damage":3,"enemies":"Lots of Slimes","floor":14,"turns":4}],"seed_played":"5285100459872648535","potions_obtained":[{"floor":7,"key":"EssenceOfSteel"},{"floor":8,"key":"SteroidPotion"}],"is_trial":false,"path_per_floor":["M","?","?","M","$","R","M","E","T","R","M","T","?","M","R","B"],"character_chosen":"IRONCLAD","items_purchased":["Flex"],"campfire_rested":1,"item_purchase_floors":[5],"current_hp_per_floor":[76,60,80,80,80,80,80,48,48,72,81,81,81,86,86,0],"gold":480,"neow_bonus":"RANDOM_COMMON_RELIC","is_prod":false,"is_daily":false,"chose_seed":false,"campfire_upgraded":2,"win_rate":0,"timestamp":1553612091,"path_taken":["M","?","?","M","$","R","M","E","T","R","M","?","?","?","R","BOSS"],"build_version":"2019-01-23","purchased_purges":0,"victory":false,"max_hp_per_floor":[80,80,80,80,80,80,80,80,80,80,83,83,83,86,86,86],"card_choices":[{"not_picked":["True Grit","Pommel Strike"],"picked":"Cleave","floor":1},{"not_picked":["Pommel Strike","Anger"],"picked":"Hemokinesis","floor":4},{"not_picked":["True Grit","Wild Strike"],"picked":"Flame Barrier","floor":7},{"not_picked":["Flex","Warcry"],"picked":"Feed","floor":8},{"not_picked":["Wild Strike","Anger","Evolve"],"picked":"SKIP","floor":11},{"not_picked":["Havoc","Pommel Strike"],"picked":"Rage","floor":14}],"player_experience":422067,"relics_obtained":[{"floor":8,"key":"Old Coin"},{"floor":9,"key":"Blue Candle"},{"floor":12,"key":"Dream Catcher"}],"event_choices":[{"damage_healed":0,"gold_gain":0,"player_choice":"Entered Light","damage_taken":16,"max_hp_gain":0,"max_hp_loss":0,"event_name":"Shining Light","floor":2,"gold_loss":0,"cards_upgraded":["Cleave","Strike_R"]},{"damage_healed":20,"gold_gain":0,"player_choice":"Healed","damage_taken":0,"max_hp_gain":0,"max_hp_loss":0,"event_name":"The Cleric","floor":3,"gold_loss":35},{"damage_healed":0,"gold_gain":0,"player_choice":"2 cards matched","damage_taken":0,"max_hp_gain":0,"max_hp_loss":0,"event_name":"Match and Keep!","floor":13,"gold_loss":0,"cards_obtained":["Finesse","Bash"]}],"is_beta":false,"boss_relics":[],"items_purged_floors":[],"is_endless":false,"potions_floor_spawned":[7,8],"killed_by":"The Guardian","ascension_level":1}