{"gold_per_floor":[119,138,148,17,30,30,65,65,65,65,95,95,95,34,34,34],"floor_reached":16,"playtime":409,"items_purged":["Writhe"],"score":216,"play_id":"fd10c82c-877f-4806-8181-444d8f01d889","local_time":"25620303012308","is_ascension_mode":true,"campfire_choices":[{"data":"Combust","floor":6,"key":"SMITH"},{"data":"Iron Wave","floor":12,"key":"SMITH"},{"data":"Bash","floor":15,"key":"SMITH"}],"neow_cost":"CURSE","seed_source_timestamp":51362204048612,"circlet_count":0,"master_deck":["AscendersBane","Strike_R","Strike_R","Strike_R","Strike_R","Defend_R","Defend_R","Defend_R","Bash+1","Twin Strike","Combust+1","Power Through+1","Shrug It Off","Iron Wave+1","Pummel+1","Headbutt","Pummel"],"relics":["Burning Blood","Singing Bowl","Gremlin Horn","The Courier"],"potions_floor_usage":[7,16,16],"damage_taken":[{"damage":3,"enemies":"2 Louse","floor":1,"turns":3},{"damage":2,"enemies":"Cultist","floor":2,"turns":3},{"damage":9,"enemies":"Jaw Worm","floor":3,"turns":3},{"damage":6,"enemies":"Looter","floor":5,"turns":5},{"damage":17,"enemies":"Lagavulin","floor":7,"turns":8},{"damage":24,"enemies":"3 Sentries","floor":11,"turns":7},{"damage":22,"enemies":"The Guardian","floor":16,"turns":6}],"seed_played":"-1501355239173687599","potions_obtained":[{"floor":1,"key":"Fire Potion"},{"floor":5,"key":"LiquidBronze"},{"floor":11,"key":"EssenceOfSteel"}],"is_trial":false,"path_per_floor":["M","M","M","$","M","R","E","?","T","$","E","R","?","?","R","B"],"character_chosen":"IRONCLAD","items_purchased":["Iron Wave"],"campfire_rested":0,"item_purchase_floors":[4],"current_hp_per_floor":[71,75,72,72,72,72,61,61,61,61,45,45,22,22,22,0],"gold":34,"neow_bonus":"TRANSFORM_TWO_CARDS","is_prod":false,"is_daily":false,"chose_seed":false,"campfire_upgraded":3,"win_rate":0,"timestamp":1551550988,"path_taken":["M","M","M","$","M","R","E","?","T","?","E","R","?","?","R","BOSS"],"build_version":"2019-01-23","purchased_purges":1,"victory":false,"max_hp_per_floor":[75,75,75,75,75,75,75,75,75,75,77,77,77,77,77,77],"card_choices":[{"not_picked":["Twin Strike","Warcry"],"picked":"Power Through","floor":1},{"not_picked":["Sword Boomerang","Flex"],"picked":"Shrug It Off","floor":2},{"not_picked":["Armaments","Heavy Blade"],"picked":"Clothesline","floor":3},{"not_picked":["Sentinel","Carnage"],"picked":"Pummel","floor":5},{"not_picked":["Exhume","Carnage"],"picked":"Headbutt","floor":7},{"not_picked":["Thunderclap","Hemokinesis","True Grit"],"picked":"Singing Bowl","floor":11}],"player_experience":284570,"relics_obtained":[{"floor":7,"key":"Singing Bowl"},{"floor":9,"key":"Gremlin Horn"},{"floor":11,"key":"The Courier"}],"event_choices":[{"damage_healed":0,"gold_gain":0,"cards_transformed":["Clothesline"],"player_choice":"Transformed","damage_taken":0,"max_hp_gain":0,"max_hp_loss":0,"event_name":"Transmorgrifier","floor":8,"gold_loss":0,"cards_obtained":["Pummel"]},{"damage_healed":0,"gold_gain":0,"player_choice":"Entered Light","damage_taken":23,"max_hp_gain":0,"max_hp_loss":0,"event_name":"Shining Light","floor":13,"gold_loss":0,"cards_upgraded":["Power Through","Pummel"]},{"damage_healed":0,"gold_gain":0,"player_choice":"Left Gold","damage_taken":0,"max_hp_gain":0,"max_hp_loss":0,"event_name":"World of Goop","floor":14,"gold_loss":61}],"is_beta":false,"boss_relics":[],"items_purged_floors":[4],"is_endless":false,"potions_floor_spawned":[1,5,11],"killed_by":"The Guardian","ascension_level":20}