{"gold_per_floor":[117,128,40,40,57,57,92,92,92,114,114,132,132,160,160,233,233,219,231,257,269,150,150,181,197,197,197],"floor_reached":27,"playtime":897,"items_purged":["Regret"],"score":628,"play_id":"040ee674-4d85-40c8-8457-3b66c9dba4dc","local_time":"20181214155654","is_ascension_mode":true,"campfire_choices":[{"data":"Second Wind","floor":6.0,"key":"SMITH"},{"data":"Bludgeon","floor":8.0,"key":"SMITH"},{"floor":11.0,"key":"REST"},{"data":"Evolve","floor":15.0,"key":"SMITH"},{"floor":23.0,"key":"REST"}],"neow_cost":"PERCENT_DAMAGE","seed_source_timestamp":9536739491555,"circlet_count":0,"master_deck":["AscendersBane","Strike_R+1","Strike_R+1","Strike_R+1","Strike_R+1","Strike_R+1","Defend_R+1","Defend_R+1","Defend_R+1","Bash","Perfected Strike+1","Evolve+1","Second Wind+1","Bludgeon+1","Feel No Pain","Immolate"],"special_seed":0,"relics":["Burning Blood","Sundial","Singing Bowl","Odd Mushroom","Omamori","Calling Bell","Mango","Question Card","MawBank","Pocketwatch","Ginger"],"potions_floor_usage":[],"damage_taken":[{"damage":8.0,"enemies":"2 Louse","floor":1.0,"turns":3.0},{"damage":9.0,"enemies":"Jaw Worm","floor":2.0,"turns":3.0},{"damage":20.0,"enemies":"Small Slimes","floor":5.0,"turns":3.0},{"damage":14.0,"enemies":"3 Sentries","floor":7.0,"turns":8.0},{"damage":13.0,"enemies":"The Mushroom Lair","floor":10.0,"turns":4.0},{"damage":6.0,"enemies":"Looter","floor":12.0,"turns":2.0},{"damage":34.0,"enemies":"Lagavulin","floor":14.0,"turns":6.0},{"damage":0.0,"enemies":"Slime Boss","floor":16.0,"turns":6.0},{"damage":44.0,"enemies":"2 Thieves","floor":18.0,"turns":4.0},{"damage":0.0,"enemies":"Chosen","floor":20.0,"turns":3.0},{"damage":47.0,"enemies":"Book of Stabbing","floor":24.0,"turns":5.0},{"damage":3.0,"enemies":"Centurion and Healer","floor":25.0,"turns":6.0},{"damage":37,"enemies":"Gremlin Leader","floor":27,"turns":2}],"seed_played":"7772584968375739344","potions_obtained":[{"floor":1.0,"key":"EssenceOfSteel"},{"floor":2.0,"key":"Energy Potion"},{"floor":7.0,"key":"FearPotion"},{"floor":18.0,"key":"Energy Potion"},{"floor":24.0,"key":"EssenceOfSteel"}],"is_trial":false,"path_per_floor":["M","M","$","?","M","R","E","R","T","?","R","M","?","E","R","B",null,"M","?","M","?","$","R","E","M","T","E"],"character_chosen":"IRONCLAD","items_purchased":["Second Wind","FearPotion"],"campfire_rested":2,"item_purchase_floors":[3,22],"current_hp_per_floor":[62,59,59,59,45,45,37,37,37,30,56,58,51,25,25,31,92,56,23,31,31,31,65,26,31,31,0],"gold":197,"neow_bonus":"TWENTY_PERCENT_HP_BONUS","is_prod":false,"is_daily":false,"chose_seed":false,"campfire_upgraded":3,"win_rate":0,"timestamp":1544774214,"path_taken":["M","M","$","?","M","R","E","R","T","?","R","M","?","E","R","BOSS","M","?","M","?","$","R","E","M","T","E"],"build_version":"2018-12-13","purchased_purges":1,"victory":false,"max_hp_per_floor":[89,89,89,89,89,89,89,89,89,89,89,91,91,93,93,93,107,109,114,116,116,116,116,118,120,120,120],"card_choices":[{"not_picked":["Sentinel","Heavy Blade"],"picked":"Perfected Strike","floor":1.0},{"not_picked":["Combust","Body Slam"],"picked":"Evolve","floor":2.0},{"not_picked":["Havoc","Flex","Dropkick"],"picked":"SKIP","floor":5.0},{"not_picked":["Havoc","Flex","Dropkick"],"picked":"SKIP","floor":5.0},{"not_picked":["Thunderclap","Intimidate"],"picked":"Bludgeon","floor":7.0},{"not_picked":["Wild Strike","Sword Boomerang"],"picked":"Feel No Pain","floor":10.0},{"not_picked":["Armaments","Pommel Strike","Twin Strike"],"picked":"Singing Bowl","floor":12.0},{"not_picked":["Flex","Feel No Pain","Evolve"],"picked":"Singing Bowl","floor":14.0},{"not_picked":["Juggernaut","Brutality"],"picked":"Immolate","floor":16.0},{"not_picked":["Wild Strike","Armaments","Uppercut","Rupture"],"picked":"Singing Bowl","floor":18.0},{"not_picked":["Pommel Strike","Carnage","Anger","Shockwave"],"picked":"Singing Bowl","floor":20.0},{"not_picked":["Intimidate","Carnage","Pommel Strike","Sword Boomerang"],"picked":"Singing Bowl","floor":24.0},{"not_picked":["Sever Soul","Combust+1","Shrug It Off","Twin Strike"],"picked":"Singing Bowl","floor":25.0}],"player_experience":2384935,"relics_obtained":[{"floor":7.0,"key":"Sundial"},{"floor":9.0,"key":"Singing Bowl"},{"floor":10.0,"key":"Odd Mushroom"},{"floor":14.0,"key":"Omamori"},{"floor":17.0,"key":"Mango"},{"floor":17.0,"key":"Question Card"},{"floor":17.0,"key":"MawBank"},{"floor":24.0,"key":"Pocketwatch"},{"floor":26.0,"key":"Ginger"}],"event_choices":[{"damage_healed":0.0,"max_hp_gain":0.0,"max_hp_loss":0.0,"gold_gain":0.0,"event_name":"Living Wall","player_choice":"Grow","floor":4.0,"gold_loss":0.0,"damage_taken":0.0,"cards_upgraded":["Perfected Strike"]},{"damage_healed":0.0,"max_hp_gain":0.0,"max_hp_loss":0.0,"gold_gain":0.0,"event_name":"Mushrooms","player_choice":"Fought Mushrooms","floor":10.0,"gold_loss":0.0,"damage_taken":0.0},{"cards_removed":["Defend_R"],"damage_healed":0.0,"max_hp_gain":0.0,"max_hp_loss":0.0,"gold_gain":0.0,"event_name":"Golden Wing","player_choice":"Card Removal","floor":13.0,"gold_loss":0.0,"damage_taken":7.0},{"damage_healed":0.0,"max_hp_gain":5.0,"max_hp_loss":0.0,"gold_gain":0.0,"event_name":"Forgotten Altar","player_choice":"Shed Blood","floor":19.0,"gold_loss":0.0,"damage_taken":38.0},{"damage_healed":0.0,"max_hp_gain":0.0,"max_hp_loss":0.0,"gold_gain":0.0,"event_name":"Back to Basics","player_choice":"Simplicity","floor":21.0,"gold_loss":0.0,"damage_taken":0.0,"cards_upgraded":["Strike_R","Strike_R","Strike_R","Strike_R","Strike_R","Defend_R","Defend_R","Defend_R"]}],"is_beta":false,"boss_relics":[{"not_picked":["Philosopher\u0027s Stone","Orrery"],"picked":"Calling Bell"}],"items_purged_floors":[22],"is_endless":false,"potions_floor_spawned":[1,2,7,18,24],"killed_by":"Gremlin Leader","ascension_level":20}