{"gold_per_floor":[109,87,103,34,84,84,112,130,157,183,202,215,231,265,265,337,337,318,318,334,139,157,157,192,192,192,220,235,235,235,44,44,121,121,133,145,145,45,97,130,142,165,177,189,201,242,272,318,330,342],"floor_reached":51,"playtime":2222,"items_purged":["Strike_R","Strike_R"],"score":1350,"play_id":"ab038457-e94f-4cce-9f0b-0e457fb1aa42","local_time":"20190416095755","is_ascension_mode":true,"campfire_choices":[{"data":"Carnage","floor":6.0,"key":"SMITH"},{"data":"Armaments","floor":15,"key":"SMITH"},{"data":"Spot Weakness","floor":23,"key":"SMITH"},{"floor":25,"key":"REST"},{"data":"Inflame","floor":30,"key":"SMITH"},{"data":"Metallicize","floor":32,"key":"SMITH"},{"data":"Disarm","floor":41,"key":"SMITH"},{"data":"Feel No Pain","floor":44,"key":"SMITH"},{"data":"Shrug It Off","floor":49,"key":"SMITH"}],"neow_cost":"NONE","seed_source_timestamp":7730045342538,"circlet_count":0,"master_deck":["AscendersBane","Strike_R","Strike_R","Strike_R","Defend_R+1","Defend_R","Defend_R","Defend_R","Bash+1","Carnage+1","Shrug It Off+1","Cleave","Iron Wave","Armaments+1","Shrug It Off","Headbutt","Battle Trance","Reaper","Anger","Shrug It Off+1","Spot Weakness+1","Pummel","Inflame+1","Impervious","Metallicize+1","Reaper","Feel No Pain+1","Disarm+1","Intimidate+1"],"special_seed":0,"relics":["Burning Blood","Bag of Preparation","Art of War","Omamori","Bronze Scales","Black Star","Anchor","Centennial Puzzle","Gremlin Horn","Ginger","Vajra","Mark of Pain","Du-Vu Doll","MawBank","Juzu Bracelet","Mercury Hourglass","War Paint","Strawberry","Smiling Mask","Bottled Tornado"],"potions_floor_usage":[7,10,20,22,24,33,39,46,50],"damage_taken":[{"damage":1.0,"enemies":"Cultist","floor":1.0,"turns":3.0},{"damage":0.0,"enemies":"Small Slimes","floor":3.0,"turns":5.0},{"damage":49,"enemies":"Gremlin Nob","floor":7,"turns":5},{"damage":0,"enemies":"Jaw Worm","floor":8,"turns":5},{"damage":12,"enemies":"Lagavulin","floor":10,"turns":7},{"damage":0,"enemies":"2 Fungi Beasts","floor":11,"turns":3},{"damage":8,"enemies":"3 Louse","floor":12,"turns":3},{"damage":0,"enemies":"Looter","floor":13,"turns":2},{"damage":16,"enemies":"3 Sentries","floor":14,"turns":6},{"damage":17,"enemies":"The Guardian","floor":16,"turns":14},{"damage":11,"enemies":"2 Thieves","floor":18,"turns":4},{"damage":4,"enemies":"Spheric Guardian","floor":20,"turns":4},{"damage":5,"enemies":"Snake Plant","floor":22,"turns":4},{"damage":56,"enemies":"Book of Stabbing","floor":24,"turns":6},{"damage":34,"enemies":"Gremlin Leader","floor":27,"turns":8},{"damage":8,"enemies":"3 Cultists","floor":28,"turns":4},{"damage":55,"enemies":"Automaton","floor":33,"turns":10},{"damage":29,"enemies":"3 Shapes","floor":35,"turns":4},{"damage":15,"enemies":"3 Darklings","floor":36,"turns":4},{"damage":28,"enemies":"2 Orb Walkers","floor":39,"turns":4},{"damage":43,"enemies":"Reptomancer","floor":40,"turns":7},{"damage":46,"enemies":"Transient","floor":42,"turns":5},{"damage":53,"enemies":"Giant Head","floor":46,"turns":8},{"damage":4,"enemies":"Sphere and 2 Shapes","floor":47,"turns":5},{"damage":22,"enemies":"Reptomancer","floor":48,"turns":8},{"damage":101,"enemies":"Awakened One","floor":50,"turns":18}],"seed_played":"-7412013757861416198","potions_obtained":[{"floor":1.0,"key":"GamblersBrew"},{"floor":7,"key":"Energy Potion"},{"floor":11,"key":"Ancient Potion"},{"floor":13,"key":"EssenceOfSteel"},{"floor":20,"key":"Poison Potion"},{"floor":27,"key":"Regen Potion"},{"floor":28,"key":"Block Potion"},{"floor":35,"key":"Weak Potion"},{"floor":42,"key":"AttackPotion"}],"is_trial":false,"path_per_floor":["M","$","M","$","?","R","E","M","T","E","M","M","M","E","R","B",null,"M","?","M","$","M","R","E","R","T","E","M","?","R","$","R","B",null,"M","M","?","$","?","E","R","M","T","R","?","E","M","E","R","B",null],"character_chosen":"IRONCLAD","items_purchased":["Shrug It Off","Iron Wave","Armaments","Spot Weakness","PowerPotion","Impervious","Metallicize"],"campfire_rested":1,"item_purchase_floors":[2,4,4,21,21,31,31],"current_hp_per_floor":[73,73,75,75,68,68,25,31,31,25,31,29,35,25,25,14,60,55,55,57,57,67,67,25,47,47,67,73,73,73,73,73,24,62,75,75,75,75,75,75,75,60,60,60,60,39,77,82,82,37],"gold":354,"neow_bonus":"UPGRADE_CARD","is_prod":false,"is_daily":false,"chose_seed":false,"campfire_upgraded":8,"win_rate":0,"timestamp":1555433875,"path_taken":["M","?","M","$","?","R","E","M","T","E","M","M","?","E","R","BOSS","M","?","M","$","?","R","E","R","T","E","M","?","R","$","R","BOSS","M","M","?","$","?","E","R","M","T","R","?","E","M","E","R","BOSS"],"build_version":"2019-01-23","purchased_purges":2,"victory":true,"max_hp_per_floor":[75,75,75,75,75,75,75,75,75,75,75,75,75,75,75,75,75,75,75,75,75,75,75,75,75,75,75,75,75,75,75,75,75,75,75,75,75,75,75,75,75,75,75,75,75,82,82,82,82,82],"card_choices":[{"not_picked":["Battle Trance","Corruption"],"picked":"Carnage","floor":1.0},{"not_picked":["Clash","Body Slam"],"picked":"Cleave","floor":3.0},{"not_picked":["Body Slam","Dual Wield"],"picked":"Shrug It Off","floor":7},{"not_picked":["Corruption","Iron Wave","Thunderclap"],"picked":"SKIP","floor":8},{"not_picked":["Havoc","Shrug It Off","Seeing Red"],"picked":"SKIP","floor":10},{"not_picked":["Reckless Charge","Limit Break","Rampage"],"picked":"SKIP","floor":11},{"not_picked":["Burning Pact","Clash"],"picked":"Headbutt","floor":12},{"not_picked":["Rampage","Pommel Strike","Flex"],"picked":"SKIP","floor":13},{"not_picked":["Clothesline","Clash"],"picked":"Battle Trance","floor":14},{"not_picked":["Brutality","Immolate"],"picked":"Reaper","floor":16},{"not_picked":["Pommel Strike","Clothesline"],"picked":"Anger","floor":18},{"not_picked":["Clash","Carnage","Clothesline"],"picked":"SKIP","floor":20},{"not_picked":["Twin Strike","Iron Wave","Flex"],"picked":"SKIP","floor":22},{"not_picked":["Bludgeon","Rupture","Cleave"],"picked":"SKIP","floor":24},{"not_picked":["Combust","Anger+1"],"picked":"Pummel","floor":27},{"not_picked":["Clothesline","Flex"],"picked":"Inflame","floor":28},{"not_picked":["Brutality","Bludgeon"],"picked":"Reaper","floor":33},{"not_picked":["Burning Pact","Havoc","Thunderclap+1"],"picked":"SKIP","floor":35},{"not_picked":["Wild Strike","Warcry","Sever Soul+1"],"picked":"SKIP","floor":36},{"not_picked":["Wild Strike","Warcry","Sever Soul+1"],"picked":"SKIP","floor":36},{"not_picked":["Battle Trance+1","Iron Wave"],"picked":"Feel No Pain","floor":39},{"not_picked":["Twin Strike","Carnage"],"picked":"Disarm","floor":40},{"not_picked":["Evolve+1","Rupture","Anger"],"picked":"SKIP","floor":42},{"not_picked":["Seeing Red","Twin Strike","Anger"],"picked":"SKIP","floor":46},{"not_picked":["Anger","Armaments"],"picked":"Intimidate+1","floor":47},{"not_picked":["Wild Strike","Seeing Red","Dual Wield"],"picked":"SKIP","floor":48}],"player_experience":2446235,"relics_obtained":[{"floor":7,"key":"Bag of Preparation"},{"floor":9,"key":"Art of War"},{"floor":10,"key":"Omamori"},{"floor":14,"key":"Bronze Scales"},{"floor":24,"key":"Anchor"},{"floor":24,"key":"Centennial Puzzle"},{"floor":26,"key":"Gremlin Horn"},{"floor":27,"key":"Ginger"},{"floor":27,"key":"Vajra"},{"floor":39,"key":"Du-Vu Doll"},{"floor":40,"key":"MawBank"},{"floor":40,"key":"Juzu Bracelet"},{"floor":43,"key":"Mercury Hourglass"},{"floor":46,"key":"War Paint"},{"floor":46,"key":"Strawberry"},{"floor":48,"key":"Smiling Mask"},{"floor":48,"key":"Bottled Tornado"}],"event_choices":[{"damage_healed":0.0,"max_hp_gain":0.0,"max_hp_loss":0.0,"gold_gain":50.0,"event_name":"FaceTrader","player_choice":"Touch","floor":5.0,"gold_loss":0.0,"damage_taken":7.0},{"damage_healed":0,"gold_gain":0,"player_choice":"Copied","damage_taken":0,"max_hp_gain":0,"max_hp_loss":0,"event_name":"Duplicator","floor":19,"gold_loss":0,"cards_obtained":["Shrug It Off"]},{"damage_healed":0,"gold_gain":0,"player_choice":"Ignored","damage_taken":0,"max_hp_gain":0,"max_hp_loss":0,"event_name":"Ghosts","floor":29,"gold_loss":0},{"damage_healed":15,"gold_gain":0,"player_choice":"Writhe","damage_taken":0,"max_hp_gain":0,"max_hp_loss":0,"event_name":"Winding Halls","floor":37,"gold_loss":0,"cards_obtained":["Writhe"]},{"damage_healed":0,"gold_gain":0,"player_choice":"Fight","damage_taken":0,"max_hp_gain":0,"max_hp_loss":0,"event_name":"Mysterious Sphere","floor":39,"gold_loss":0},{"damage_healed":0,"gold_gain":0,"player_choice":"Memory 1","damage_taken":0,"max_hp_gain":0,"max_hp_loss":0,"event_name":"SensoryStone","floor":45,"gold_loss":0}],"is_beta":false,"boss_relics":[{"not_picked":["Busted Crown","Tiny House"],"picked":"Black Star"},{"not_picked":["Astrolabe","Eternal Feather"],"picked":"Mark of Pain"}],"items_purged_floors":[21,38],"is_endless":false,"potions_floor_spawned":[1,7,11,13,16,18,20,27,28,35,36,42],"ascension_level":15}