{"gold_per_floor":[115,115,115,65,80,80,124,143,143,207,230,104,125,145,145,266,266,281,297,297,313,338,338,338,338],"floor_reached":25,"playtime":1485,"items_purged":[],"score":250,"play_id":"950560e2-1b8f-42c0-8a22-39ab818f7da2","local_time":"20181002210028","is_ascension_mode":false,"campfire_choices":[{"data":"Demon Form","floor":6,"key":"SMITH"},{"data":"Whirlwind","floor":15,"key":"SMITH"},{"floor":24,"key":"REST"}],"neow_cost":"CURSE","seed_source_timestamp":1380963613808157,"circlet_count":0,"master_deck":["Strike_R","Strike_R","Strike_R","Defend_R","Defend_R","Defend_R","Defend_R","Bash","Parasite","Bludgeon","Demon Form+1","Disarm","Ghostly Armor","Whirlwind","Iron Wave","Whirlwind+1","Rampage","Iron Wave","Iron Wave","Whirlwind","Barricade","Armaments","Twin Strike","Heavy Blade","Iron Wave"],"relics":["Burning Blood","Golden Idol","Unceasing Top","Pantograph","Mark of Pain"],"potions_floor_usage":[16,16,21,23,23,23,25],"damage_taken":[{"damage":2,"enemies":"Cultist","floor":1,"turns":5},{"damage":3,"enemies":"Small Slimes","floor":5,"turns":6},{"damage":27,"enemies":"Lagavulin","floor":7,"turns":6},{"damage":0,"enemies":"2 Louse","floor":8,"turns":1},{"damage":10,"enemies":"Blue Slaver","floor":11,"turns":6},{"damage":0,"enemies":"Exordium Wildlife","floor":13,"turns":2},{"damage":0,"enemies":"Looter","floor":14,"turns":2},{"damage":48,"enemies":"Slime Boss","floor":16,"turns":12},{"damage":19,"enemies":"Spheric Guardian","floor":18,"turns":5},{"damage":5,"enemies":"Chosen","floor":19,"turns":4},{"damage":15,"enemies":"Snecko","floor":21,"turns":6},{"damage":17,"enemies":"Centurion and Healer","floor":22,"turns":5},{"damage":38,"enemies":"Book of Stabbing","floor":23,"turns":5},{"damage":48,"enemies":"Slavers","floor":25,"turns":4}],"seed_played":"-840214290295875288","potions_obtained":[{"floor":5,"key":"SteroidPotion"},{"floor":11,"key":"GamblersBrew"},{"floor":14,"key":"SmokeBomb"},{"floor":16,"key":"BloodPotion"},{"floor":18,"key":"EntropicBrew"}],"is_trial":false,"path_per_floor":["M","?","?","?","M","R","E","M","T","?","M","$","M","M","R","B",null,"M","M","?","M","M","E","R"],"character_chosen":"IRONCLAD","items_purchased":["Rampage","Iron Wave"],"campfire_rested":1,"item_purchase_floors":[12,12],"current_hp_per_floor":[80,74,74,74,74,74,53,59,59,59,55,55,61,67,67,32,74,61,62,55,53,42,17,39,0],"gold":338,"neow_bonus":"TRANSFORM_TWO_CARDS","is_prod":false,"is_daily":false,"chose_seed":false,"campfire_upgraded":2,"win_rate":0,"timestamp":1538506828,"path_taken":["M","?","?","?","M","R","E","?","T","?","M","$","M","M","R","BOSS","M","M","?","?","M","E","R","E"],"build_version":"2018-09-27","purchased_purges":0,"victory":false,"max_hp_per_floor":[80,74,74,74,74,74,74,74,74,74,74,74,74,74,74,74,74,74,74,74,74,74,74,74,74],"card_choices":[{"not_picked":["Headbutt","Iron Wave"],"picked":"Disarm","floor":1},{"not_picked":["Thunderclap","Uppercut"],"picked":"Ghostly Armor","floor":5},{"not_picked":["Body Slam","Clothesline"],"picked":"Whirlwind","floor":7},{"not_picked":["Entrench","Cleave"],"picked":"Iron Wave","floor":8},{"not_picked":["Clothesline","Intimidate"],"picked":"Whirlwind","floor":11},{"not_picked":["Dropkick","Pommel Strike"],"picked":"Iron Wave","floor":13},{"not_picked":["True Grit","Headbutt"],"picked":"Whirlwind","floor":14},{"not_picked":["Brutality","Impervious"],"picked":"Barricade","floor":16},{"not_picked":["Blood for Blood","Clash"],"picked":"Armaments","floor":18},{"not_picked":["Flex","Thunderclap"],"picked":"Twin Strike","floor":19},{"not_picked":["Flex","Thunderclap"],"picked":"Heavy Blade","floor":21},{"not_picked":["Rupture","Fire Breathing"],"picked":"Iron Wave","floor":22}],"player_experience":30533,"relics_obtained":[{"floor":7,"key":"Unceasing Top"},{"floor":9,"key":"Pantograph"}],"event_choices":[{"event_name":"Golden Idol","player_choice":"Lose Max HP","floor":2,"damage_taken":0},{"event_name":"Liars Game","player_choice":"disagreed","floor":3,"damage_taken":0},{"event_name":"World of Goop","player_choice":"Left","floor":4,"damage_taken":0},{"event_name":"Golden Wing","player_choice":"Gained Gold","floor":10,"damage_taken":0},{"event_name":"Knowing Skull","player_choice":"","floor":20,"damage_taken":0}],"is_beta":false,"boss_relics":[{"not_picked":["Velvet Choker","Runic Pyramid"],"picked":"Mark of Pain"}],"items_purged_floors":[],"is_endless":false,"potions_floor_spawned":[5,11,14,16,18,19],"killed_by":"Slavers","ascension_level":0}