{"gold_per_floor":[119,194,208,219,231,231,264,264,290,315,315,329,329,345,345,345],"floor_reached":16,"playtime":639,"items_purged":[],"score":224,"play_id":"95e18410-4b07-4fed-9145-2293c760c545","local_time":"20190321164932","is_ascension_mode":true,"campfire_choices":[{"data":"Bash","floor":6,"key":"SMITH"},{"floor":8,"key":"REST"},{"data":"Disarm","floor":11,"key":"SMITH"},{"data":"Uppercut","floor":15,"key":"SMITH"}],"neow_cost":"NONE","seed_source_timestamp":127113665566200,"circlet_count":0,"master_deck":["AscendersBane","Strike_R","Strike_R","Strike_R","Strike_R","Defend_R","Defend_R","Defend_R","Defend_R","Bash+1","Spot Weakness","Reckless Charge","Burning Pact","Immolate","Disarm+1","Uppercut+1"],"relics":["Burning Blood","Smiling Mask","Bronze Scales","Vajra","Regal Pillow"],"potions_floor_usage":[7,7,10,16],"damage_taken":[{"damage":1,"enemies":"2 Louse","floor":1,"turns":4},{"damage":2,"enemies":"Cultist","floor":3,"turns":4},{"damage":9,"enemies":"Jaw Worm","floor":4,"turns":3},{"damage":4,"enemies":"Exordium Wildlife","floor":5,"turns":4},{"damage":41,"enemies":"3 Sentries","floor":7,"turns":9},{"damage":11,"enemies":"Gremlin Nob","floor":10,"turns":3},{"damage":9,"enemies":"Large Slime","floor":12,"turns":4},{"damage":15,"enemies":"3 Louse","floor":14,"turns":3},{"damage":35,"enemies":"The Guardian","floor":16,"turns":10}],"seed_played":"3538110915810452335","potions_obtained":[{"floor":1,"key":"Swift Potion"},{"floor":4,"key":"Dexterity Potion"},{"floor":7,"key":"Poison Potion"},{"floor":10,"key":"Strength Potion"}],"is_trial":false,"path_per_floor":["M","?","M","M","M","R","E","R","T","E","R","M","?","M","R","B"],"character_chosen":"IRONCLAD","items_purchased":[],"campfire_rested":1,"item_purchase_floors":[],"current_hp_per_floor":[73,62,66,63,65,65,30,52,52,47,47,44,44,35,35,0],"gold":345,"neow_bonus":"RANDOM_COMMON_RELIC","is_prod":false,"is_daily":false,"chose_seed":false,"campfire_upgraded":3,"win_rate":0,"timestamp":1553186972,"path_taken":["M","?","M","M","M","R","E","R","T","E","R","M","?","M","R","BOSS"],"build_version":"2019-01-23","purchased_purges":0,"victory":false,"max_hp_per_floor":[75,75,75,75,75,75,75,75,75,75,75,75,75,75,75,75],"card_choices":[{"not_picked":["Feel No Pain","Headbutt"],"picked":"Spot Weakness","floor":1},{"not_picked":["Thunderclap","Sentinel"],"picked":"Reckless Charge","floor":3},{"not_picked":["Heavy Blade","Armaments","Clash"],"picked":"SKIP","floor":4},{"not_picked":["Seeing Red","Body Slam"],"picked":"Burning Pact","floor":5},{"not_picked":["Headbutt","Cleave"],"picked":"Immolate","floor":7},{"not_picked":["Armaments","Searing Blow"],"picked":"Disarm","floor":10},{"not_picked":["Burning Pact","Wild Strike"],"picked":"Uppercut","floor":12},{"not_picked":["Intimidate","Cleave","Sentinel"],"picked":"SKIP","floor":14}],"player_experience":2291880,"relics_obtained":[{"floor":7,"key":"Bronze Scales"},{"floor":9,"key":"Vajra"},{"floor":10,"key":"Regal Pillow"}],"event_choices":[{"damage_healed":0,"gold_gain":75,"player_choice":"Gather Gold","damage_taken":11,"max_hp_gain":0,"max_hp_loss":0,"event_name":"World of Goop","floor":2,"gold_loss":0},{"cards_removed":["Strike_R"],"damage_healed":0,"gold_gain":0,"player_choice":"Offered Basic","damage_taken":0,"max_hp_gain":0,"max_hp_loss":0,"event_name":"Bonfire Elementals","floor":13,"gold_loss":0}],"is_beta":false,"boss_relics":[],"items_purged_floors":[],"is_endless":false,"potions_floor_spawned":[1,4,7,10],"killed_by":"The Guardian","ascension_level":20}