{"gold_per_floor":[119,131,17,17,28,28,60,78,78,91,118,136,136,162,162,239,239,250,268,268,281,292,323,323,340,340,365,365,395,415,415,415,488,488,505,505,174,174,191,191,220,220,220,250,263,263,281,295,295,295,295,295,295,73,104,104],"floor_reached":57,"playtime":5935,"items_purged":["Strike_R+1"],"score":2788,"play_id":"ad7e981c-eb08-4233-8220-0539686f5cd3","local_time":"20190509133349","is_ascension_mode":true,"campfire_choices":[{"data":"Combust","floor":6,"key":"SMITH"},{"data":"Anger","floor":13,"key":"SMITH"},{"data":"Armaments","floor":15,"key":"SMITH"},{"data":"Rupture","floor":24,"key":"SMITH"},{"data":"Corruption","floor":28,"key":"SMITH"},{"data":"Demon Form","floor":32,"key":"SMITH"},{"floor":40,"key":"RECALL"},{"data":"Battle Trance","floor":42,"key":"SMITH"},{"data":"Feel No Pain","floor":46,"key":"SMITH"},{"data":"Flame Barrier","floor":49,"key":"SMITH"},{"data":"Metallicize","floor":53,"key":"SMITH"}],"neow_cost":"NONE","seed_source_timestamp":183068918027400,"circlet_count":0,"master_deck":["AscendersBane","Strike_R+1","Strike_R+1","Strike_R+1","Defend_R+1","Defend_R+1","Defend_R+1","Defend_R+1","Bash+1","Twin Strike+1","Anger+1","Combust+1","Armaments+1","Pommel Strike","Battle Trance","Reaper+1","Corruption+1","Metallicize+1","Reaper+1","Shockwave+1","Burning Pact","Rupture+1","Demon Form+1","Heavy Blade+1","Feed+1","Sword Boomerang+1","Battle Trance+1","Whirlwind+1","Inflame+1","Feel No Pain+1","Uppercut+1","Offering","Flame Barrier+1"],"relics":["Burning Blood","Meat on the Bone","Paper Frog","Molten Egg 2","Pocketwatch","Velvet Choker","FossilizedHelix","Singing Bowl","Prayer Wheel","Dream Catcher","Sozu","OrangePellets","Shuriken","Omamori","Self Forming Clay","Medical Kit","Whetstone"],"potions_floor_usage":[11,29,56],"damage_taken":[{"damage":1,"enemies":"Cultist","floor":1,"turns":3},{"damage":7,"enemies":"Jaw Worm","floor":2,"turns":3},{"damage":0,"enemies":"Small Slimes","floor":5,"turns":2},{"damage":29,"enemies":"3 Sentries","floor":7,"turns":7},{"damage":2,"enemies":"Red Slaver","floor":8,"turns":4},{"damage":11,"enemies":"Blue Slaver","floor":10,"turns":4},{"damage":23,"enemies":"Lagavulin","floor":11,"turns":5},{"damage":15,"enemies":"Large Slime","floor":12,"turns":5},{"damage":25,"enemies":"3 Sentries","floor":14,"turns":5},{"damage":30,"enemies":"Hexaghost","floor":16,"turns":9},{"damage":21,"enemies":"Chosen","floor":18,"turns":4},{"damage":30,"enemies":"Shell Parasite","floor":19,"turns":6},{"damage":22,"enemies":"Snake Plant","floor":21,"turns":4},{"damage":15,"enemies":"3 Cultists","floor":22,"turns":4},{"damage":41,"enemies":"Book of Stabbing","floor":23,"turns":5},{"damage":20,"enemies":"Chosen and Byrds","floor":25,"turns":5},{"damage":52,"enemies":"Slavers","floor":27,"turns":5},{"damage":41,"enemies":"Gremlin Leader","floor":29,"turns":6},{"damage":31,"enemies":"Snake Plant","floor":30,"turns":4},{"damage":74,"enemies":"Automaton","floor":33,"turns":9},{"damage":29,"enemies":"3 Shapes","floor":35,"turns":6},{"damage":24,"enemies":"3 Darklings","floor":39,"turns":5},{"damage":10,"enemies":"Nemesis","floor":41,"turns":7},{"damage":37,"enemies":"Reptomancer","floor":44,"turns":4},{"damage":13,"enemies":"Jaw Worm Horde","floor":45,"turns":3},{"damage":0,"enemies":"Maw","floor":47,"turns":4},{"damage":51,"enemies":"Writhing Mass","floor":48,"turns":9},{"damage":106,"enemies":"Awakened One","floor":50,"turns":12},{"damage":38,"enemies":"Time Eater","floor":51,"turns":10},{"damage":115,"enemies":"Shield and Spear","floor":55,"turns":9},{"damage":106,"enemies":"The Heart","floor":56,"turns":10}],"seed_played":"1043782811588724199","potions_obtained":[{"floor":2,"key":"Energy Potion"},{"floor":7,"key":"PowerPotion"},{"floor":14,"key":"AttackPotion"},{"floor":30,"key":"AttackPotion"}],"is_trial":false,"path_per_floor":["M","M","$","?","M","R","E","M","T","M","E","M","R","E","R","B",null,"M","M","?","M","M","E","R","M","T","E","R","E","M","?","R","B",null,"M","?","$","?","M","R","E","R","T","E","M","R","M","M","R","B","B",null,"R","$","E","B",null],"character_chosen":"IRONCLAD","items_purchased":["Combust","Armaments","OrangePellets","Battle Trance","Medical Kit"],"campfire_rested":0,"item_purchase_floors":[3,3,37,37,54],"current_hp_per_floor":[73,72,72,72,75,75,52,56,56,51,50,47,47,40,40,36,65,55,51,51,53,65,50,50,55,55,47,47,47,76,76,76,73,79,87,87,87,87,93,93,93,93,93,85,101,101,107,115,115,90,119,119,119,119,101,78],"gold":104,"neow_bonus":"UPGRADE_CARD","is_prod":false,"is_daily":false,"chose_seed":false,"campfire_upgraded":10,"win_rate":0,"timestamp":1557405229,"path_taken":["M","M","?","?","M","R","E","M","T","M","E","?","R","E","R","BOSS","M","?","?","?","M","E","R","M","T","E","R","E","M","?","R","BOSS","M","?","$","?","M","R","E","R","T","E","M","R","M","M","R","BOSS","BOSS","R","$","E","BOSS"],"build_version":"2019-01-23","purchased_purges":1,"victory":true,"max_hp_per_floor":[75,75,75,75,75,75,75,75,75,75,75,75,75,75,75,75,75,75,75,75,75,75,75,75,75,75,77,77,79,81,81,81,81,81,87,87,87,87,93,93,93,93,93,97,101,101,107,115,115,115,119,119,119,119,125,129],"card_choices":[{"not_picked":["Body Slam","Hemokinesis"],"picked":"Twin Strike","floor":1},{"not_picked":["Iron Wave","Clash"],"picked":"Anger","floor":2},{"not_picked":["True Grit","Cleave"],"picked":"Pommel Strike","floor":5},{"not_picked":["Twin Strike","Iron Wave","Wild Strike"],"picked":"SKIP","floor":7},{"not_picked":["Heavy Blade","Clothesline"],"picked":"Battle Trance","floor":8},{"not_picked":["Twin Strike","Evolve"],"picked":"Reaper","floor":10},{"not_picked":["Twin Strike","Anger","Iron Wave"],"picked":"SKIP","floor":11},{"not_picked":["Bloodletting","Pummel+1"],"picked":"Corruption","floor":12},{"not_picked":["Dual Wield","Warcry"],"picked":"Metallicize","floor":14},{"not_picked":["Double Tap","Juggernaut"],"picked":"Reaper+1","floor":16},{"not_picked":["Pommel Strike+1","Anger+1"],"picked":"Shockwave","floor":18},{"not_picked":["Seeing Red","Iron Wave+1","Combust"],"picked":"SKIP","floor":19},{"not_picked":["Perfected Strike+1","Armaments"],"picked":"Burning Pact","floor":21},{"not_picked":["Entrench","Havoc","Armaments"],"picked":"SKIP","floor":22},{"not_picked":["Entrench","Anger+1"],"picked":"Rupture","floor":23},{"not_picked":["Whirlwind+1","Armaments"],"picked":"Demon Form","floor":25},{"not_picked":["Sever Soul+1","Clothesline+1","Metallicize"],"picked":"Singing Bowl","floor":27},{"not_picked":["Armaments+1","Clash+1","Twin Strike+1"],"picked":"Singing Bowl","floor":29},{"not_picked":["Thunderclap+1","Intimidate"],"picked":"Heavy Blade+1","floor":30},{"not_picked":["Clash+1","Berserk","Armaments"],"picked":"Singing Bowl","floor":30},{"not_picked":["Bludgeon+1","Impervious"],"picked":"Feed+1","floor":33},{"not_picked":["Metallicize+1","Power Through"],"picked":"Sword Boomerang+1","floor":35},{"not_picked":["Blood for Blood+1","Armaments","Infernal Blade"],"picked":"Singing Bowl","floor":35},{"not_picked":["Ghostly Armor+1","Warcry"],"picked":"Whirlwind+1","floor":39},{"not_picked":["Metallicize","Body Slam+1","Power Through"],"picked":"Singing Bowl","floor":39},{"not_picked":["Entrench+1","Battle Trance"],"picked":"Inflame+1","floor":41},{"not_picked":["Clash+1","True Grit+1"],"picked":"Feel No Pain","floor":44},{"not_picked":["Cleave+1","Spot Weakness"],"picked":"Uppercut+1","floor":45},{"not_picked":["Perfected Strike+1","Hemokinesis+1"],"picked":"Offering","floor":45},{"not_picked":["Blood for Blood+1","Iron Wave+1","Evolve+1"],"picked":"Singing Bowl","floor":47},{"not_picked":["Flame Barrier","Heavy Blade+1","Infernal Blade+1"],"picked":"SKIP","floor":47},{"not_picked":["Heavy Blade+1","Infernal Blade+1"],"picked":"Flame Barrier","floor":47},{"not_picked":["Clash+1","Entrench","Inflame+1"],"picked":"Singing Bowl","floor":48},{"not_picked":["Fire Breathing","Pommel Strike+1","Bloodletting"],"picked":"Singing Bowl","floor":48},{"not_picked":["Perfected Strike+1","Heavy Blade+1","Armaments"],"picked":"Singing Bowl","floor":55}],"player_experience":3013869,"relics_obtained":[{"floor":7,"key":"Meat on the Bone"},{"floor":9,"key":"Paper Frog"},{"floor":11,"key":"Molten Egg 2"},{"floor":14,"key":"Pocketwatch"},{"floor":23,"key":"FossilizedHelix"},{"floor":26,"key":"Singing Bowl"},{"floor":27,"key":"Prayer Wheel"},{"floor":29,"key":"Dream Catcher"},{"floor":41,"key":"Omamori"},{"floor":44,"key":"Self Forming Clay"},{"floor":55,"key":"Whetstone"}],"event_choices":[{"damage_healed":0,"gold_gain":0,"player_choice":"Ignored","damage_taken":0,"max_hp_gain":0,"max_hp_loss":0,"event_name":"Liars Game","floor":4,"gold_loss":0},{"cards_removed":["Strike_R"],"damage_healed":0,"gold_gain":0,"player_choice":"Purged","damage_taken":0,"max_hp_gain":0,"max_hp_loss":0,"event_name":"Purifier","floor":20,"gold_loss":0},{"damage_healed":0,"gold_gain":0,"player_choice":"Simplicity","damage_taken":0,"max_hp_gain":0,"max_hp_loss":0,"event_name":"Back to Basics","floor":31,"gold_loss":0,"cards_upgraded":["Strike_R","Strike_R","Strike_R","Strike_R","Defend_R","Defend_R","Defend_R","Defend_R"]},{"damage_healed":0,"gold_gain":0,"player_choice":"Upgraded","damage_taken":0,"max_hp_gain":0,"max_hp_loss":0,"event_name":"Upgrade Shrine","floor":36,"gold_loss":0,"cards_upgraded":["Shockwave"]},{"damage_healed":0,"gold_gain":0,"player_choice":"Gave Potion","damage_taken":0,"relics_obtained":["Shuriken"],"max_hp_gain":0,"max_hp_loss":0,"event_name":"WeMeetAgain","floor":38,"gold_loss":0}],"is_beta":false,"boss_relics":[{"not_picked":["Busted Crown","Mark of Pain"],"picked":"Velvet Choker"},{"not_picked":["White Beast Statue","Orrery"],"picked":"Sozu"}],"items_purged_floors":[37],"is_endless":false,"potions_floor_spawned":[2,7,8,10,14,21,22,23,30,33,39,47,55],"ascension_level":20}