{"gold_per_floor":[364,384,384,161,261,289,289,50,73,104,115,145,145,164,164,164],"floor_reached":16,"playtime":1746,"items_purged":["Strike_R","Shame"],"score":118,"play_id":"d8893c84-8940-4809-adac-6bcfb001ecb0","local_time":"20190321204640","is_ascension_mode":false,"campfire_choices":[{"floor":7,"key":"REST"},{"floor":13,"key":"REST"},{"floor":15,"key":"REST"}],"neow_cost":"CURSE","seed_source_timestamp":561586964991300,"circlet_count":0,"master_deck":["Strike_R","Strike_R","Strike_R","Defend_R","Defend_R","Defend_R","Defend_R","Bash","Pommel Strike","Headbutt","Bludgeon","Flash of Steel","Twin Strike","Thunderclap","Burning Pact","Ghostly Armor"],"relics":["Burning Blood","Ornamental Fan","Bag of Marbles","Mercury Hourglass","Matryoshka"],"potions_floor_usage":[16,16,16],"damage_taken":[{"damage":9,"enemies":"Cultist","floor":1,"turns":5},{"damage":1,"enemies":"Jaw Worm","floor":2,"turns":3},{"damage":38,"enemies":"Lagavulin","floor":6,"turns":6},{"damage":26,"enemies":"3 Sentries","floor":10,"turns":7},{"damage":4,"enemies":"2 Louse","floor":11,"turns":2},{"damage":26,"enemies":"Lagavulin","floor":12,"turns":4},{"damage":1,"enemies":"Lots of Slimes","floor":14,"turns":2},{"damage":80,"enemies":"Hexaghost","floor":16,"turns":14}],"seed_played":"4375523237503775561","potions_obtained":[{"floor":6,"key":"Ancient Potion"},{"floor":10,"key":"SkillPotion"},{"floor":14,"key":"GamblersBrew"}],"is_trial":false,"path_per_floor":["M","M","?","$","?","E","R","$","T","E","M","E","R","M","R","B"],"character_chosen":"IRONCLAD","items_purchased":["Bludgeon","Flash of Steel","Twin Strike"],"campfire_rested":3,"item_purchase_floors":[4,8,8],"current_hp_per_floor":[77,80,80,80,80,48,72,72,72,52,54,34,58,63,80,0],"gold":164,"neow_bonus":"TWO_FIFTY_GOLD","is_prod":false,"is_daily":false,"chose_seed":false,"campfire_upgraded":0,"win_rate":0.0,"timestamp":1553194000,"path_taken":["M","?","?","$","?","E","R","$","T","E","?","E","R","M","R","BOSS"],"build_version":"2019-01-23","purchased_purges":2,"victory":false,"max_hp_per_floor":[80,80,80,80,80,80,80,80,80,80,80,80,80,80,80,80],"card_choices":[{"not_picked":["Flex","Burning Pact"],"picked":"Pommel Strike","floor":1},{"not_picked":["Feel No Pain","Clash"],"picked":"Headbutt","floor":2},{"not_picked":["Searing Blow","Clash","Flex"],"picked":"SKIP","floor":6},{"not_picked":["Armaments","Metallicize","Sword Boomerang"],"picked":"SKIP","floor":10},{"not_picked":["True Grit","Clash"],"picked":"Thunderclap","floor":11},{"not_picked":["Barricade","Dual Wield"],"picked":"Burning Pact","floor":12},{"not_picked":["Flex","Pommel Strike"],"picked":"Ghostly Armor","floor":14}],"player_experience":2945,"relics_obtained":[{"floor":6,"key":"Ornamental Fan"},{"floor":9,"key":"Bag of Marbles"},{"floor":10,"key":"Mercury Hourglass"},{"floor":12,"key":"Matryoshka"}],"event_choices":[{"cards_removed":["Strike_R"],"damage_healed":0,"gold_gain":0,"player_choice":"Forget","damage_taken":0,"max_hp_gain":0,"max_hp_loss":0,"event_name":"Living Wall","floor":3,"gold_loss":0},{"damage_healed":0,"gold_gain":100,"player_choice":"Pray","damage_taken":0,"max_hp_gain":0,"max_hp_loss":0,"event_name":"Golden Shrine","floor":5,"gold_loss":0}],"is_beta":false,"boss_relics":[],"items_purged_floors":[4,8],"is_endless":false,"potions_floor_spawned":[6,10,14],"killed_by":"Hexaghost","ascension_level":0}