{"gold_per_floor":[115,36,36,36,55,83,83,115,139,152,152,152,122,64,64,143,143,156,27,77,96,196,196,223,223,223,241,241,273,273,273,273,348,348,368,368,386,732,759,759,784,44,44,61,78,113,131,156,156,156,156],"floor_reached":52,"playtime":1958,"items_purged":["Strike_B+1"],"score":2039,"play_id":"5e218c59-af48-4b4f-9dfd-2412d1b244d4","local_time":"20190128104820","is_ascension_mode":true,"campfire_choices":[{"floor":7.0,"key":"REST"},{"data":"Dualcast","floor":11.0,"key":"SMITH"},{"data":"Redo","floor":15.0,"key":"SMITH"},{"data":"Defragment","floor":23.0,"key":"SMITH"},{"floor":25.0,"key":"REST"},{"data":"Darkness","floor":32.0,"key":"SMITH"},{"floor":40.0,"key":"REST"},{"data":"Seek","floor":49.0,"key":"SMITH"}],"neow_cost":"NONE","seed_source_timestamp":0,"circlet_count":0,"master_deck":["AscendersBane","Defend_B","Defend_B","Defend_B","Zap","Dualcast+1","BootSequence","Doom and Gloom+1","FTL+1","Redo+1","Seek+1","Hyperbeam+1","Stack+1","Self Repair+1","Glacier","Defragment+1","Darkness+1","Necronomicurse","Defragment+1","Electrodynamics","Undo+1","Hologram","Defragment","Compile Driver"],"special_seed":0,"relics":["Busted Crown","Regal Pillow","Oddly Smooth Stone","Juzu Bracelet","Astrolabe","StoneCalendar","Letter Opener","Whetstone","Mercury Hourglass","Necronomicon","PreservedInsect","Velvet Choker","Old Coin","Vajra","Dodecahedron","Strange Spoon","Blood Vial","Shovel","DataDisk","Thread and Needle"],"potions_floor_usage":[51,51],"damage_taken":[{"damage":2.0,"enemies":"Jaw Worm","floor":1.0,"turns":4.0},{"damage":2.0,"enemies":"2 Louse","floor":5.0,"turns":3.0},{"damage":41.0,"enemies":"Gremlin Nob","floor":6.0,"turns":5.0},{"damage":15.0,"enemies":"3 Sentries","floor":8.0,"turns":5.0},{"damage":0.0,"enemies":"Small Slimes","floor":10.0,"turns":1.0},{"damage":0.0,"enemies":"Hexaghost","floor":16.0,"turns":7.0},{"damage":17.0,"enemies":"Spheric Guardian","floor":18.0,"turns":4.0},{"damage":6.0,"enemies":"Chosen","floor":21.0,"turns":5.0},{"damage":6.0,"enemies":"Colosseum Slavers","floor":22.0,"turns":4.0},{"damage":32.0,"enemies":"Colosseum Nobs","floor":22.0,"turns":4.0},{"damage":6.0,"enemies":"Slavers","floor":24.0,"turns":2.0},{"damage":16.0,"enemies":"Snake Plant","floor":27.0,"turns":5.0},{"damage":10.0,"enemies":"Book of Stabbing","floor":29.0,"turns":3.0},{"damage":39.0,"enemies":"Automaton","floor":33.0,"turns":9.0},{"damage":7.0,"enemies":"3 Shapes","floor":35.0,"turns":2.0},{"damage":0.0,"enemies":"3 Darklings","floor":37.0,"turns":1.0},{"damage":26.0,"enemies":"2 Orb Walkers","floor":38.0,"turns":3.0},{"damage":4.0,"enemies":"Giant Head","floor":41.0,"turns":6.0},{"damage":6.0,"enemies":"Jaw Worm Horde","floor":44.0,"turns":2.0},{"damage":2.0,"enemies":"Maw","floor":45.0,"turns":6.0},{"damage":14.0,"enemies":"Reptomancer","floor":46.0,"turns":4.0},{"damage":0.0,"enemies":"Sphere and 2 Shapes","floor":47.0,"turns":3.0},{"damage":10.0,"enemies":"Nemesis","floor":48.0,"turns":3.0},{"damage":3.0,"enemies":"Donu and Deca","floor":50.0,"turns":8.0},{"damage":58,"enemies":"Time Eater","floor":51,"turns":7}],"seed_played":"5411835789567384752","potions_obtained":[{"floor":1.0,"key":"SteroidPotion"},{"floor":5.0,"key":"EssenceOfSteel"},{"floor":13.0,"key":"Regen Potion"},{"floor":13.0,"key":"Swift Potion"},{"floor":16.0,"key":"Poison Potion"},{"floor":18.0,"key":"FocusPotion"},{"floor":22.0,"key":"Block Potion"},{"floor":27.0,"key":"Explosive Potion"},{"floor":33.0,"key":"SneckoOil"},{"floor":37.0,"key":"FearPotion"},{"floor":45.0,"key":"PowerPotion"},{"floor":46.0,"key":"Fire Potion"}],"is_trial":false,"path_per_floor":["M","$","?","?","M","E","R","E","T","M","R","?","?","$","R","B",null,"M","$","?","M","?","R","E","R","T","M","?","E","?","?","R","B",null,"M","?","M","?","T","R","E","$","T","M","M","E","M","E","R","B","B",null],"character_chosen":"DEFECT","items_purchased":["Doom and Gloom","Redo","Glacier","Defragment","Strange Spoon","FocusPotion","Hologram","Defragment","Blood Vial","Compile Driver"],"campfire_rested":3,"item_purchase_floors":[2,14,19,19,42,42,42,42,42,42],"current_hp_per_floor":[62,62,62,62,60,19,55,40,40,40,40,33,33,33,33,33,62,55,55,55,71,43,43,37,71,71,65,44,44,44,44,44,15,57,50,50,50,24,24,59,65,65,65,67,67,63,67,57,57,66,9],"gold":156,"neow_bonus":"BOSS_RELIC","is_prod":false,"is_daily":false,"chose_seed":true,"campfire_upgraded":5,"win_rate":0,"timestamp":1548643700,"path_taken":["M","$","?","?","M","E","R","E","T","M","R","?","?","$","R","BOSS","M","$","?","M","?","R","E","R","T","M","?","E","?","?","R","BOSS","M","?","M","?","?","R","E","$","T","M","M","E","M","E","R","BOSS","BOSS"],"build_version":"2019-01-23","purchased_purges":1,"victory":true,"max_hp_per_floor":[71,71,71,71,71,71,71,71,71,71,71,71,71,71,71,71,71,71,71,71,71,71,71,71,71,71,71,71,71,71,71,71,71,71,71,67,67,67,67,67,67,67,67,67,67,67,67,67,67,67,67],"card_choices":[{"not_picked":[],"picked":"BootSequence","floor":1.0},{"not_picked":["Stack"],"picked":"SKIP","floor":5.0},{"not_picked":[],"picked":"FTL","floor":6.0},{"not_picked":["Turbo"],"picked":"SKIP","floor":8.0},{"not_picked":["Go for the Eyes"],"picked":"SKIP","floor":10.0},{"not_picked":[],"picked":"Seek","floor":16.0},{"not_picked":["Scrape"],"picked":"SKIP","floor":18.0},{"not_picked":["Double Energy"],"picked":"SKIP","floor":21.0},{"not_picked":["Tempest"],"picked":"SKIP","floor":24.0},{"not_picked":[],"picked":"Darkness","floor":27.0},{"not_picked":["Leap+1"],"picked":"SKIP","floor":29.0},{"not_picked":[],"picked":"Electrodynamics","floor":33.0},{"not_picked":["Cold Snap"],"picked":"SKIP","floor":35.0},{"not_picked":["Sweeping Beam"],"picked":"SKIP","floor":37.0},{"not_picked":[],"picked":"Undo+1","floor":38.0},{"not_picked":["Reboot"],"picked":"SKIP","floor":41.0},{"not_picked":["Compile Driver+1"],"picked":"SKIP","floor":44.0},{"not_picked":["Compile Driver+1"],"picked":"SKIP","floor":44.0},{"not_picked":["Compile Driver"],"picked":"SKIP","floor":45.0},{"not_picked":["Rebound+1"],"picked":"SKIP","floor":46.0},{"not_picked":["Aggregate+1"],"picked":"SKIP","floor":47.0},{"not_picked":["Electrodynamics"],"picked":"SKIP","floor":48.0}],"player_experience":2609048,"relics_obtained":[{"floor":6.0,"key":"Regal Pillow"},{"floor":8.0,"key":"Oddly Smooth Stone"},{"floor":9.0,"key":"Juzu Bracelet"},{"floor":22.0,"key":"StoneCalendar"},{"floor":22.0,"key":"Letter Opener"},{"floor":24.0,"key":"Whetstone"},{"floor":26.0,"key":"Mercury Hourglass"},{"floor":28.0,"key":"Necronomicon"},{"floor":29.0,"key":"PreservedInsect"},{"floor":38.0,"key":"Old Coin"},{"floor":39.0,"key":"Vajra"},{"floor":41.0,"key":"Dodecahedron"},{"floor":43.0,"key":"Shovel"},{"floor":46.0,"key":"DataDisk"},{"floor":48.0,"key":"Thread and Needle"}],"event_choices":[{"damage_healed":0.0,"max_hp_gain":0.0,"max_hp_loss":0.0,"gold_gain":0.0,"event_name":"Liars Game","player_choice":"Ignored","floor":3.0,"gold_loss":0.0,"damage_taken":0.0},{"damage_healed":0.0,"max_hp_gain":0.0,"max_hp_loss":0.0,"gold_gain":0.0,"event_name":"Living Wall","player_choice":"Grow","floor":4.0,"gold_loss":0.0,"damage_taken":0.0,"cards_upgraded":["Doom and Gloom"]},{"cards_removed":["Strike_B"],"damage_healed":0.0,"max_hp_gain":0.0,"max_hp_loss":0.0,"gold_gain":0.0,"event_name":"Golden Wing","player_choice":"Card Removal","floor":12.0,"gold_loss":0.0,"damage_taken":7.0},{"damage_healed":0.0,"max_hp_gain":0.0,"max_hp_loss":0.0,"gold_gain":0.0,"event_name":"The Woman in Blue","player_choice":"Bought 2 Potions","floor":13.0,"gold_loss":0.0,"damage_taken":0.0},{"damage_healed":0.0,"max_hp_gain":0.0,"max_hp_loss":0.0,"gold_gain":50.0,"event_name":"Nest","player_choice":"Stole From Cult","floor":20.0,"gold_loss":0.0,"damage_taken":0.0},{"damage_healed":0.0,"max_hp_gain":0.0,"max_hp_loss":0.0,"gold_gain":0.0,"event_name":"Colosseum","player_choice":"Fight","floor":22.0,"gold_loss":0.0,"damage_taken":0.0},{"damage_healed":0.0,"max_hp_gain":0.0,"max_hp_loss":0.0,"gold_gain":0.0,"event_name":"Colosseum","player_choice":"Fought Nobs","floor":22.0,"gold_loss":0.0,"damage_taken":0.0},{"damage_healed":0.0,"max_hp_gain":0.0,"max_hp_loss":0.0,"gold_gain":0.0,"event_name":"Cursed Tome","player_choice":"Obtained Book","floor":28.0,"gold_loss":0.0,"damage_taken":21.0},{"damage_healed":0.0,"max_hp_gain":0.0,"max_hp_loss":0.0,"gold_gain":0.0,"event_name":"The Library","player_choice":"Read","floor":30.0,"gold_loss":0.0,"damage_taken":0.0,"cards_obtained":["Defragment"]},{"damage_healed":0.0,"max_hp_gain":0.0,"max_hp_loss":0.0,"gold_gain":0.0,"event_name":"Upgrade Shrine","player_choice":"Upgraded","floor":31.0,"gold_loss":0.0,"damage_taken":0.0,"cards_upgraded":["Defragment"]},{"damage_healed":0.0,"max_hp_gain":0.0,"max_hp_loss":4.0,"gold_gain":0.0,"event_name":"Winding Halls","player_choice":"Max HP","floor":36.0,"gold_loss":0.0,"damage_taken":0.0},{"damage_healed":0.0,"max_hp_gain":0.0,"max_hp_loss":0.0,"gold_gain":0.0,"event_name":"Mysterious Sphere","player_choice":"Fight","floor":38.0,"gold_loss":0.0,"damage_taken":0.0}],"is_beta":false,"boss_relics":[{"not_picked":["Lizard Tail","Fusion Hammer"],"picked":"Astrolabe"},{"not_picked":["Orrery","Snecko Eye"],"picked":"Velvet Choker"}],"items_purged_floors":[42],"is_endless":false,"potions_floor_spawned":[1,5,16,18,22,27,33,37,41,45,46,48],"ascension_level":20}