{"gold_per_floor":[12,12,32,47,122,187,187,212,265,265,140,153,153,164,164,164],"floor_reached":16,"playtime":401,"items_purged":["Regret"],"score":143,"play_id":"57345101-ffff-4199-8fd4-1e9cf972c328","local_time":"25610723030357","is_ascension_mode":true,"campfire_choices":[{"floor":7,"key":"REST"},{"floor":13,"key":"REST"},{"floor":15,"key":"REST"}],"neow_cost":"NO_GOLD","seed_source_timestamp":62269414999411,"circlet_count":0,"master_deck":["Strike_R","Strike_R","Strike_R","Strike_R","Strike_R","Defend_R","Defend_R","Defend_R","Defend_R","Bash","Reaper","Warcry","Spot Weakness","Flex","Power Through"],"relics":["Burning Blood","Darkstone Periapt","Tiny Chest","Bag of Marbles","Omamori"],"potions_floor_usage":[6,12,16,16],"damage_taken":[{"damage":10,"enemies":"Small Slimes","floor":1,"turns":4},{"damage":11,"enemies":"Cultist","floor":3,"turns":4},{"damage":11,"enemies":"Jaw Worm","floor":4,"turns":3},{"damage":69,"enemies":"Lagavulin","floor":6,"turns":8},{"damage":38,"enemies":"Gremlin Nob","floor":8,"turns":4},{"damage":7,"enemies":"Looter","floor":12,"turns":3},{"damage":29,"enemies":"3 Louse","floor":14,"turns":4},{"damage":59,"enemies":"The Guardian","floor":16,"turns":11}],"seed_played":"185405846900159677","potions_obtained":[{"floor":1,"key":"Weak Potion"},{"floor":8,"key":"Fire Potion"},{"floor":14,"key":"Explosive Potion"}],"is_trial":false,"path_per_floor":["M","?","M","M","?","E","R","E","T","?","$","M","R","M","R"],"character_chosen":"IRONCLAD","items_purchased":["Swift Potion"],"campfire_rested":3,"item_purchase_floors":[11],"current_hp_per_floor":[75,81,82,86,75,16,41,15,15,15,15,20,45,34,59,0],"gold":164,"neow_bonus":"THREE_RARE_CARDS","is_prod":false,"is_daily":false,"chose_seed":false,"campfire_upgraded":0,"win_rate":0,"timestamp":1532289837,"path_taken":["M","?","?","M","?","E","R","E","T","?","$","M","R","?","R","BOSS"],"build_version":"2018-07-19v2","purchased_purges":1,"victory":false,"max_hp_per_floor":[80,86,86,86,86,86,86,86,86,86,86,86,86,86,86,86],"card_choices":[{"not_picked":["Fiend Fire","Demon Form"],"picked":"Reaper","floor":0},{"not_picked":["Dropkick","Shrug It Off"],"picked":"Warcry","floor":1},{"not_picked":["Fire Breathing","Headbutt"],"picked":"Spot Weakness","floor":3},{"not_picked":["Armaments","Shrug It Off","Perfected Strike"],"picked":"SKIP","floor":4},{"not_picked":["Dual Wield","Anger"],"picked":"Flex","floor":6},{"not_picked":["Body Slam","Havoc"],"picked":"Power Through","floor":8},{"not_picked":["Wild Strike","Power Through","Body Slam"],"picked":"SKIP","floor":12},{"not_picked":["Feed","Perfected Strike","Havoc"],"picked":"SKIP","floor":14}],"player_experience":125368,"relics_obtained":[{"floor":6,"key":"Tiny Chest"},{"floor":8,"key":"Bag of Marbles"},{"floor":9,"key":"Omamori"}],"event_choices":[{"event_name":"Big Fish","player_choice":"Box","floor":2,"damage_taken":0},{"event_name":"World of Goop","player_choice":"Gather Gold","floor":5,"damage_taken":0},{"event_name":"Shining Light","player_choice":"Ignored","floor":10,"damage_taken":0}],"is_beta":false,"boss_relics":[],"items_purged_floors":[11],"is_endless":false,"potions_floor_spawned":[1,8,14],"killed_by":"The Guardian","ascension_level":6}