{"gold_per_floor":[113,130,150,166,166,491,502,529,529,556,396,411,425,442,442,514,514,529,529,372,372,372,398,413,442,510,530,556,76,86,96,96,171,171,184,184,184,284,284,284,284,299,323,349,8,8,8,8,8,8,8],"floor_reached":52,"playtime":2372,"items_purged":[],"score":2095,"play_id":"3e9b709c-405c-4936-bc95-6aeb851fc0aa","local_time":"20181121215928","daily_mods":["SealedDeck"],"is_ascension_mode":true,"campfire_choices":[{"data":"Feel No Pain","floor":15,"key":"SMITH"},{"data":"Feel No Pain","floor":32,"key":"SMITH"},{"data":"1","floor":40,"key":"LIFT"},{"floor":46,"key":"REST"},{"floor":49,"key":"REST"}],"neow_cost":"","seed_source_timestamp":35114610449515,"circlet_count":0,"master_deck":["AscendersBane","Havoc+1","Clothesline","Iron Wave","True Grit","Feel No Pain+1","Pommel Strike+1","Armaments+1","Whirlwind","Anger+1","True Grit","Reckless Charge+1","Disarm","Disarm+1","Juggernaut","Pummel","Spot Weakness","Offering","Shockwave","Feel No Pain+1","Exhume","Decay","Disarm","Feel No Pain","Writhe"],"relics":["Burning Blood","Old Coin","Letter Opener","Mercury Hourglass","Bag of Marbles","Whetstone","Orrery","Juzu Bracelet","Pocketwatch","Dodecahedron","Gremlin Horn","Omamori","Vajra","Self Forming Clay","Calling Bell","War Paint","Blue Candle","Girya","Bird Faced Urn","Bronze Scales","Happy Flower","Charon\u0027s Ashes"],"potions_floor_usage":[8,23,25,28,33,35,44],"damage_taken":[{"damage":2,"enemies":"Jaw Worm","floor":1,"turns":3},{"damage":1,"enemies":"Small Slimes","floor":2,"turns":3},{"damage":0,"enemies":"2 Louse","floor":3,"turns":3},{"damage":0,"enemies":"Lots of Slimes","floor":4,"turns":3},{"damage":0,"enemies":"Lagavulin","floor":6,"turns":7},{"damage":0,"enemies":"3 Louse","floor":7,"turns":1},{"damage":9,"enemies":"Gremlin Nob","floor":8,"turns":4},{"damage":9,"enemies":"Lagavulin","floor":10,"turns":6},{"damage":0,"enemies":"Blue Slaver","floor":12,"turns":2},{"damage":0,"enemies":"Red Slaver","floor":13,"turns":3},{"damage":8,"enemies":"Gremlin Gang","floor":14,"turns":3},{"damage":0,"enemies":"The Guardian","floor":16,"turns":7},{"damage":8,"enemies":"Chosen","floor":18,"turns":4},{"damage":6,"enemies":"Gremlin Leader","floor":23,"turns":3},{"damage":22,"enemies":"2 Thieves","floor":24,"turns":4},{"damage":13,"enemies":"Book of Stabbing","floor":25,"turns":5},{"damage":17,"enemies":"Snake Plant","floor":27,"turns":3},{"damage":10,"enemies":"Slavers","floor":28,"turns":3},{"damage":6,"enemies":"Chosen and Byrds","floor":30,"turns":4},{"damage":13,"enemies":"Centurion and Healer","floor":31,"turns":6},{"damage":12,"enemies":"Collector","floor":33,"turns":9},{"damage":27,"enemies":"3 Darklings","floor":35,"turns":6},{"damage":2,"enemies":"Mind Bloom Boss Battle","floor":38,"turns":9},{"damage":6,"enemies":"Orb Walker","floor":42,"turns":2},{"damage":55,"enemies":"Nemesis","floor":44,"turns":6},{"damage":37,"enemies":"Time Eater","floor":50,"turns":16},{"damage":46,"enemies":"Awakened One","floor":51,"turns":15}],"seed_played":"-1378508658629977197","potions_obtained":[{"floor":2,"key":"FearPotion"},{"floor":7,"key":"Regen Potion"},{"floor":10,"key":"PowerPotion"},{"floor":23,"key":"BloodPotion"},{"floor":28,"key":"Block Potion"},{"floor":33,"key":"Energy Potion"},{"floor":39,"key":"SkillPotion"},{"floor":39,"key":"Fire Potion"}],"is_trial":true,"path_per_floor":["M","M","M","M","?","E","M","E","T","E","$","M","M","M","R","B",null,"M","?","$","?","?","E","M","E","T","M","E","$","M","M","R","B",null,"M","?","?","?","?","R","$","M","T","E","$","R","?","?","R","B","B",null],"character_chosen":"IRONCLAD","items_purchased":["Whetstone","Juzu Bracelet","Feel No Pain","Vajra","Self Forming Clay","Charon\u0027s Ashes"],"campfire_rested":2,"item_purchase_floors":[11,20,29,29,29,45],"current_hp_per_floor":[72,75,75,75,52,58,64,61,61,58,58,64,70,68,68,74,75,73,73,73,73,73,73,57,64,64,53,56,56,56,49,49,43,67,46,46,46,50,50,50,50,52,52,9,9,31,46,46,68,45,9],"gold":8,"neow_bonus":"","is_prod":false,"is_daily":false,"chose_seed":false,"campfire_upgraded":2,"win_rate":0,"timestamp":1542866368,"path_taken":["M","M","M","M","?","E","M","E","T","E","$","M","M","M","R","BOSS","M","?","$","?","?","E","M","E","T","M","E","$","M","M","R","BOSS","M","?","?","?","?","R","$","M","T","E","$","R","?","?","R","BOSS","BOSS"],"build_version":"2018-11-15","purchased_purges":0,"victory":true,"max_hp_per_floor":[75,75,75,75,75,75,75,75,75,75,75,75,75,75,75,75,75,75,75,75,75,75,75,75,75,75,75,75,75,75,75,75,75,75,75,75,75,75,75,75,75,75,75,75,75,75,75,75,75,75,75],"card_choices":[{"not_picked":["Blood for Blood","Clothesline"],"picked":"Reckless Charge","floor":1},{"not_picked":["Thunderclap","Body Slam","Cleave"],"picked":"SKIP","floor":2},{"not_picked":["Anger","Cleave","Whirlwind"],"picked":"SKIP","floor":3},{"not_picked":["Bloodletting","Clash"],"picked":"Disarm","floor":4},{"not_picked":["Searing Blow","Shrug It Off"],"picked":"Disarm","floor":6},{"not_picked":["Twin Strike","Headbutt","Metallicize"],"picked":"SKIP","floor":7},{"not_picked":["Infernal Blade","Body Slam","Sword Boomerang"],"picked":"SKIP","floor":8},{"not_picked":["Body Slam","True Grit"],"picked":"Juggernaut","floor":10},{"not_picked":["Perfected Strike","Twin Strike"],"picked":"Pummel","floor":12},{"not_picked":["Sword Boomerang","Second Wind","Perfected Strike"],"picked":"SKIP","floor":13},{"not_picked":["Reckless Charge","Fire Breathing"],"picked":"Spot Weakness","floor":14},{"not_picked":["Bludgeon","Offering"],"picked":"Dark Embrace","floor":16},{"not_picked":["Havoc","Searing Blow"],"picked":"Offering","floor":17},{"not_picked":["Cleave","Heavy Blade","Perfected Strike"],"picked":"SKIP","floor":18},{"not_picked":["Inflame","Clash","Wild Strike"],"picked":"SKIP","floor":23},{"not_picked":["Second Wind","Sword Boomerang","Warcry"],"picked":"SKIP","floor":24},{"not_picked":["Demon Form","Sword Boomerang","Uppercut+1"],"picked":"SKIP","floor":25},{"not_picked":["Clash","Iron Wave","Searing Blow"],"picked":"SKIP","floor":27},{"not_picked":["Perfected Strike+1","Shrug It Off","Brutality"],"picked":"SKIP","floor":28},{"not_picked":["Thunderclap","Anger","Intimidate"],"picked":"SKIP","floor":30},{"not_picked":["Disarm","Headbutt","Metallicize"],"picked":"SKIP","floor":31},{"not_picked":["Bludgeon","Limit Break"],"picked":"Exhume","floor":33},{"not_picked":["Flex","Power Through"],"picked":"Disarm","floor":35},{"not_picked":["Anger+1","Body Slam","Pommel Strike"],"picked":"SKIP","floor":42},{"not_picked":["Entrench+1","Clash"],"picked":"Feel No Pain","floor":44}],"player_experience":1649310,"relics_obtained":[{"floor":6,"key":"Old Coin"},{"floor":8,"key":"Letter Opener"},{"floor":9,"key":"Mercury Hourglass"},{"floor":10,"key":"Bag of Marbles"},{"floor":23,"key":"Pocketwatch"},{"floor":25,"key":"Dodecahedron"},{"floor":26,"key":"Gremlin Horn"},{"floor":28,"key":"Omamori"},{"floor":34,"key":"War Paint"},{"floor":34,"key":"Blue Candle"},{"floor":34,"key":"Girya"},{"floor":38,"key":"Bird Faced Urn"},{"floor":43,"key":"Bronze Scales"},{"floor":44,"key":"Happy Flower"}],"event_choices":[{"damage_healed":0,"gold_gain":0,"player_choice":"Entered Light","damage_taken":23,"max_hp_gain":0,"max_hp_loss":0,"event_name":"Shining Light","floor":5,"gold_loss":0,"cards_upgraded":["Anger","Armaments"]},{"damage_healed":0,"gold_gain":0,"player_choice":"Read","damage_taken":0,"max_hp_gain":0,"max_hp_loss":0,"event_name":"The Library","floor":19,"gold_loss":0,"cards_obtained":["Shockwave"]},{"damage_healed":0,"gold_gain":0,"player_choice":"Ignored","damage_taken":0,"max_hp_gain":0,"max_hp_loss":0,"event_name":"Beggar","floor":21,"gold_loss":0},{"damage_healed":0,"gold_gain":0,"player_choice":"Simplicity","damage_taken":0,"max_hp_gain":0,"max_hp_loss":0,"event_name":"Back to Basics","floor":22,"gold_loss":0,"cards_upgraded":[]},{"damage_healed":0,"gold_gain":0,"player_choice":"Ignored","damage_taken":0,"max_hp_gain":0,"max_hp_loss":0,"event_name":"Tomb of Lord Red Mask","floor":36,"gold_loss":0},{"cards_removed":["Dark Embrace"],"damage_healed":0,"gold_gain":0,"player_choice":"Removed Power","damage_taken":0,"max_hp_gain":0,"max_hp_loss":0,"event_name":"Falling","floor":37,"gold_loss":0},{"damage_healed":0,"gold_gain":0,"player_choice":"Fight","damage_taken":0,"max_hp_gain":0,"max_hp_loss":0,"event_name":"MindBloom","floor":38,"gold_loss":0},{"damage_healed":0,"gold_gain":0,"player_choice":"Got Potions","damage_taken":0,"max_hp_gain":0,"max_hp_loss":0,"event_name":"Lab","floor":39,"gold_loss":0},{"damage_healed":15,"gold_gain":0,"player_choice":"Writhe","damage_taken":0,"max_hp_gain":0,"max_hp_loss":0,"event_name":"Winding Halls","floor":47,"gold_loss":0,"cards_obtained":["Writhe"]},{"damage_healed":0,"gold_gain":0,"player_choice":"Ignored","damage_taken":0,"max_hp_gain":0,"max_hp_loss":0,"event_name":"Mysterious Sphere","floor":48,"gold_loss":0}],"is_beta":false,"boss_relics":[{"not_picked":["Lizard Tail","Eternal Feather"],"picked":"Orrery"},{"not_picked":["Coffee Dripper","Tiny House"],"picked":"Calling Bell"}],"items_purged_floors":[],"is_endless":false,"potions_floor_spawned":[2,7,10,12,14,18,23,28,33,42],"ascension_level":20}