{"gold_per_floor":[119,294,294,369,381,414,414,433,460,385,405,415,427,438,438,535,535,549,559,559,559,474,474,474,674,727,743,762,762,781,791,791,889,889,903,916,916,932,944,974,974,974,997,997,997,1016,1032,1052,1052,1052],"floor_reached":51,"playtime":3591,"items_purged":["Doubt"],"score":909,"play_id":"962f0f64-93ff-4fcf-959e-1e15ee9642aa","local_time":"20190412001713","is_ascension_mode":true,"campfire_choices":[{"data":"Burst","floor":7.0,"key":"SMITH"},{"floor":15.0,"key":"REST"},{"data":"Bouncing Flask","floor":23.0,"key":"SMITH"},{"floor":29.0,"key":"REST"},{"floor":32.0,"key":"REST"},{"floor":41.0,"key":"REST"},{"data":"Corpse Explosion","floor":44,"key":"SMITH"},{"floor":49,"key":"REST"}],"neow_cost":"NONE","seed_source_timestamp":43944707606769,"circlet_count":0,"master_deck":["Defend_G+1","Defend_G+1","Defend_G+1","Defend_G+1","Defend_G+1","Strike_G+1","Strike_G+1","Strike_G+1","Strike_G+1","Strike_G+1","Survivor","Neutralize","Escape Plan","Bouncing Flask+1","Burst+1","Poisoned Stab","Corpse Explosion+1","Glass Knife","RitualDagger","Backflip+1","Dagger Spray+1","Tools of the Trade","Neutralize","Concentrate","Doubt"],"special_seed":0,"relics":["Ring of the Snake","NeowsBlessing","Centennial Puzzle","Snake Skull","Sozu","Calipers","Happy Flower","Lizard Tail","PreservedInsect","Juzu Bracelet"],"potions_floor_usage":[],"damage_taken":[{"damage":0.0,"enemies":"Jaw Worm","floor":1.0,"turns":1.0},{"damage":0.0,"enemies":"Small Slimes","floor":5.0,"turns":1.0},{"damage":0.0,"enemies":"3 Sentries","floor":6.0,"turns":1.0},{"damage":0.0,"enemies":"2 Louse","floor":8.0,"turns":5.0},{"damage":11.0,"enemies":"2 Fungi Beasts","floor":11.0,"turns":4.0},{"damage":1.0,"enemies":"3 Louse","floor":12.0,"turns":5.0},{"damage":16.0,"enemies":"Gremlin Gang","floor":13.0,"turns":6.0},{"damage":8.0,"enemies":"2 Fungi Beasts","floor":14.0,"turns":4.0},{"damage":15.0,"enemies":"The Guardian","floor":16.0,"turns":7.0},{"damage":5.0,"enemies":"Shell Parasite","floor":18.0,"turns":5.0},{"damage":0.0,"enemies":"Spheric Guardian","floor":19.0,"turns":3.0},{"damage":19.0,"enemies":"Snecko","floor":27.0,"turns":4.0},{"damage":7.0,"enemies":"Centurion and Healer","floor":28.0,"turns":3.0},{"damage":20.0,"enemies":"Shelled Parasite and Fungi","floor":30.0,"turns":4.0},{"damage":9.0,"enemies":"Snecko","floor":31.0,"turns":4.0},{"damage":30.0,"enemies":"Collector","floor":33.0,"turns":9.0},{"damage":7.0,"enemies":"3 Darklings","floor":35.0,"turns":3.0},{"damage":5.0,"enemies":"Orb Walker","floor":36.0,"turns":4.0},{"damage":31.0,"enemies":"Sphere and 2 Shapes","floor":38.0,"turns":5.0},{"damage":0.0,"enemies":"3 Darklings","floor":39.0,"turns":3.0},{"damage":26.0,"enemies":"Nemesis","floor":40.0,"turns":5.0},{"damage":0,"enemies":"4 Shapes","floor":46,"turns":4},{"damage":26,"enemies":"Writhing Mass","floor":47,"turns":6},{"damage":3,"enemies":"Maw","floor":48,"turns":7},{"damage":103,"enemies":"Time Eater","floor":50,"turns":12}],"seed_played":"-1682234887860533223","potions_obtained":[{"floor":1.0,"key":"Block Potion"},{"floor":5.0,"key":"Swift Potion"},{"floor":11.0,"key":"Strength Potion"},{"floor":13.0,"key":"Weak Potion"}],"is_trial":false,"path_per_floor":["M","?","?","?","M","E","R","M","T","$","M","M","M","M","R","B",null,"M","M","?","?","?","R","?","?","T","M","M","R","M","M","R","B",null,"M","M","?","M","M","E","R","?","T","R","?","M","M","M","R","B",null],"character_chosen":"THE_SILENT","items_purchased":[],"campfire_rested":5,"item_purchase_floors":[],"current_hp_per_floor":[70,70,75,64,64,64,64,64,64,64,53,52,36,28,50,35,75,70,70,70,64,64,64,64,64,64,45,38,60,40,31,53,23,75,68,63,63,32,32,6,28,75,75,75,75,75,49,46,68,10],"gold":1052,"neow_bonus":"THREE_ENEMY_KILL","is_prod":false,"is_daily":false,"chose_seed":false,"campfire_upgraded":3,"win_rate":0,"timestamp":1555024633,"path_taken":["M","?","?","?","M","E","R","M","T","?","M","M","M","M","R","BOSS","M","M","?","?","?","R","?","?","T","M","M","R","M","M","R","BOSS","M","?","?","M","?","E","R","?","T","R","?","M","M","M","R","BOSS"],"build_version":"2019-01-23","purchased_purges":1,"victory":true,"max_hp_per_floor":[70,70,75,75,75,75,75,75,75,75,75,75,75,75,75,75,75,75,75,75,75,75,75,75,75,75,75,75,75,75,75,75,75,75,75,75,75,75,75,75,75,75,75,75,75,75,75,75,75,75],"card_choices":[{"not_picked":["Reflex","Setup"],"picked":"Escape Plan","floor":1.0},{"not_picked":["Slice","All Out Attack"],"picked":"Bouncing Flask","floor":5.0},{"not_picked":["Expertise","Outmaneuver"],"picked":"Burst","floor":6.0},{"not_picked":["Sucker Punch","Outmaneuver","Endless Agony"],"picked":"SKIP","floor":8.0},{"not_picked":["Reflex","Skewer","Dodge and Roll"],"picked":"SKIP","floor":11.0},{"not_picked":["Acrobatics","Flying Knee","Reflex"],"picked":"SKIP","floor":12.0},{"not_picked":["Outmaneuver","Dagger Throw"],"picked":"Poisoned Stab","floor":13.0},{"not_picked":["Deadly Poison","Poisoned Stab"],"picked":"Corpse Explosion","floor":14.0},{"not_picked":["Venomology","Malaise"],"picked":"Glass Knife","floor":16.0},{"not_picked":["Leg Sweep","Eviscerate","Flying Knee"],"picked":"SKIP","floor":18.0},{"not_picked":["Flying Knee","Finisher+1","Blade Dance"],"picked":"SKIP","floor":19.0},{"not_picked":["Masterful Stab+1","PiercingWail","Grand Finale"],"picked":"SKIP","floor":27.0},{"not_picked":["Endless Agony+1","Quick Slash"],"picked":"Backflip+1","floor":28.0},{"not_picked":["Acrobatics","Backflip","Concentrate+1"],"picked":"SKIP","floor":30.0},{"not_picked":["Expertise","Dagger Throw"],"picked":"Dagger Spray+1","floor":31.0},{"not_picked":["Corpse Explosion","Night Terror"],"picked":"Tools of the Trade","floor":33.0},{"not_picked":["Quick Slash+1","Expertise+1","Backflip"],"picked":"SKIP","floor":35.0},{"not_picked":["Prepared","Deflect","Backflip"],"picked":"SKIP","floor":36.0},{"not_picked":["Heel Hook+1","Outmaneuver+1","Slice+1"],"picked":"SKIP","floor":38.0},{"not_picked":["Underhanded Strike+1","Dodge and Roll","Finisher+1"],"picked":"SKIP","floor":39.0},{"not_picked":["Prepared+1","Slice","Reflex"],"picked":"SKIP","floor":40.0},{"not_picked":["Acrobatics+1","Flying Knee","Dagger Throw+1"],"picked":"SKIP","floor":46},{"not_picked":["Quick Slash+1","Grand Finale","Prepared"],"picked":"SKIP","floor":47},{"not_picked":["Masterful Stab+1","Prepared","Cloak And Dagger"],"picked":"SKIP","floor":48}],"player_experience":578730,"relics_obtained":[{"floor":6.0,"key":"Centennial Puzzle"},{"floor":9.0,"key":"Snake Skull"},{"floor":26.0,"key":"Happy Flower"},{"floor":40.0,"key":"PreservedInsect"},{"floor":43.0,"key":"Juzu Bracelet"}],"event_choices":[{"damage_healed":0.0,"max_hp_gain":0.0,"max_hp_loss":0.0,"gold_gain":175.0,"event_name":"Liars Game","player_choice":"AGREE","floor":2.0,"gold_loss":0.0,"damage_taken":0.0,"cards_obtained":["Doubt"]},{"damage_healed":0.0,"max_hp_gain":5.0,"max_hp_loss":0.0,"gold_gain":0.0,"event_name":"Big Fish","player_choice":"Donut","floor":3.0,"gold_loss":0.0,"damage_taken":0.0},{"damage_healed":0.0,"max_hp_gain":0.0,"max_hp_loss":0.0,"gold_gain":75.0,"event_name":"World of Goop","player_choice":"Gather Gold","floor":4.0,"gold_loss":0.0,"damage_taken":11.0},{"damage_healed":0.0,"max_hp_gain":0.0,"max_hp_loss":0.0,"gold_gain":0.0,"event_name":"Back to Basics","player_choice":"Simplicity","floor":20.0,"gold_loss":0.0,"damage_taken":0.0,"cards_upgraded":["Defend_G","Defend_G","Defend_G","Defend_G","Defend_G","Strike_G","Strike_G","Strike_G","Strike_G","Strike_G"]},{"damage_healed":0.0,"max_hp_gain":0.0,"max_hp_loss":0.0,"gold_gain":0.0,"event_name":"Nest","player_choice":"Joined the Cult","floor":21.0,"gold_loss":0.0,"damage_taken":6.0,"cards_obtained":["RitualDagger"]},{"damage_healed":0.0,"max_hp_gain":0.0,"max_hp_loss":0.0,"gold_gain":0.0,"event_name":"Addict","player_choice":"Obtained Relic","floor":22.0,"gold_loss":85.0,"damage_taken":0.0,"relics_obtained":["Calipers"]},{"damage_healed":0.0,"max_hp_gain":0.0,"max_hp_loss":0.0,"gold_gain":0.0,"event_name":"Ghosts","player_choice":"Ignored","floor":24.0,"gold_loss":0.0,"damage_taken":0.0},{"damage_healed":0.0,"max_hp_gain":0.0,"max_hp_loss":0.0,"gold_gain":200.0,"event_name":"Wheel of Change","player_choice":"Gold","floor":25.0,"gold_loss":0.0,"damage_taken":0.0},{"damage_healed":0.0,"max_hp_gain":0.0,"max_hp_loss":0.0,"gold_gain":0.0,"event_name":"Match and Keep!","player_choice":"2 cards matched","floor":37.0,"gold_loss":0.0,"damage_taken":0.0,"cards_obtained":["Neutralize","Concentrate"]},{"damage_healed":47.0,"max_hp_gain":0.0,"max_hp_loss":0.0,"gold_gain":0.0,"event_name":"MindBloom","player_choice":"Heal","floor":42.0,"gold_loss":0.0,"damage_taken":0.0,"cards_obtained":["Doubt"]},{"damage_healed":0,"gold_gain":0,"player_choice":"Ignored","damage_taken":0,"max_hp_gain":0,"max_hp_loss":0,"event_name":"Tomb of Lord Red Mask","floor":45,"gold_loss":0}],"is_beta":false,"boss_relics":[{"not_picked":["Runic Dome","HoveringKite"],"picked":"Sozu"},{"not_picked":["Calling Bell","White Beast Statue"],"picked":"Lizard Tail"}],"items_purged_floors":[10],"is_endless":false,"potions_floor_spawned":[1,5,11,13,14,16,19,27,35,39,47,48],"ascension_level":3}