{"gold_per_floor":[112,112,30,47,66,66,78,78,103,119,132,132,146,166,166,243,243,261,274,274],"floor_reached":20,"playtime":1021,"items_purged":[],"score":323,"play_id":"acbc8490-737c-4cbc-a159-03b883cf8794","local_time":"20190316025127","is_ascension_mode":true,"campfire_choices":[{"data":"Stack","floor":6.0,"key":"SMITH"},{"data":"Dualcast","floor":8.0,"key":"SMITH"},{"data":"Genetic Algorithm","floor":12.0,"key":"SMITH"},{"floor":15.0,"key":"REST"}],"neow_cost":"NONE","seed_source_timestamp":132562586930893,"circlet_count":0,"master_deck":["AscendersBane","Strike_B","Strike_B","Strike_B","Defend_B","Defend_B","Defend_B","Defend_B","Zap+1","Dualcast+1","Heatsinks","Stack+1","Cold Snap","Coolheaded","Darkness","Gash","Gash","Genetic Algorithm+1","Leap","Creative AI","Hyperbeam","Hologram","Turbo"],"special_seed":0,"relics":["Cracked Core","Potion Belt","White Beast Statue"],"potions_floor_usage":[20,20],"damage_taken":[{"damage":0.0,"enemies":"Small Slimes","floor":1.0,"turns":3.0},{"damage":0.0,"enemies":"Cultist","floor":4.0,"turns":4.0},{"damage":0.0,"enemies":"Jaw Worm","floor":5.0,"turns":3.0},{"damage":11.0,"enemies":"2 Fungi Beasts","floor":7.0,"turns":3.0},{"damage":12.0,"enemies":"Lots of Slimes","floor":10.0,"turns":6.0},{"damage":4.0,"enemies":"Looter","floor":11.0,"turns":3.0},{"damage":18.0,"enemies":"Exordium Thugs","floor":13.0,"turns":4.0},{"damage":6.0,"enemies":"Exordium Wildlife","floor":14.0,"turns":4.0},{"damage":19.0,"enemies":"The Guardian","floor":16.0,"turns":12.0},{"damage":22,"enemies":"Shell Parasite","floor":18,"turns":7},{"damage":15,"enemies":"Spheric Guardian","floor":19,"turns":4},{"damage":29,"enemies":"Snecko","floor":20,"turns":5}],"seed_played":"-1698301821055465925","potions_obtained":[{"floor":4.0,"key":"FocusPotion"},{"floor":10.0,"key":"GamblersBrew"},{"floor":13.0,"key":"Fire Potion"},{"floor":18,"key":"SpeedPotion"},{"floor":19,"key":"Swift Potion"}],"is_trial":false,"path_per_floor":["M","?","$","M","M","R","M","R","T","M","M","R","M","M","R","B",null,"M","M","M"],"character_chosen":"DEFECT","items_purchased":["Stack","Cold Snap"],"campfire_rested":1,"item_purchase_floors":[3,3],"current_hp_per_floor":[64,64,64,64,64,64,53,53,53,41,37,37,19,13,34,15,57,35,20,0],"gold":274,"neow_bonus":"UPGRADE_CARD","is_prod":false,"is_daily":false,"chose_seed":false,"campfire_upgraded":3,"win_rate":0,"timestamp":1552701087,"path_taken":["M","?","$","M","M","R","M","R","T","M","M","R","M","M","R","BOSS","M","M","?"],"build_version":"2019-01-23","purchased_purges":0,"victory":false,"max_hp_per_floor":[71,71,71,71,71,71,71,71,71,71,71,71,71,71,71,71,71,71,71,71],"card_choices":[{"not_picked":["Barrage","Rebound"],"picked":"Heatsinks","floor":1.0},{"not_picked":["Cold Snap","Beam Cell"],"picked":"Coolheaded","floor":4.0},{"not_picked":["Cold Snap","Hologram"],"picked":"Darkness","floor":5.0},{"not_picked":["Go for the Eyes","Hologram"],"picked":"Gash","floor":7.0},{"not_picked":["Lockon","Sweeping Beam"],"picked":"Gash","floor":10.0},{"not_picked":["Steam","Reboot"],"picked":"Genetic Algorithm","floor":11.0},{"not_picked":["Steam","Coolheaded"],"picked":"Leap","floor":13.0},{"not_picked":["Ball Lightning","Beam Cell"],"picked":"Creative AI","floor":14.0},{"not_picked":["Echo Form","Meteor Strike"],"picked":"Hyperbeam","floor":16.0},{"not_picked":["Leap","Compile Driver"],"picked":"Hologram","floor":18},{"not_picked":["White Noise","Rebound"],"picked":"Turbo","floor":19}],"player_experience":619380,"relics_obtained":[{"floor":9.0,"key":"Potion Belt"}],"event_choices":[{"cards_removed":["Strike_B"],"damage_healed":0.0,"max_hp_gain":0.0,"max_hp_loss":0.0,"gold_gain":0.0,"event_name":"Bonfire Elementals","player_choice":"Offered Basic","floor":2.0,"gold_loss":0.0,"damage_taken":0.0}],"is_beta":false,"boss_relics":[{"not_picked":["Fusion Hammer","Snecko Eye"],"picked":"White Beast Statue"}],"items_purged_floors":[],"is_endless":false,"potions_floor_spawned":[4,10,13,18,19],"killed_by":"Snecko","ascension_level":18}