{"gold_per_floor":[117,117,117,192,67,67,83,117,117,142,142,174,174,190,190,262,262,277,293,47,47,57,88,88,88,134,169,169,194,194,207,207,284,284,300,300,173,188,90,123,123,133,208,226,254,254,280,295,295,295],"floor_reached":51,"playtime":2314,"items_purged":["Decay","Injury","Parasite"],"score":1418,"play_id":"4c1fa0bc-f1c1-4310-97df-774515887069","local_time":"20190313120859","is_ascension_mode":true,"campfire_choices":[{"data":"Fiend Fire","floor":6.0,"key":"SMITH"},{"data":"Anger","floor":11.0,"key":"SMITH"},{"data":"Spot Weakness","floor":15.0,"key":"SMITH"},{"data":"Uppercut","floor":25.0,"key":"SMITH"},{"data":"Spot Weakness","floor":28.0,"key":"SMITH"},{"floor":30.0,"key":"REST"},{"floor":32.0,"key":"REST"},{"data":"Limit Break","floor":41.0,"key":"SMITH"},{"data":"True Grit","floor":46.0,"key":"SMITH"},{"floor":49,"key":"REST"}],"neow_cost":"NONE","seed_source_timestamp":11680865145012,"circlet_count":0,"master_deck":["AscendersBane","Strike_R+1","Strike_R+1","Strike_R+1","Strike_R+1","Strike_R+1","Defend_R+1","Defend_R+1","Defend_R+1","Defend_R+1","Bash+1","Anger+1","Shrug It Off","Fiend Fire+1","Iron Wave","Battle Trance","Twin Strike","Rampage","Spot Weakness+1","Impervious","Ghostly Armor","Power Through","Uppercut+1","Shockwave","Metallicize","Evolve","Spot Weakness+1","Second Wind","Headbutt","Reaper","Body Slam+1","Limit Break+1","True Grit+1","True Grit+1","Exhume","Flame Barrier","Sword Boomerang"],"special_seed":0,"relics":["Burning Blood","Smiling Mask","Turnip","Darkstone Periapt","Pear","Boot","Calling Bell","Happy Flower","Ornamental Fan","Charon\u0027s Ashes","WarpedTongs","Oddly Smooth Stone","Strawberry","Red Mask","PreservedInsect","Philosopher\u0027s Stone","Self Forming Clay","The Courier","Art of War","Bottled Tornado"],"potions_floor_usage":[47,48,50,50],"damage_taken":[{"damage":5.0,"enemies":"Small Slimes","floor":1.0,"turns":4.0},{"damage":3.0,"enemies":"2 Louse","floor":7.0,"turns":2.0},{"damage":11.0,"enemies":"Gremlin Nob","floor":8.0,"turns":3.0},{"damage":32.0,"enemies":"3 Sentries","floor":10.0,"turns":9.0},{"damage":14.0,"enemies":"Lagavulin","floor":12.0,"turns":4.0},{"damage":0.0,"enemies":"Jaw Worm","floor":14.0,"turns":3.0},{"damage":15.0,"enemies":"Hexaghost","floor":16.0,"turns":7.0},{"damage":0.0,"enemies":"Chosen","floor":18.0,"turns":3.0},{"damage":4.0,"enemies":"3 Byrds","floor":19.0,"turns":3.0},{"damage":34.0,"enemies":"3 Cultists","floor":22.0,"turns":6.0},{"damage":14.0,"enemies":"Slavers","floor":23.0,"turns":8.0},{"damage":3.0,"enemies":"Masked Bandits","floor":27.0,"turns":4.0},{"damage":45.0,"enemies":"Book of Stabbing","floor":29.0,"turns":6.0},{"damage":15.0,"enemies":"Shelled Parasite and Fungi","floor":31.0,"turns":6.0},{"damage":47.0,"enemies":"Collector","floor":33.0,"turns":11.0},{"damage":27.0,"enemies":"3 Darklings","floor":35.0,"turns":8.0},{"damage":8.0,"enemies":"3 Shapes","floor":38.0,"turns":5.0},{"damage":24.0,"enemies":"Giant Head","floor":40.0,"turns":6.0},{"damage":6.0,"enemies":"Maw","floor":42.0,"turns":9.0},{"damage":4.0,"enemies":"3 Darklings","floor":44.0,"turns":4.0},{"damage":31.0,"enemies":"Nemesis","floor":45.0,"turns":6.0},{"damage":44,"enemies":"Giant Head","floor":47,"turns":9},{"damage":28,"enemies":"Spire Growth","floor":48,"turns":4},{"damage":78,"enemies":"Time Eater","floor":50,"turns":10}],"seed_played":"4745050863131989127","potions_obtained":[{"floor":7.0,"key":"Energy Potion"},{"floor":8.0,"key":"Regen Potion"},{"floor":10.0,"key":"Explosive Potion"},{"floor":16.0,"key":"FearPotion"},{"floor":22.0,"key":"Ancient Potion"},{"floor":29.0,"key":"Strength Potion"},{"floor":33.0,"key":"GamblersBrew"},{"floor":35.0,"key":"Poison Potion"},{"floor":40.0,"key":"Strength Potion"},{"floor":47,"key":"Poison Potion"},{"floor":48,"key":"Block Potion"}],"is_trial":false,"path_per_floor":["M","?","?","?","$","R","M","E","T","E","R","E","?","M","R","B",null,"M","M","$","?","M","E","?","R","T","?","R","E","R","M","R","B",null,"M","?","$","M","$","E","R","M","T","M","E","R","E","M","R","B",null],"character_chosen":"IRONCLAD","items_purchased":["Shrug It Off","Fiend Fire","Uppercut","Shockwave","Metallicize","Limit Break","Strength Potion"],"campfire_rested":3,"item_purchase_floors":[5,5,20,20,20,37,39],"current_hp_per_floor":[69,69,74,63,63,63,66,61,61,60,60,52,25,31,31,22,91,97,99,99,105,77,69,69,69,76,79,79,40,76,67,103,62,106,100,100,100,121,118,100,100,105,105,118,93,93,67,54,89,42],"gold":295,"neow_bonus":"RANDOM_COMMON_RELIC","is_prod":false,"is_daily":false,"chose_seed":false,"campfire_upgraded":7,"win_rate":0,"timestamp":1552504139,"path_taken":["M","?","?","?","?","R","M","E","T","E","R","E","?","M","R","BOSS","M","M","$","?","?","E","?","R","T","?","R","E","R","M","R","BOSS","M","?","$","M","$","E","R","M","T","M","E","R","E","?","R","BOSS"],"build_version":"2019-01-23","purchased_purges":3,"victory":true,"max_hp_per_floor":[75,75,80,80,80,80,80,80,80,90,90,90,90,90,90,90,108,108,108,108,114,114,114,114,114,121,121,121,121,121,121,121,121,121,121,121,121,121,118,118,118,118,118,118,118,118,118,118,118,118],"card_choices":[{"not_picked":["Cleave","Armaments"],"picked":"Anger","floor":1.0},{"not_picked":["Dropkick","Combust"],"picked":"Iron Wave","floor":7.0},{"not_picked":["Flex","Power Through"],"picked":"Battle Trance","floor":8.0},{"not_picked":["True Grit","Iron Wave"],"picked":"Twin Strike","floor":10.0},{"not_picked":["Twin Strike","Heavy Blade"],"picked":"Rampage","floor":12.0},{"not_picked":["Battle Trance","Heavy Blade"],"picked":"Spot Weakness","floor":14.0},{"not_picked":["Exhume","Immolate"],"picked":"Impervious","floor":16.0},{"not_picked":["Anger","Perfected Strike"],"picked":"Ghostly Armor","floor":18.0},{"not_picked":["Rupture","Whirlwind"],"picked":"Power Through","floor":19.0},{"not_picked":["Body Slam","Heavy Blade","Carnage"],"picked":"SKIP","floor":22.0},{"not_picked":["Fire Breathing","Ghostly Armor"],"picked":"Evolve","floor":23.0},{"not_picked":["Shrug It Off","Pommel Strike"],"picked":"Spot Weakness","floor":27.0},{"not_picked":["Pummel","Sentinel"],"picked":"Second Wind","floor":29.0},{"not_picked":["Searing Blow","Rage"],"picked":"Headbutt","floor":31.0},{"not_picked":["Demon Form","Fiend Fire"],"picked":"Reaper","floor":33.0},{"not_picked":["Cleave","Sentinel"],"picked":"Body Slam+1","floor":35.0},{"not_picked":["Rupture+1","Cleave","Twin Strike+1"],"picked":"SKIP","floor":38.0},{"not_picked":["Cleave","Inflame+1"],"picked":"True Grit+1","floor":40.0},{"not_picked":["Armaments","Clothesline"],"picked":"True Grit","floor":42.0},{"not_picked":["Clash+1","Combust"],"picked":"Exhume","floor":44.0},{"not_picked":["Headbutt","Shockwave"],"picked":"Flame Barrier","floor":45.0},{"not_picked":["Iron Wave+1","Armaments","Clothesline"],"picked":"SKIP","floor":47},{"not_picked":["Iron Wave","Clash"],"picked":"Sword Boomerang","floor":48}],"player_experience":2349253,"relics_obtained":[{"floor":8.0,"key":"Turnip"},{"floor":9.0,"key":"Darkstone Periapt"},{"floor":10.0,"key":"Pear"},{"floor":12.0,"key":"Boot"},{"floor":17.0,"key":"Happy Flower"},{"floor":17.0,"key":"Ornamental Fan"},{"floor":17.0,"key":"Charon\u0027s Ashes"},{"floor":23.0,"key":"Oddly Smooth Stone"},{"floor":26.0,"key":"Strawberry"},{"floor":27.0,"key":"Red Mask"},{"floor":29.0,"key":"PreservedInsect"},{"floor":40.0,"key":"Self Forming Clay"},{"floor":43.0,"key":"The Courier"},{"floor":45.0,"key":"Art of War"},{"floor":47,"key":"Bottled Tornado"}],"event_choices":[{"damage_healed":0.0,"max_hp_gain":0.0,"max_hp_loss":0.0,"gold_gain":0.0,"event_name":"Living Wall","player_choice":"Grow","floor":2.0,"gold_loss":0.0,"damage_taken":0.0,"cards_upgraded":["Bash"]},{"damage_healed":0.0,"max_hp_gain":5.0,"max_hp_loss":0.0,"gold_gain":0.0,"event_name":"Big Fish","player_choice":"Donut","floor":3.0,"gold_loss":0.0,"damage_taken":0.0},{"damage_healed":0.0,"max_hp_gain":0.0,"max_hp_loss":0.0,"gold_gain":75.0,"event_name":"World of Goop","player_choice":"Gather Gold","floor":4.0,"gold_loss":0.0,"damage_taken":11.0},{"damage_healed":0.0,"max_hp_gain":0.0,"max_hp_loss":0.0,"gold_gain":0.0,"event_name":"Shining Light","player_choice":"Entered Light","floor":13.0,"gold_loss":0.0,"damage_taken":27.0,"cards_upgraded":["Strike_R","Defend_R"]},{"damage_healed":0.0,"max_hp_gain":0.0,"max_hp_loss":0.0,"gold_gain":0.0,"event_name":"Accursed Blacksmith","player_choice":"Rummage","floor":21.0,"gold_loss":0.0,"damage_taken":0.0,"relics_obtained":["WarpedTongs"],"cards_obtained":["Pain"]},{"damage_healed":0.0,"max_hp_gain":0.0,"max_hp_loss":0.0,"gold_gain":0.0,"event_name":"Back to Basics","player_choice":"Simplicity","floor":24.0,"gold_loss":0.0,"damage_taken":0.0,"cards_upgraded":["Strike_R","Strike_R","Strike_R","Strike_R","Defend_R","Defend_R","Defend_R"]},{"damage_healed":0.0,"max_hp_gain":0.0,"max_hp_loss":0.0,"gold_gain":0.0,"event_name":"Masked Bandits","player_choice":"Fought Bandits","floor":27.0,"gold_loss":0.0,"damage_taken":0.0},{"cards_removed":["Pain"],"damage_healed":0.0,"max_hp_gain":0.0,"max_hp_loss":0.0,"gold_gain":0.0,"event_name":"Wheel of Change","player_choice":"Card Removal","floor":36.0,"gold_loss":0.0,"damage_taken":0.0}],"is_beta":false,"boss_relics":[{"not_picked":["Orrery","Velvet Choker"],"picked":"Calling Bell"},{"not_picked":["Cursed Key","Black Star"],"picked":"Philosopher\u0027s Stone"}],"items_purged_floors":[20,37,39],"is_endless":false,"potions_floor_spawned":[7,8,10,16,18,22,29,33,35,40,47,48],"ascension_level":15}