{"gold_per_floor":[115,115,128,143,143,177,177,210,210,210,22,39,114,142,142,240,240,250,277,277,290,66,66,83,83,107,132,148,148,148,159,159,159],"floor_reached":33,"playtime":2212,"items_purged":["Strike_R"],"score":464,"play_id":"8e4b9ace-46d9-4278-8227-a46cd869c13a","local_time":"20190415222044","is_ascension_mode":true,"campfire_choices":[{"floor":7,"key":"REST"},{"floor":10,"key":"REST"},{"data":"Body Slam","floor":15,"key":"SMITH"},{"floor":23,"key":"REST"},{"floor":25,"key":"REST"},{"data":"Battle Trance","floor":30,"key":"SMITH"},{"data":"Rampage","floor":32,"key":"SMITH"}],"neow_cost":"NONE","seed_source_timestamp":305111362942800,"circlet_count":0,"master_deck":["AscendersBane","Strike_R+1","Strike_R","Strike_R","Strike_R+1","Defend_R","Defend_R+1","Defend_R","Defend_R","Bash","Shrug It Off","Twin Strike","Iron Wave","Ghostly Armor","Pommel Strike+1","Rampage+1","Body Slam+1","Ghostly Armor","Reaper","Flex+1","Battle Trance+1","Body Slam+1"],"relics":["Burning Blood","Oddly Smooth Stone","Letter Opener","Self Forming Clay","Kunai","Strawberry","Orichalcum","Sozu","Red Mask","Whetstone","Bag of Marbles","Question Card"],"potions_floor_usage":[6,6,8,16],"damage_taken":[{"damage":5,"enemies":"Small Slimes","floor":1,"turns":3},{"damage":5,"enemies":"Jaw Worm","floor":3,"turns":5},{"damage":0,"enemies":"2 Louse","floor":4,"turns":4},{"damage":22,"enemies":"Lagavulin","floor":6,"turns":8},{"damage":42,"enemies":"Gremlin Nob","floor":8,"turns":6},{"damage":0,"enemies":"2 Fungi Beasts","floor":12,"turns":4},{"damage":19,"enemies":"Lagavulin","floor":14,"turns":7},{"damage":43,"enemies":"Slime Boss","floor":16,"turns":15},{"damage":23,"enemies":"Chosen","floor":18,"turns":5},{"damage":43,"enemies":"Masked Bandits","floor":19,"turns":6},{"damage":16,"enemies":"Spheric Guardian","floor":21,"turns":4},{"damage":19,"enemies":"Snake Plant","floor":24,"turns":5},{"damage":27,"enemies":"Book of Stabbing","floor":27,"turns":6},{"damage":2,"enemies":"Shelled Parasite and Fungi","floor":28,"turns":5},{"damage":6,"enemies":"Cultist and Chosen","floor":31,"turns":6},{"damage":129,"enemies":"Automaton","floor":33,"turns":12}],"seed_played":"1787554146928585517","potions_obtained":[{"floor":1,"key":"Fire Potion"},{"floor":3,"key":"EssenceOfSteel"},{"floor":6,"key":"Poison Potion"},{"floor":14,"key":"SkillPotion"}],"is_trial":false,"path_per_floor":["M","?","M","M","?","E","R","E","T","R","$","M","?","E","R","B",null,"M","?","?","M","$","R","M","R","T","E","M","?","R","M","R","B"],"character_chosen":"IRONCLAD","items_purchased":["Strawberry","Rampage","Whetstone"],"campfire_rested":4,"item_purchase_floors":[11,11,22],"current_hp_per_floor":[81,69,70,76,58,42,68,32,32,58,65,71,60,47,47,10,74,61,27,27,17,17,45,32,60,60,39,43,74,74,74,74,0],"gold":159,"neow_bonus":"TEN_PERCENT_HP_BONUS","is_prod":false,"is_daily":false,"chose_seed":false,"campfire_upgraded":3,"win_rate":0,"timestamp":1555356044,"path_taken":["M","?","M","M","?","E","R","E","T","R","$","M","?","E","R","BOSS","M","?","?","?","?","R","M","R","T","E","M","?","R","?","R","BOSS"],"build_version":"2019-01-23","purchased_purges":1,"victory":false,"max_hp_per_floor":[88,88,88,88,88,88,88,88,88,88,95,95,95,95,95,95,95,95,95,95,95,95,95,95,95,95,95,95,95,95,95,95,95],"card_choices":[{"not_picked":["Bloodletting","Thunderclap"],"picked":"Shrug It Off","floor":1},{"not_picked":["Sentinel","Anger"],"picked":"Twin Strike","floor":3},{"not_picked":["Combust","Intimidate"],"picked":"Iron Wave","floor":4},{"not_picked":["Wild Strike","Blood for Blood"],"picked":"Ghostly Armor","floor":6},{"not_picked":["Rampage","True Grit"],"picked":"Pommel Strike","floor":8},{"not_picked":["Juggernaut","Metallicize"],"picked":"Body Slam","floor":12},{"not_picked":["Heavy Blade","Brutality"],"picked":"Ghostly Armor","floor":14},{"not_picked":["Double Tap","Berserk"],"picked":"Reaper","floor":16},{"not_picked":["Anger","Perfected Strike"],"picked":"Flex","floor":18},{"not_picked":["Iron Wave+1","Corruption","Flex+1"],"picked":"SKIP","floor":21},{"not_picked":["Cleave","Power Through+1","Thunderclap+1"],"picked":"SKIP","floor":24},{"not_picked":["Corruption","Anger+1","Cleave"],"picked":"SKIP","floor":27},{"not_picked":["Anger","Burning Pact","Wild Strike"],"picked":"Battle Trance","floor":28},{"not_picked":["Iron Wave","Anger","Pommel Strike"],"picked":"Body Slam+1","floor":31}],"player_experience":264601,"relics_obtained":[{"floor":6,"key":"Letter Opener"},{"floor":8,"key":"Self Forming Clay"},{"floor":9,"key":"Kunai"},{"floor":14,"key":"Orichalcum"},{"floor":19,"key":"Red Mask"},{"floor":26,"key":"Bag of Marbles"},{"floor":27,"key":"Question Card"}],"event_choices":[{"damage_healed":0,"gold_gain":0,"player_choice":"Success","damage_taken":12,"relics_obtained":["Oddly Smooth Stone"],"max_hp_gain":0,"max_hp_loss":0,"event_name":"Scrap Ooze","floor":2,"gold_loss":0},{"damage_healed":0,"gold_gain":0,"player_choice":"Entered Light","damage_taken":18,"max_hp_gain":0,"max_hp_loss":0,"event_name":"Shining Light","floor":5,"gold_loss":0,"cards_upgraded":["Strike_R","Defend_R"]},{"damage_healed":0,"gold_gain":75,"player_choice":"Gather Gold","damage_taken":11,"max_hp_gain":0,"max_hp_loss":0,"event_name":"World of Goop","floor":13,"gold_loss":0},{"damage_healed":0,"gold_gain":0,"player_choice":"Fought Bandits","damage_taken":0,"max_hp_gain":0,"max_hp_loss":0,"event_name":"Masked Bandits","floor":19,"gold_loss":0},{"damage_healed":0,"gold_gain":0,"player_choice":"Forge","damage_taken":0,"max_hp_gain":0,"max_hp_loss":0,"event_name":"Accursed Blacksmith","floor":20,"gold_loss":0,"cards_upgraded":["Flex"]},{"damage_healed":31,"gold_gain":0,"player_choice":"Heal","damage_taken":0,"max_hp_gain":0,"max_hp_loss":0,"event_name":"The Library","floor":29,"gold_loss":0}],"is_beta":false,"boss_relics":[{"not_picked":["Fusion Hammer","Tiny House"],"picked":"Sozu"}],"items_purged_floors":[22],"is_endless":false,"potions_floor_spawned":[1,3,6,14,19,21,28,31],"killed_by":"Automaton","ascension_level":11}