{"gold_per_floor":[129,141,153,180,207,219,259,287,299,344,414,501,533,562,574,586],"floor_reached":16,"playtime":512,"items_purged":[],"score":146,"play_id":"7dec8f4d-e744-44f2-8009-644cbf5e64eb","local_time":"25610725035603","is_ascension_mode":true,"campfire_choices":[{"data":"Thunderclap","floor":6,"key":"SMITH"},{"data":"Double Tap","floor":15,"key":"SMITH"}],"neow_cost":"NONE","seed_source_timestamp":58715595801051,"circlet_count":0,"master_deck":["Strike_R","Strike_R","Strike_R","Strike_R","Strike_R","Defend_R","Defend_R","Defend_R","Defend_R","Bash","Thunderclap+1","Ghostly Armor","Flex","Heavy Blade","Double Tap+1","Infernal Blade"],"relics":["Burning Blood","MawBank","Frozen Egg 2","Meat on the Bone","Pear","Anchor","Oddly Smooth Stone"],"potions_floor_usage":[7,10,11,16],"damage_taken":[{"damage":2,"enemies":"Jaw Worm","floor":1,"turns":3},{"damage":1,"enemies":"Cultist","floor":4,"turns":3},{"damage":0,"enemies":"Small Slimes","floor":5,"turns":3},{"damage":50,"enemies":"Lagavulin","floor":7,"turns":6},{"damage":9,"enemies":"Exordium Thugs","floor":8,"turns":4},{"damage":34,"enemies":"3 Sentries","floor":10,"turns":9},{"damage":18,"enemies":"3 Sentries","floor":11,"turns":6},{"damage":0,"enemies":"Looter","floor":13,"turns":2},{"damage":2,"enemies":"Blue Slaver","floor":14,"turns":4},{"damage":62,"enemies":"Hexaghost","floor":16,"turns":9}],"seed_played":"4930633650055146445","potions_obtained":[{"floor":1,"key":"EssenceOfSteel"},{"floor":4,"key":"LiquidBronze"},{"floor":5,"key":"SkillPotion"},{"floor":8,"key":"Weak Potion"}],"is_trial":false,"path_per_floor":["M","?","$","M","M","R","E","M","T","E","?","?","M","M","R"],"character_chosen":"IRONCLAD","items_purchased":[],"campfire_rested":0,"item_purchase_floors":[],"current_hp_per_floor":[76,76,76,80,80,80,36,45,55,39,39,28,46,62,62,0],"gold":586,"neow_bonus":"RANDOM_COMMON_RELIC","is_prod":false,"is_daily":false,"chose_seed":false,"campfire_upgraded":2,"win_rate":0,"timestamp":1532465763,"path_taken":["M","?","?","M","M","R","E","M","T","E","?","?","M","?","R","BOSS"],"build_version":"2018-07-19v2","purchased_purges":0,"victory":false,"max_hp_per_floor":[80,80,80,80,80,80,80,80,90,90,90,90,90,90,90,90],"card_choices":[{"not_picked":["Intimidate","Warcry"],"picked":"Thunderclap","floor":1},{"not_picked":["Corruption+1","Entrench"],"picked":"Ghostly Armor","floor":4},{"not_picked":["Warcry","Headbutt"],"picked":"Flex","floor":5},{"not_picked":["Iron Wave","Havoc","Sentinel"],"picked":"SKIP","floor":7},{"not_picked":["Pommel Strike","Shrug It Off"],"picked":"Heavy Blade","floor":8},{"not_picked":["Twin Strike","Whirlwind"],"picked":"Double Tap","floor":10},{"not_picked":["Warcry","Rage"],"picked":"Infernal Blade","floor":11},{"not_picked":["Warcry","Dual Wield","Rupture+1"],"picked":"SKIP","floor":13},{"not_picked":["Pummel","Heavy Blade","Intimidate"],"picked":"SKIP","floor":14}],"player_experience":147221,"relics_obtained":[{"floor":7,"key":"Meat on the Bone"},{"floor":9,"key":"Pear"},{"floor":10,"key":"Anchor"}],"event_choices":[{"event_name":"Wheel of Change","player_choice":"Relic","floor":2,"damage_taken":0},{"event_name":"Dead Adventurer","player_choice":"Searched \u00273\u0027 times","floor":11,"damage_taken":0},{"event_name":"World of Goop","player_choice":"Gather Gold","floor":12,"damage_taken":0}],"is_beta":false,"boss_relics":[],"items_purged_floors":[],"is_endless":false,"potions_floor_spawned":[1,4,5,8],"killed_by":"Hexaghost","ascension_level":6}