{"gold_per_floor":[361,374,384,395,12,38,38,58,58,92,11,11,11,37,37,116,116,82,82,92,105,69,69,69,69,96,110,145,165,165,191,191,268,268,278,288,35,35,35,35,70,70,117,117,135,161,173,188,188,188],"floor_reached":51,"playtime":2692,"items_purged":["Regret"],"score":1301,"play_id":"452cc506-a0cb-40ef-bc42-ed9d56d1dd94","local_time":"20180920115708","is_ascension_mode":true,"campfire_choices":[{"data":"Zap","floor":7.0,"key":"SMITH"},{"data":"Consume","floor":13.0,"key":"SMITH"},{"data":"Capacitor","floor":15.0,"key":"SMITH"},{"data":"Hologram","floor":23.0,"key":"SMITH"},{"data":"Coolheaded","floor":25.0,"key":"SMITH"},{"floor":30.0,"key":"REST"},{"floor":32.0,"key":"REST"},{"data":"Defragment","floor":40.0,"key":"SMITH"},{"data":"Seek","floor":42.0,"key":"SMITH"},{"data":"Reinforced Body","floor":44.0,"key":"SMITH"},{"floor":49,"key":"REST"}],"neow_cost":"CURSE","seed_source_timestamp":14320676819034,"circlet_count":0,"master_deck":["Strike_B","Strike_B","Strike_B+1","Defend_B","Defend_B","Defend_B","Defend_B","Zap+1","Dualcast","AscendersBane","Ball Lightning","Coolheaded+1","Reinforced Body+1","Compile Driver","Glacier","Self Repair","Beam Cell+1","Consume+1","Capacitor+1","Steam","Electrodynamics","Hologram+1","Undo","Skim","Defragment+1","Seek+1","Capacitor+1","Compile Driver+1","Go for the Eyes","Conserve Battery+1","Force Field+1"],"special_seed":0,"relics":["Cracked Core","ClockworkSouvenir","Blood Vial","Kunai","Pantograph","PreservedInsect","Runic Dome","Orichalcum","Bag of Marbles","Whetstone","Sozu","Bottled Tornado","Bronze Scales","Vajra","Lantern"],"potions_floor_usage":[],"damage_taken":[{"damage":8.0,"enemies":"Cultist","floor":1.0,"turns":4.0},{"damage":9.0,"enemies":"Small Slimes","floor":2.0,"turns":3.0},{"damage":11.0,"enemies":"2 Louse","floor":3.0,"turns":3.0},{"damage":12.0,"enemies":"Blue Slaver","floor":4.0,"turns":4.0},{"damage":10.0,"enemies":"Lagavulin","floor":6.0,"turns":11.0},{"damage":2.0,"enemies":"Large Slime","floor":8.0,"turns":9.0},{"damage":5.0,"enemies":"Gremlin Nob","floor":10.0,"turns":4.0},{"damage":3.0,"enemies":"Lagavulin","floor":14.0,"turns":7.0},{"damage":23.0,"enemies":"Hexaghost","floor":16.0,"turns":10.0},{"damage":10.0,"enemies":"2 Thieves","floor":18.0,"turns":5.0},{"damage":5.0,"enemies":"Shell Parasite","floor":20.0,"turns":8.0},{"damage":15.0,"enemies":"Chosen and Byrds","floor":21.0,"turns":5.0},{"damage":18.0,"enemies":"Snake Plant","floor":27.0,"turns":7.0},{"damage":16.0,"enemies":"Slavers","floor":28.0,"turns":4.0},{"damage":22.0,"enemies":"3 Cultists","floor":29.0,"turns":4.0},{"damage":15.0,"enemies":"Book of Stabbing","floor":31.0,"turns":6.0},{"damage":24.0,"enemies":"Champ","floor":33.0,"turns":16.0},{"damage":21.0,"enemies":"3 Darklings","floor":35.0,"turns":5.0},{"damage":5.0,"enemies":"Orb Walker","floor":36.0,"turns":4.0},{"damage":15.0,"enemies":"Giant Head","floor":41.0,"turns":7.0},{"damage":19.0,"enemies":"3 Darklings","floor":45.0,"turns":3.0},{"damage":35.0,"enemies":"2 Orb Walkers","floor":46.0,"turns":4.0},{"damage":5,"enemies":"Maw","floor":47,"turns":6},{"damage":6,"enemies":"Reptomancer","floor":48,"turns":6},{"damage":20,"enemies":"Awakened One","floor":50,"turns":15}],"seed_played":"-6961623344254364268","potions_obtained":[{"floor":2.0,"key":"Poison Potion"},{"floor":4.0,"key":"GamblersBrew"},{"floor":14.0,"key":"SpeedPotion"},{"floor":16.0,"key":"Regen Potion"},{"floor":21.0,"key":"FocusPotion"},{"floor":28.0,"key":"Energy Potion"},{"floor":31.0,"key":"Energy Potion"},{"floor":33.0,"key":"Weak Potion"}],"is_trial":false,"path_per_floor":["M","M","M","M","$","E","R","M","T","E","$","?","R","E","R","B",null,"M","?","M","M","$","R","?","R","T","M","E","M","R","E","R","B",null,"M","M","$","?","?","R","E","R","T","R","M","E","M","M","R","B"],"character_chosen":"DEFECT","items_purchased":["Glacier","Self Repair","ClockworkSouvenir","Capacitor","Skim","Bottled Tornado"],"campfire_rested":3,"item_purchase_floors":[5,5,5,11,22,37],"current_hp_per_floor":[56,47,36,24,24,21,21,28,28,32,32,32,32,38,38,49,66,65,65,69,63,63,63,43,43,43,34,39,26,48,42,64,59,72,60,64,64,64,64,64,58,58,58,58,48,22,26,29,51,63],"gold":188,"neow_bonus":"TWO_FIFTY_GOLD","is_prod":false,"is_daily":false,"chose_seed":false,"campfire_upgraded":8,"win_rate":0,"timestamp":1537469828,"path_taken":["M","M","M","M","$","E","R","M","T","E","$","?","R","E","R","BOSS","M","?","M","M","$","R","?","R","T","?","E","M","R","E","R","BOSS","BOSS","M","M","$","?","?","R","E","R","T","R","M","E","M","M","R","BOSS"],"build_version":"2018-09-06","purchased_purges":1,"victory":true,"max_hp_per_floor":[71,71,71,71,71,71,71,71,71,71,71,71,71,71,71,71,71,71,71,71,71,71,71,76,76,76,76,76,76,76,76,76,76,76,76,76,76,76,76,76,76,76,76,76,76,76,76,76,76,76],"card_choices":[{"not_picked":["Rip and Tear","Hologram"],"picked":"Ball Lightning","floor":1.0},{"not_picked":["White Noise","Undo"],"picked":"Coolheaded","floor":2.0},{"not_picked":["Rebound","Gash"],"picked":"Reinforced Body","floor":3.0},{"not_picked":["Rebound","Fusion"],"picked":"Compile Driver","floor":4.0},{"not_picked":["Compile Driver","Self Repair","Fusion"],"picked":"SKIP","floor":6.0},{"not_picked":["Gash","Steam Power"],"picked":"Beam Cell","floor":8.0},{"not_picked":["Meteor Strike","Barrage"],"picked":"Consume","floor":10.0},{"not_picked":["Force Field","Darkness"],"picked":"Steam","floor":14.0},{"not_picked":["Hyperbeam","Biased Cognition"],"picked":"Electrodynamics","floor":16.0},{"not_picked":["Steam","White Noise"],"picked":"Hologram","floor":18.0},{"not_picked":["Turbo+1","Gash","Rebound"],"picked":"SKIP","floor":20.0},{"not_picked":["Ball Lightning","Hello World","Barrage"],"picked":"SKIP","floor":21.0},{"not_picked":["Conserve Battery","Recycle"],"picked":"Defragment","floor":27.0},{"not_picked":["Tempest","Reboot","Lockon"],"picked":"SKIP","floor":28.0},{"not_picked":["Redo","Streamline","Ball Lightning"],"picked":"SKIP","floor":29.0},{"not_picked":["Redo","Barrage","Beam Cell"],"picked":"SKIP","floor":31.0},{"not_picked":["All For One","Machine Learning"],"picked":"Seek","floor":33.0},{"not_picked":["Sweeping Beam","Ball Lightning","Barrage"],"picked":"SKIP","floor":35.0},{"not_picked":["Turbo","Leap"],"picked":"Capacitor+1","floor":36.0},{"not_picked":["Streamline+1","Capacitor+1"],"picked":"Compile Driver+1","floor":41.0},{"not_picked":["Steam","Conserve Battery"],"picked":"Go for the Eyes","floor":45.0},{"not_picked":["Gash","Barrage"],"picked":"Conserve Battery+1","floor":46.0},{"not_picked":["Barrage","Steam"],"picked":"Force Field+1","floor":47},{"not_picked":["Loop","Ball Lightning","Barrage"],"picked":"SKIP","floor":48}],"player_experience":1174418,"relics_obtained":[{"floor":6.0,"key":"Blood Vial"},{"floor":9.0,"key":"Kunai"},{"floor":10.0,"key":"Pantograph"},{"floor":14.0,"key":"PreservedInsect"},{"floor":26.0,"key":"Orichalcum"},{"floor":28.0,"key":"Bag of Marbles"},{"floor":31.0,"key":"Whetstone"},{"floor":41.0,"key":"Bronze Scales"},{"floor":43.0,"key":"Vajra"},{"floor":46.0,"key":"Lantern"}],"event_choices":[{"event_name":"Match and Keep!","player_choice":"0 cards matched","floor":12.0,"damage_taken":0.0},{"event_name":"The Library","player_choice":"Read","floor":19.0,"damage_taken":0.0},{"event_name":"Forgotten Altar","player_choice":"Shed Blood","floor":24.0,"damage_taken":0.0},{"event_name":"SensoryStone","player_choice":"Memory 1","floor":38.0,"damage_taken":0.0},{"event_name":"Falling","player_choice":"Removed Attack","floor":39.0,"damage_taken":0.0}],"is_beta":false,"boss_relics":[{"not_picked":["Empty Cage","Calling Bell"],"picked":"Runic Dome"},{"not_picked":["Velvet Choker","Runic Pyramid"],"picked":"Sozu"}],"items_purged_floors":[5],"is_endless":false,"potions_floor_spawned":[2,4,14,16,21,28,31,33,36,41,46],"ascension_level":15}