{"gold_per_floor":[119,119,137,137,155,155,185,185,208,225,236,256,288,288,288,359,359,378,394,394,90,90,90,115,115,142,177,46,46,56,90,90,90],"floor_reached":33,"playtime":1170,"items_purged":["Strike_R"],"score":676,"play_id":"fbed8b88-9360-4bec-97a6-f2f28063b714","local_time":"20181008200047","is_ascension_mode":true,"campfire_choices":[{"data":"Metallicize","floor":6,"key":"SMITH"},{"data":"Pommel Strike","floor":8,"key":"SMITH"},{"data":"Combust","floor":15,"key":"SMITH"},{"floor":23,"key":"REST"},{"floor":25,"key":"REST"},{"floor":32,"key":"REST"}],"neow_cost":"NONE","seed_source_timestamp":43758769603639,"circlet_count":0,"master_deck":["Defend_R","Defend_R","Defend_R","Defend_R+1","Bash+1","AscendersBane","Pommel Strike+1","Headbutt","Flame Barrier+1","Metallicize+1","Combust+1","Pommel Strike","Immolate","Feed","Armaments+1","Feel No Pain","Ghostly","Ghostly","Ghostly","Ghostly","Ghostly","Battle Trance+1","Shrug It Off","Bite","Bite","Bite","Bite","Bite","Shrug It Off","Warcry"],"relics":["Burning Blood","Pen Nib","Red Skull","The Courier","Fusion Hammer","PreservedInsect","Champion Belt","Bronze Scales","Dream Catcher","War Paint","Turnip"],"potions_floor_usage":[13,31,33],"damage_taken":[{"damage":6,"enemies":"Cultist","floor":1,"turns":3},{"damage":2,"enemies":"Jaw Worm","floor":3,"turns":3},{"damage":7,"enemies":"2 Louse","floor":5,"turns":3},{"damage":25,"enemies":"3 Sentries","floor":7,"turns":12},{"damage":0,"enemies":"Red Slaver","floor":10,"turns":4},{"damage":8,"enemies":"Large Slime","floor":11,"turns":5},{"damage":32,"enemies":"Exordium Wildlife","floor":12,"turns":8},{"damage":6,"enemies":"Gremlin Nob","floor":13,"turns":3},{"damage":23,"enemies":"The Guardian","floor":16,"turns":11},{"damage":24,"enemies":"Shell Parasite","floor":18,"turns":5},{"damage":11,"enemies":"Spheric Guardian","floor":19,"turns":3},{"damage":3,"enemies":"Slavers","floor":24,"turns":6},{"damage":3,"enemies":"Gremlin Leader","floor":27,"turns":6},{"damage":0,"enemies":"Centurion and Healer","floor":30,"turns":4},{"damage":19,"enemies":"Slavers","floor":31,"turns":6},{"damage":33,"enemies":"Automaton","floor":33,"turns":6}],"seed_played":"6378159540579439359","potions_obtained":[{"floor":7,"key":"Weak Potion"},{"floor":10,"key":"LiquidBronze"},{"floor":11,"key":"Swift Potion"},{"floor":16,"key":"SpeedPotion"}],"is_trial":false,"path_per_floor":["M","?","M","?","M","R","E","R","T","M","M","M","E","?","R","B",null,"M","M","?","$","?","R","E","R","T","E","$","?","M","E","R"],"character_chosen":"IRONCLAD","items_purchased":["Battle Trance","PreservedInsect","Shrug It Off","War Paint"],"campfire_rested":3,"item_purchase_floors":[21,21,21,28],"current_hp_per_floor":[68,68,72,72,71,71,52,52,52,58,56,30,30,30,30,13,60,45,40,39,39,27,27,30,30,30,30,30,30,30,29,30,0],"gold":90,"neow_bonus":"THREE_CARDS","is_prod":false,"is_daily":false,"chose_seed":false,"campfire_upgraded":3,"win_rate":0,"timestamp":1539054047,"path_taken":["M","?","M","?","M","R","E","R","T","?","M","M","E","?","R","BOSS","M","M","?","$","?","R","E","R","T","E","$","?","M","E","R","BOSS"],"build_version":"2018-10-04v2","purchased_purges":1,"victory":false,"max_hp_per_floor":[75,75,75,75,75,75,75,75,75,75,75,75,75,75,75,75,75,78,78,39,39,27,27,30,30,30,30,30,30,30,30,30,30],"card_choices":[{"not_picked":["Twin Strike","Pummel"],"picked":"Pommel Strike","floor":0},{"not_picked":["Clash","Cleave"],"picked":"Headbutt","floor":1},{"not_picked":["Warcry","Second Wind"],"picked":"Flame Barrier","floor":3},{"not_picked":["Clothesline","Power Through"],"picked":"Metallicize","floor":5},{"not_picked":["Body Slam","Dropkick","Heavy Blade"],"picked":"SKIP","floor":7},{"not_picked":["True Grit","Havoc"],"picked":"Combust","floor":10},{"not_picked":["Sword Boomerang","Combust","Pommel Strike"],"picked":"SKIP","floor":11},{"not_picked":["Fire Breathing","Sword Boomerang"],"picked":"Pommel Strike","floor":12},{"not_picked":["Sever Soul","Cleave"],"picked":"Immolate","floor":13},{"not_picked":["Brutality","Limit Break"],"picked":"Feed","floor":16},{"not_picked":["Iron Wave","Carnage"],"picked":"Armaments+1","floor":18},{"not_picked":["Rage","Wild Strike"],"picked":"Feel No Pain","floor":19},{"not_picked":["Second Wind+1","Clothesline+1"],"picked":"Shrug It Off","floor":24},{"not_picked":["Metallicize","Sentinel"],"picked":"Warcry","floor":27},{"not_picked":["Clash","Dropkick","Heavy Blade"],"picked":"SKIP","floor":30},{"not_picked":["Dropkick","Rupture","Metallicize"],"picked":"SKIP","floor":31}],"player_experience":1307227,"relics_obtained":[{"floor":7,"key":"Pen Nib"},{"floor":9,"key":"Red Skull"},{"floor":13,"key":"The Courier"},{"floor":24,"key":"Champion Belt"},{"floor":26,"key":"Bronze Scales"},{"floor":27,"key":"Dream Catcher"},{"floor":31,"key":"Turnip"}],"event_choices":[{"event_name":"Upgrade Shrine","player_choice":"Upgraded","floor":2,"damage_taken":0},{"event_name":"Living Wall","player_choice":"Grow","floor":4,"damage_taken":0},{"event_name":"Liars Game","player_choice":"disagreed","floor":14,"damage_taken":0},{"event_name":"Ghosts","player_choice":"Became a Ghost","floor":20,"damage_taken":0},{"event_name":"Vampires","player_choice":"Became a vampire","floor":22,"damage_taken":0}],"is_beta":false,"boss_relics":[{"not_picked":["Coffee Dripper","Black Blood"],"picked":"Fusion Hammer"}],"items_purged_floors":[21],"is_endless":false,"potions_floor_spawned":[7,10,11,12,16,19,24],"killed_by":"Automaton","ascension_level":20}