{"gold_per_floor":[114,114,133,148,166,201,201,228,254,254,273,291,291,306,306,407,407,423,423,457,476,25,25,38,38,62,89,89,89,105,119,119,215,215,235,74,129,129,129,129,157,169,169,69,69,291,616,636,636,636],"floor_reached":51,"playtime":1753,"items_purged":["Strike_R","Strike_R"],"score":985,"play_id":"7d91e534-c51e-4f0a-ac16-57ba1fd445d4","local_time":"25610715041200","is_ascension_mode":false,"campfire_choices":[{"data":"Flex","floor":7,"key":"SMITH"},{"data":"Double Tap","floor":13,"key":"SMITH"},{"floor":15,"key":"REST"},{"floor":23,"key":"REST"},{"data":"Apotheosis","floor":25,"key":"SMITH"},{"floor":28,"key":"DIG"},{"floor":32,"key":"REST"},{"floor":40,"key":"DIG"},{"data":"Limit Break","floor":45,"key":"SMITH"},{"floor":49,"key":"REST"}],"neow_cost":"TEN_PERCENT_HP_LOSS","seed_source_timestamp":63908687194434,"circlet_count":0,"master_deck":["Strike_R","Strike_R","Defend_R","Defend_R+1","Defend_R","Bash","Flex+1","Flex","Whirlwind","Headbutt","Metallicize","Twin Strike","Double Tap+1","Clothesline","Wild Strike","Armaments","Uppercut","Sword Boomerang+1","Apotheosis+1","Ghostly Armor+1","Headbutt+1","Wild Strike","Disarm+1","Immolate","Cleave+1","Spot Weakness","Evolve","Rage+1","Limit Break+1","Flex+1","Clothesline+1","Entrench+1"],"relics":["Burning Blood","Pen Nib","Blood Vial","Oddly Smooth Stone","Bag of Marbles","Black Star","Red Mask","ClockworkSouvenir","War Paint","Shovel","Champion Belt","Gambling Chip","Sozu","Calipers","Ice Cream","Shuriken","Red Skull","Boot","Pear","Old Coin","Magic Flower"],"potions_floor_usage":[6,16,20,21,31,33,33,38],"damage_taken":[{"damage":13,"enemies":"Jaw Worm","floor":1,"turns":3},{"damage":9,"enemies":"2 Louse","floor":3,"turns":3},{"damage":0,"enemies":"Small Slimes","floor":4,"turns":2},{"damage":8,"enemies":"Exordium Thugs","floor":5,"turns":4},{"damage":22,"enemies":"3 Sentries","floor":6,"turns":7},{"damage":30,"enemies":"Lagavulin","floor":8,"turns":5},{"damage":1,"enemies":"Red Slaver","floor":11,"turns":2},{"damage":0,"enemies":"3 Louse","floor":12,"turns":1},{"damage":3,"enemies":"2 Fungi Beasts","floor":14,"turns":3},{"damage":26,"enemies":"Slime Boss","floor":16,"turns":6},{"damage":24,"enemies":"Spheric Guardian","floor":18,"turns":4},{"damage":31,"floor":20,"turns":4},{"damage":17,"enemies":"Shell Parasite","floor":21,"turns":7},{"damage":21,"enemies":"Snecko","floor":24,"turns":4},{"damage":44,"enemies":"Slavers","floor":27,"turns":6},{"damage":32,"enemies":"Snake Plant","floor":30,"turns":5},{"damage":6,"enemies":"Chosen and Byrds","floor":31,"turns":4},{"damage":75,"enemies":"Champ","floor":33,"turns":12},{"damage":0,"enemies":"3 Darklings","floor":35,"turns":1},{"damage":20,"floor":37,"turns":5},{"damage":11,"floor":38,"turns":6},{"damage":14,"enemies":"2 Orb Walkers","floor":41,"turns":2},{"damage":16,"enemies":"Flame Bruiser 1 Orb","floor":42,"turns":3},{"damage":14,"enemies":"Giant Head","floor":47,"turns":4},{"damage":24,"enemies":"4 Shapes","floor":48,"turns":3},{"damage":49,"enemies":"Donu and Deca","floor":50,"turns":6}],"seed_played":"-411988808631926017","potions_obtained":[{"floor":5,"key":"GamblersBrew"},{"floor":6,"key":"Swift Potion"},{"floor":11,"key":"GamblersBrew"},{"floor":14,"key":"EssenceOfSteel"},{"floor":16,"key":"Explosive Potion"},{"floor":30,"key":"BloodPotion"},{"floor":31,"key":"Regen Potion"},{"floor":33,"key":"Strength Potion"}],"is_trial":false,"path_per_floor":["M","?","M","M","M","E","R","E","T","?","M","M","R","M","R","B",null,"M","?","?","M","$","R","M","R","T","E","R","?","M","M","R","B",null,"M","$","?","?","?","R","E","M","T","$","R","?","E","M","R","B"],"character_chosen":"IRONCLAD","items_purchased":["Apotheosis","ClockworkSouvenir","Spot Weakness","Evolve"],"campfire_rested":4,"item_purchase_floors":[22,22,36,36],"current_hp_per_floor":[65,53,50,56,54,38,38,16,16,16,23,31,31,36,57,39,72,54,41,36,27,27,50,55,55,55,29,29,29,14,49,72,20,77,77,77,63,60,87,87,79,71,81,81,81,81,75,63,92,55],"gold":636,"neow_bonus":"REMOVE_TWO","is_prod":false,"is_daily":false,"chose_seed":false,"campfire_upgraded":4,"win_rate":0.0,"timestamp":1531602720,"path_taken":["M","?","M","M","M","E","R","E","T","?","?","M","R","M","R","BOSS","M","?","?","?","$","R","M","R","T","E","R","?","M","M","R","BOSS","M","$","?","?","?","R","E","M","T","$","R","?","E","M","R","BOSS"],"build_version":"2018-07-12","purchased_purges":2,"victory":true,"max_hp_per_floor":[72,72,72,72,72,72,72,72,72,72,72,72,72,72,72,72,72,72,77,77,77,77,77,77,77,77,77,77,77,77,77,77,77,77,77,77,77,77,87,87,87,87,97,97,97,97,97,97,97,97],"card_choices":[{"not_picked":["Armaments","Wild Strike"],"picked":"Flex","floor":1},{"not_picked":["Hemokinesis","Twin Strike"],"picked":"Flex","floor":3},{"not_picked":["Seeing Red","Wild Strike"],"picked":"Whirlwind","floor":4},{"not_picked":["Whirlwind","Burning Pact"],"picked":"Headbutt","floor":5},{"not_picked":["Hemokinesis","Infernal Blade"],"picked":"Metallicize","floor":6},{"not_picked":["Headbutt","Fire Breathing"],"picked":"Twin Strike","floor":8},{"not_picked":["Sword Boomerang","Pummel"],"picked":"Double Tap","floor":11},{"not_picked":["Battle Trance","Anger"],"picked":"Clothesline","floor":12},{"not_picked":["Anger","Clothesline"],"picked":"Wild Strike","floor":14},{"not_picked":["Fiend Fire","Double Tap"],"picked":"Reaper","floor":16},{"not_picked":["Iron Wave","Body Slam+1"],"picked":"Armaments","floor":18},{"not_picked":["Disarm","True Grit"],"picked":"Uppercut","floor":20},{"not_picked":["Clothesline","Headbutt"],"picked":"Sword Boomerang+1","floor":21},{"not_picked":["Dual Wield","Clash"],"picked":"Ghostly Armor","floor":24},{"not_picked":["Double Tap","Twin Strike+1"],"picked":"Headbutt+1","floor":27},{"not_picked":["Warcry","Disarm"],"picked":"Wild Strike","floor":30},{"not_picked":["Rupture","Anger+1"],"picked":"Disarm+1","floor":31},{"not_picked":["Demon Form","Brutality"],"picked":"Immolate","floor":33},{"not_picked":["Body Slam","Combust+1"],"picked":"Cleave+1","floor":35},{"not_picked":["Metallicize","Dropkick+1"],"picked":"Rage+1","floor":37},{"not_picked":["Anger","Sever Soul"],"picked":"Limit Break","floor":38},{"not_picked":["Limit Break","Combust"],"picked":"Flex+1","floor":41},{"not_picked":["Thunderclap","Heavy Blade+1"],"picked":"Clothesline+1","floor":42},{"not_picked":["True Grit","Iron Wave+1"],"picked":"Entrench+1","floor":47},{"not_picked":["Body Slam","Combust+1","Clash"],"picked":"SKIP","floor":48}],"player_experience":18454,"relics_obtained":[{"floor":6,"key":"Blood Vial"},{"floor":8,"key":"Oddly Smooth Stone"},{"floor":9,"key":"Bag of Marbles"},{"floor":20,"key":"Red Mask"},{"floor":26,"key":"War Paint"},{"floor":27,"key":"Shovel"},{"floor":27,"key":"Champion Belt"},{"floor":28,"key":"Gambling Chip"},{"floor":37,"key":"Calipers"},{"floor":38,"key":"Ice Cream"},{"floor":40,"key":"Shuriken"},{"floor":41,"key":"Red Skull"},{"floor":41,"key":"Boot"},{"floor":43,"key":"Pear"},{"floor":47,"key":"Old Coin"},{"floor":47,"key":"Magic Flower"}],"event_choices":[{"event_name":"Scrap Ooze","player_choice":"success","floor":2,"damage_taken":12},{"event_name":"Shining Light","player_choice":"Ignored","floor":10,"damage_taken":0},{"event_name":"Forgotten Altar","player_choice":"Shed Blood","floor":19,"damage_taken":0},{"event_name":"Masked Bandits","player_choice":"Fought over 423 gold","floor":20,"damage_taken":0},{"event_name":"Ghosts","player_choice":"Ignored","floor":29,"damage_taken":0},{"event_name":"Mysterious Sphere","player_choice":"Fight","floor":37,"damage_taken":0},{"event_name":"MindBloom","player_choice":"Fight","floor":38,"damage_taken":0},{"event_name":"Bonfire Elementals","player_choice":"RARE","floor":39,"damage_taken":0},{"event_name":"Tomb of Lord Red Mask","player_choice":"Wore Mask","floor":46,"damage_taken":0}],"boss_relics":[{"not_picked":["Snecko Eye","Busted Crown"],"picked":"Black Star"},{"not_picked":["Coffee Dripper","White Beast Statue"],"picked":"Sozu"}],"items_purged_floors":[22,44],"is_endless":false,"potions_floor_spawned":[5,6,11,14,16,30,31,33,35],"ascension_level":0}