{"gold_per_floor":[367,367,13,23,41,41,59,94,94,94],"floor_reached":10,"playtime":234,"items_purged":["Pain"],"score":129,"play_id":"617facb5-11ea-49b0-aca1-92d634142020","local_time":"25611217165316","is_ascension_mode":true,"campfire_choices":[{"data":"Armaments","floor":6,"key":"SMITH"}],"neow_cost":"CURSE","seed_source_timestamp":16741265509132,"circlet_count":0,"master_deck":["AscendersBane","Strike_R","Strike_R","Strike_R","Strike_R","Strike_R","Defend_R","Defend_R","Defend_R","Defend_R","Bash","Mayhem","Trip","Spot Weakness","Armaments+1","Cleave","Power Through"],"relics":["Burning Blood","Art of War","Darkstone Periapt","Bronze Scales"],"potions_floor_usage":[8,10],"damage_taken":[{"damage":14,"enemies":"Jaw Worm","floor":1,"turns":4},{"damage":1,"enemies":"Cultist","floor":4,"turns":4},{"damage":7,"enemies":"Small Slimes","floor":5,"turns":3},{"damage":1,"enemies":"2 Fungi Beasts","floor":7,"turns":3},{"damage":30,"enemies":"Lagavulin","floor":8,"turns":5},{"damage":46,"enemies":"Gremlin Nob","floor":10,"turns":4}],"seed_played":"-6835539867794445531","potions_obtained":[{"floor":7,"key":"Strength Potion"},{"floor":8,"key":"SpeedPotion"}],"is_trial":false,"path_per_floor":["M","?","$","M","M","R","M","E","T","E"],"character_chosen":"IRONCLAD","items_purchased":["Mayhem","Trip"],"campfire_rested":0,"item_purchase_floors":[3,3],"current_hp_per_floor":[60,60,60,65,64,64,69,45,45,0],"gold":94,"neow_bonus":"TWO_FIFTY_GOLD","is_prod":false,"is_daily":false,"chose_seed":false,"campfire_upgraded":1,"win_rate":0,"timestamp":1545040396,"path_taken":["M","?","$","?","M","R","M","E","T","E"],"build_version":"2018-12-13","purchased_purges":1,"victory":false,"max_hp_per_floor":[75,75,75,75,75,75,75,75,75,75],"card_choices":[{"not_picked":["Flex","Disarm"],"picked":"True Grit","floor":1},{"not_picked":["Twin Strike","Anger"],"picked":"Spot Weakness","floor":4},{"not_picked":["Clothesline","Sentinel"],"picked":"Armaments","floor":5},{"not_picked":["Exhume","Clothesline"],"picked":"Cleave","floor":7},{"not_picked":["Perfected Strike","Cleave"],"picked":"Power Through","floor":8}],"player_experience":215305,"relics_obtained":[{"floor":8,"key":"Darkstone Periapt"},{"floor":9,"key":"Bronze Scales"}],"event_choices":[{"cards_removed":["True Grit"],"damage_healed":0,"gold_gain":0,"player_choice":"Gave Card","damage_taken":0,"relics_obtained":["Art of War"],"max_hp_gain":0,"max_hp_loss":0,"event_name":"WeMeetAgain","floor":2,"gold_loss":0}],"is_beta":false,"boss_relics":[],"items_purged_floors":[3],"is_endless":false,"potions_floor_spawned":[7,8],"killed_by":"Gremlin Nob","ascension_level":18}