{"gold_per_floor":[110,124,124,136,211,240,240,258,258,279,59,71,89,100,100,204,204,171,171,171],"floor_reached":20,"playtime":665,"items_purged":[],"score":202,"play_id":"9c80fd75-3b0a-4349-8da1-e6a2761a130a","local_time":"25611024221622","is_ascension_mode":true,"campfire_choices":[{"floor":7,"key":"REST"},{"floor":15,"key":"REST"}],"neow_cost":"NONE","seed_source_timestamp":45731465243938,"circlet_count":0,"master_deck":["Strike_B","Strike_B","Strike_B","Strike_B","Defend_B","Defend_B","Defend_B","Defend_B","Zap","Dualcast","Scrape","Conserve Battery","Streamline","Darkness","Beam Cell","Creative AI","Gash","Genetic Algorithm","Echo Form","Auto Shields+1","Necronomicurse"],"relics":["Sozu","DataDisk","Strawberry","Odd Mushroom","Regal Pillow","Black Star","Necronomicon"],"potions_floor_usage":[],"damage_taken":[{"damage":6,"enemies":"2 Louse","floor":1,"turns":2},{"damage":2,"enemies":"Jaw Worm","floor":2,"turns":3},{"damage":1,"enemies":"Cultist","floor":4,"turns":4},{"damage":20,"enemies":"3 Sentries","floor":6,"turns":8},{"damage":6,"enemies":"Looter","floor":8,"turns":3},{"damage":16,"enemies":"The Mushroom Lair","floor":10,"turns":4},{"damage":8,"enemies":"Large Slime","floor":12,"turns":6},{"damage":8,"enemies":"Exordium Wildlife","floor":13,"turns":5},{"damage":0,"enemies":"Looter","floor":14,"turns":2},{"damage":35,"enemies":"Slime Boss","floor":16,"turns":7},{"damage":31,"enemies":"2 Thieves","floor":18,"turns":5},{"damage":35,"enemies":"3 Byrds","floor":20,"turns":3}],"seed_played":"3855308539162813143","potions_obtained":[],"is_trial":false,"path_per_floor":["M","M","?","M","?","E","R","M","T","?","$","M","M","M","R","B",null,"M","?"],"character_chosen":"DEFECT","items_purchased":["Creative AI","Regal Pillow"],"campfire_rested":2,"item_purchase_floors":[11,11],"current_hp_per_floor":[69,67,67,66,55,35,57,51,58,42,42,34,26,26,65,30,82,51,35,0],"gold":171,"neow_bonus":"BOSS_RELIC","is_prod":false,"is_daily":false,"chose_seed":false,"campfire_upgraded":0,"win_rate":0,"timestamp":1540394182,"path_taken":["M","M","?","M","?","E","R","M","T","?","$","M","M","?","R","BOSS","M","?","M"],"build_version":"2018-10-18","purchased_purges":0,"victory":false,"max_hp_per_floor":[75,75,75,75,75,75,75,75,82,82,82,82,82,82,82,82,82,82,82,82],"card_choices":[{"not_picked":["Compile Driver","Stack"],"picked":"Scrape","floor":1},{"not_picked":["Chaos","Turbo"],"picked":"Conserve Battery","floor":2},{"not_picked":["Gash","Go for the Eyes"],"picked":"Streamline","floor":4},{"not_picked":["Turbo","Recycle","Stack"],"picked":"SKIP","floor":6},{"not_picked":["Steam Power","Beam Cell"],"picked":"Darkness","floor":8},{"not_picked":["Scrape","Hyperbeam"],"picked":"Beam Cell","floor":10},{"not_picked":["Compile Driver","Hello World"],"picked":"Gash","floor":12},{"not_picked":["Barrage","Beam Cell","Coolheaded"],"picked":"SKIP","floor":13},{"not_picked":["Doom and Gloom","Lockon"],"picked":"Genetic Algorithm","floor":14},{"not_picked":["Buffer","Electrodynamics"],"picked":"Echo Form","floor":16},{"not_picked":["Streamline","Hologram"],"picked":"Auto Shields+1","floor":18}],"player_experience":227825,"relics_obtained":[{"floor":6,"key":"DataDisk"},{"floor":9,"key":"Strawberry"},{"floor":10,"key":"Odd Mushroom"},{"floor":19,"key":"Necronomicon"}],"event_choices":[{"damage_healed":0,"gold_gain":0,"player_choice":"Ignored","damage_taken":0,"max_hp_gain":0,"max_hp_loss":0,"event_name":"Liars Game","floor":3,"gold_loss":0},{"damage_healed":0,"gold_gain":75,"player_choice":"Gather Gold","damage_taken":11,"max_hp_gain":0,"max_hp_loss":0,"event_name":"World of Goop","floor":5,"gold_loss":0},{"damage_healed":0,"gold_gain":0,"player_choice":"Fought Mushrooms","damage_taken":0,"max_hp_gain":0,"max_hp_loss":0,"event_name":"Mushrooms","floor":10,"gold_loss":0},{"damage_healed":0,"gold_gain":0,"player_choice":"Obtained Book","damage_taken":16,"max_hp_gain":0,"max_hp_loss":0,"event_name":"Cursed Tome","floor":19,"gold_loss":0}],"is_beta":false,"boss_relics":[{"not_picked":["Runic Pyramid","Tiny House"],"picked":"Black Star"}],"items_purged_floors":[],"is_endless":false,"potions_floor_spawned":[1,2,10,13,18],"killed_by":"3 Byrds","ascension_level":3}