{"gold_per_floor":[16,16,36,36,36,36,46,46,46,65,65,65],"floor_reached":12,"playtime":264,"items_purged":[],"score":136,"play_id":"02eeef73-d651-48f2-b1be-79e97e11e409","local_time":"20190411164847","is_ascension_mode":true,"campfire_choices":[{"data":"Strike_G","floor":6.0,"key":"PURGE"},{"data":"Deadly Poison","floor":11,"key":"SMITH"}],"neow_cost":"NO_GOLD","seed_source_timestamp":6566500248300,"circlet_count":0,"master_deck":["AscendersBane","Defend_G","Defend_G","Defend_G","Defend_G","Defend_G","Strike_G","Strike_G","Strike_G","Strike_G","Survivor","Neutralize","Tactician","Deadly Poison+1","Underhanded Strike","Eviscerate","Parasite"],"special_seed":0,"relics":["Ring of the Snake","Peace Pipe","Snake Skull","Dodecahedron","Frozen Egg 2"],"potions_floor_usage":[],"damage_taken":[{"damage":3.0,"enemies":"Cultist","floor":1.0,"turns":5.0},{"damage":3.0,"enemies":"Small Slimes","floor":3.0,"turns":5.0},{"damage":8.0,"enemies":"Jaw Worm","floor":7.0,"turns":4.0},{"damage":18,"enemies":"Lots of Slimes","floor":10,"turns":5},{"damage":3,"enemies":"Gremlin Nob","floor":12,"turns":3}],"seed_played":"-1008844028758452789","potions_obtained":[{"floor":1.0,"key":"Energy Potion"}],"is_trial":false,"path_per_floor":["M","T","M","?","?","R","M","?","T","M","R","E"],"character_chosen":"THE_SILENT","items_purchased":[],"campfire_rested":0,"item_purchase_floors":[],"current_hp_per_floor":[56,56,53,35,35,35,27,43,43,25,25,22],"gold":65,"neow_bonus":"ONE_RARE_RELIC","is_prod":false,"is_daily":false,"chose_seed":false,"campfire_upgraded":1,"win_rate":0,"timestamp":1554972527,"path_taken":["M","?","M","?","?","R","?","?","T","M","R","E"],"build_version":"2019-04-04","purchased_purges":0,"victory":false,"max_hp_per_floor":[66,66,66,66,66,66,66,66,66,66,66,66],"card_choices":[{"not_picked":["Quick Slash","Dodge and Roll"],"picked":"Tactician","floor":1.0},{"not_picked":["Cloak And Dagger","Reflex"],"picked":"Deadly Poison","floor":3.0},{"not_picked":["Slice","Deflect","Reflex"],"picked":"SKIP","floor":7.0},{"not_picked":["PiercingWail","Dagger Spray","Sucker Punch"],"picked":"SKIP","floor":10}],"player_experience":1390967,"relics_obtained":[{"floor":2.0,"key":"Snake Skull"},{"floor":9,"key":"Frozen Egg 2"}],"event_choices":[{"damage_healed":0.0,"max_hp_gain":0.0,"max_hp_loss":0.0,"gold_gain":0.0,"event_name":"Scrap Ooze","player_choice":"Success","floor":4.0,"gold_loss":0.0,"damage_taken":18.0,"relics_obtained":["Dodecahedron"]},{"damage_healed":0.0,"max_hp_gain":0.0,"max_hp_loss":0.0,"gold_gain":0.0,"event_name":"Match and Keep!","player_choice":"2 cards matched","floor":5.0,"gold_loss":0.0,"damage_taken":0.0,"cards_obtained":["Underhanded Strike","Eviscerate"]},{"damage_healed":0.0,"max_hp_gain":0.0,"max_hp_loss":0.0,"gold_gain":0.0,"event_name":"Match and Keep!","player_choice":"2 cards matched","floor":5.0,"gold_loss":0.0,"damage_taken":0.0,"cards_obtained":["Underhanded Strike","Eviscerate"]},{"damage_healed":16,"gold_gain":0,"player_choice":"Healed and dodged fight","damage_taken":0,"max_hp_gain":0,"max_hp_loss":0,"event_name":"Mushrooms","floor":8,"gold_loss":0,"cards_obtained":["Parasite"]}],"is_beta":true,"boss_relics":[],"items_purged_floors":[],"is_endless":false,"potions_floor_spawned":[1],"killed_by":"Gremlin Nob","ascension_level":20}