{"gold_per_floor":[117,131,131,151,162,162,162,162,162,187,227,243,286,300,300,428,428,398,323,323,343,364,364,380,380,432,432,79,102,125,150,150,271,271,292,317,317,46,65,65,65,84,84,84,84,84,84],"floor_reached":47,"playtime":3033,"items_purged":["Strike_G","Strike_G","Strike_G"],"score":518,"play_id":"bd2760f9-e2f8-4a32-aa76-e86ac3b83410","local_time":"20181004194025","is_ascension_mode":true,"campfire_choices":[{"data":"Noxious Fumes","floor":6,"key":"SMITH"},{"data":"Defend_G","floor":8,"key":"SMITH"},{"data":"Dodge and Roll","floor":15,"key":"SMITH"},{"data":"Leg Sweep","floor":23,"key":"SMITH"},{"data":"Backflip","floor":25,"key":"SMITH"},{"data":"Survivor","floor":27,"key":"SMITH"},{"data":"Deflect","floor":32,"key":"SMITH"},{"floor":41,"key":"REST"},{"floor":44,"key":"REST"},{"floor":46,"key":"REST"}],"neow_cost":"NONE","seed_source_timestamp":1547410618236070,"circlet_count":0,"master_deck":["Defend_G+1","Defend_G+1","Defend_G","Defend_G","Defend_G","Strike_G","Survivor+1","Neutralize+1","Poisoned Stab","Flying Knee","Skewer","Deadly Poison","Noxious Fumes+1","Cloak And Dagger","Dodge and Roll+1","Backflip+1","Leg Sweep+1","Flash of Steel","Deflect+1","Dodge and Roll+1"],"relics":["Ring of the Snake","Golden Idol","Calipers","Torii","Mango","Runic Pyramid","Pen Nib","Snake Skull","White Beast Statue","Turnip","Lantern","Frozen Egg 2"],"potions_floor_usage":[11,36,40,40],"damage_taken":[{"damage":2,"enemies":"2 Louse","floor":1,"turns":4},{"damage":0,"enemies":"Cultist","floor":2,"turns":4},{"damage":0,"enemies":"Jaw Worm","floor":4,"turns":3},{"damage":1,"enemies":"2 Fungi Beasts","floor":5,"turns":3},{"damage":0,"enemies":"Blue Slaver","floor":10,"turns":4},{"damage":16,"enemies":"3 Sentries","floor":11,"turns":8},{"damage":9,"enemies":"Lots of Slimes","floor":12,"turns":3},{"damage":1,"enemies":"Lagavulin","floor":13,"turns":6},{"damage":1,"enemies":"Exordium Thugs","floor":14,"turns":5},{"damage":9,"enemies":"Hexaghost","floor":16,"turns":10},{"damage":17,"enemies":"2 Thieves","floor":18,"turns":5},{"damage":2,"enemies":"Shell Parasite","floor":21,"turns":6},{"damage":10,"enemies":"Chosen and Byrds","floor":22,"turns":6},{"damage":7,"enemies":"Centurion and Healer","floor":24,"turns":9},{"damage":9,"enemies":"Snake Plant","floor":29,"turns":7},{"damage":1,"enemies":"3 Cultists","floor":30,"turns":5},{"damage":0,"enemies":"Centurion and Healer","floor":31,"turns":8},{"damage":7,"enemies":"Automaton","floor":33,"turns":12},{"damage":12,"enemies":"3 Darklings","floor":35,"turns":6},{"damage":1,"enemies":"3 Shapes","floor":36,"turns":5},{"damage":1,"enemies":"Mind Bloom Boss Battle","floor":37,"turns":10},{"damage":8,"enemies":"3 Darklings","floor":39,"turns":6},{"damage":50,"enemies":"Giant Head","floor":40,"turns":11},{"damage":33,"enemies":"Transient","floor":42,"turns":5},{"damage":57,"enemies":"Reptomancer","floor":47,"turns":3}],"seed_played":"-5195955585308988111","potions_obtained":[{"floor":2,"key":"Block Potion"},{"floor":10,"key":"Dexterity Potion"},{"floor":12,"key":"Strength Potion"},{"floor":16,"key":"Regen Potion"},{"floor":20,"key":"GhostInAJar"},{"floor":20,"key":"SmokeBomb"},{"floor":36,"key":"Strength Potion"},{"floor":42,"key":"Ancient Potion"}],"is_trial":false,"path_per_floor":["M","M","?","M","M","R","?","R","T","M","E","M","E","M","R","B",null,"M","$","?","M","M","R","M","R","T","R","$","M","M","M","R","B",null,"M","M","?","$","M","E","R","M","T","R","?","R"],"character_chosen":"THE_SILENT","items_purchased":["Snake Skull","Flash of Steel","Lantern"],"campfire_rested":3,"item_purchase_floors":[28,28,38],"current_hp_per_floor":[68,68,68,68,67,67,65,65,65,65,49,40,53,52,52,43,79,62,62,62,60,50,50,43,43,43,43,43,34,33,33,33,26,79,67,66,65,65,57,19,42,9,9,32,32,55,0],"gold":84,"neow_bonus":"UPGRADE_CARD","is_prod":false,"is_daily":false,"chose_seed":false,"campfire_upgraded":7,"win_rate":0,"timestamp":1538674825,"path_taken":["M","M","?","M","M","R","?","R","T","?","E","M","E","M","R","BOSS","M","$","?","M","M","R","M","R","T","R","$","M","M","?","R","BOSS","M","M","?","$","M","E","R","M","T","R","?","R","M"],"build_version":"2018-09-27","purchased_purges":3,"victory":false,"max_hp_per_floor":[70,70,70,70,70,70,65,65,65,65,65,65,79,79,79,79,79,79,79,79,79,79,79,79,79,79,79,79,79,79,79,79,79,79,79,79,79,79,79,79,79,79,79,79,79,79,79],"card_choices":[{"not_picked":["Underhanded Strike","Quick Slash"],"picked":"Poisoned Stab","floor":1},{"not_picked":["Dash","Finisher"],"picked":"Flying Knee","floor":2},{"not_picked":["Poisoned Stab","Deflect"],"picked":"Deadly Poison","floor":4},{"not_picked":["Blade Dance","Unload"],"picked":"Noxious Fumes","floor":5},{"not_picked":["Crippling Poison","Flechettes"],"picked":"Cloak And Dagger","floor":10},{"not_picked":["Prepared","Slice","Underhanded Strike"],"picked":"SKIP","floor":11},{"not_picked":["Outmaneuver","Bane"],"picked":"Dodge and Roll","floor":12},{"not_picked":["Skewer","Backstab"],"picked":"Backflip","floor":13},{"not_picked":["Acrobatics","Well Laid Plans","Riddle With Holes"],"picked":"SKIP","floor":14},{"not_picked":["Backstab","Finisher","Acrobatics+1"],"picked":"SKIP","floor":18},{"not_picked":["Outmaneuver","Underhanded Strike","Tactician"],"picked":"SKIP","floor":21},{"not_picked":["Outmaneuver","Underhanded Strike","Tactician"],"picked":"SKIP","floor":21},{"not_picked":["Distraction","Poisoned Stab"],"picked":"Leg Sweep","floor":22},{"not_picked":["Underhanded Strike+1","Accuracy+1","Dash"],"picked":"SKIP","floor":24},{"not_picked":["Prepared","Heel Hook+1"],"picked":"Deflect","floor":29},{"not_picked":["Leg Sweep","Prepared","Outmaneuver"],"picked":"SKIP","floor":30},{"not_picked":["Prepared","Poisoned Stab","Phantasmal Killer"],"picked":"SKIP","floor":31},{"not_picked":["Infinite Blades","Bane","Dagger Spray"],"picked":"SKIP","floor":35},{"not_picked":["Prepared+1","Underhanded Strike","Quick Slash+1"],"picked":"SKIP","floor":36},{"not_picked":["Acrobatics+1","Flying Knee+1"],"picked":"Dodge and Roll+1","floor":37},{"not_picked":["Die Die Die","Cloak And Dagger+1","Blur+1"],"picked":"SKIP","floor":39},{"not_picked":["Flying Knee+1","Quick Slash+1","Underhanded Strike+1"],"picked":"SKIP","floor":42}],"player_experience":77476,"relics_obtained":[{"floor":9,"key":"Calipers"},{"floor":11,"key":"Torii"},{"floor":13,"key":"Mango"},{"floor":26,"key":"Pen Nib"},{"floor":37,"key":"Turnip"},{"floor":43,"key":"Frozen Egg 2"}],"event_choices":[{"event_name":"Transmorgrifier","player_choice":"Transform","floor":3,"damage_taken":0},{"event_name":"Golden Idol","player_choice":"Lose Max HP","floor":7,"damage_taken":0},{"event_name":"The Lab","player_choice":"Got Potions","floor":20,"damage_taken":0},{"event_name":"MindBloom","player_choice":"Fight","floor":37,"damage_taken":0},{"event_name":"Accursed Blacksmith","player_choice":"Forge","floor":45,"damage_taken":0}],"is_beta":false,"boss_relics":[{"not_picked":["Fusion Hammer","HoveringKite"],"picked":"Runic Pyramid"},{"not_picked":["Philosopher\u0027s Stone","Snecko Eye"],"picked":"White Beast Statue"}],"items_purged_floors":[19,28,38],"is_endless":false,"potions_floor_spawned":[2,10,12,16,18,22,31,35,36,37,39,40,42],"killed_by":"Reptomancer","ascension_level":2}