{"gold_per_floor":[110,121,65,84,101,134,134,146,146,159,159,192,221,235,235,313,313,313,18,118,133,133,158,158,176,200,54,54,82,82,101,101,172,172,190,190,41,58,58,58,72,72,372,405,422,422,41,56,56,56],"floor_reached":51,"playtime":1927,"items_purged":["Strike_R","Strike_R"],"score":1260,"play_id":"caece2da-6ed2-4fa7-bcaa-66a422fd5245","local_time":"20181027203749","is_ascension_mode":true,"campfire_choices":[{"data":"Whirlwind","floor":7.0,"key":"SMITH"},{"floor":11.0,"key":"REST"},{"data":"Inflame","floor":15.0,"key":"SMITH"},{"data":"True Grit","floor":24,"key":"SMITH"},{"data":"Disarm","floor":28,"key":"SMITH"},{"data":"Flame Barrier","floor":30,"key":"SMITH"},{"floor":32,"key":"REST"},{"data":"Heavy Blade","floor":40,"key":"SMITH"},{"data":"Flame Barrier","floor":42,"key":"SMITH"},{"data":"Clothesline","floor":46,"key":"SMITH"},{"data":"Discovery","floor":49,"key":"SMITH"}],"neow_cost":"NONE","seed_source_timestamp":45119110546169,"circlet_count":0,"master_deck":["Strike_R+1","Strike_R+1","Defend_R","Defend_R","Defend_R","Defend_R","Bash","AscendersBane","Brutality","Spot Weakness","Whirlwind+1","Inflame+1","Anger","Power Through","Flame Barrier+1","True Grit+1","Inflame+1","Immolate","Heavy Blade","Heavy Blade+1","Inflame+1","Disarm+1","Demon Form+1","Feel No Pain+1","Fiend Fire","Shrug It Off","Clash","Flame Barrier+1","Bludgeon","Parasite","Clothesline+1","Uppercut","Shrug It Off","Discovery+1","Pommel Strike"],"special_seed":0,"relics":["Burning Blood","Boot","Frozen Egg 2","Self Forming Clay","Dream Catcher","Mercury Hourglass","Snecko Eye","Meat on the Bone","Torii","Blue Candle","Pear","Bottled Lightning","Whetstone","Lantern","Eternal Feather","Oddly Smooth Stone","FaceOfCleric","Old Coin","Potion Belt"],"potions_floor_usage":[20,23,33,50,50,50,50],"damage_taken":[{"damage":8.0,"enemies":"Jaw Worm","floor":1.0,"turns":7.0},{"damage":5.0,"enemies":"Cultist","floor":2.0,"turns":5.0},{"damage":5.0,"enemies":"Small Slimes","floor":4.0,"turns":4.0},{"damage":17.0,"enemies":"Blue Slaver","floor":5.0,"turns":5.0},{"damage":39.0,"enemies":"3 Sentries","floor":6.0,"turns":7.0},{"damage":20.0,"enemies":"Exordium Thugs","floor":8.0,"turns":4.0},{"damage":0.0,"enemies":"Gremlin Gang","floor":10.0,"turns":1.0},{"damage":13.0,"enemies":"Gremlin Nob","floor":12.0,"turns":4.0},{"damage":11.0,"enemies":"3 Sentries","floor":13.0,"turns":4.0},{"damage":1.0,"enemies":"3 Louse","floor":14.0,"turns":2.0},{"damage":28.0,"enemies":"Slime Boss","floor":16.0,"turns":6.0},{"damage":7.0,"enemies":"Chosen","floor":18.0,"turns":3.0},{"damage":8,"enemies":"Colosseum Slavers","floor":20,"turns":4},{"damage":28,"enemies":"Colosseum Nobs","floor":20,"turns":4},{"damage":0,"enemies":"2 Thieves","floor":21,"turns":2},{"damage":26,"enemies":"Book of Stabbing","floor":23,"turns":4},{"damage":4,"enemies":"Snecko","floor":25,"turns":5},{"damage":24,"enemies":"Gremlin Leader","floor":29,"turns":6},{"damage":0,"enemies":"Centurion and Healer","floor":31,"turns":4},{"damage":71,"enemies":"Automaton","floor":33,"turns":7},{"damage":18,"enemies":"3 Darklings","floor":35,"turns":4},{"damage":1,"enemies":"3 Shapes","floor":38,"turns":7},{"damage":16,"enemies":"Jaw Worm Horde","floor":41,"turns":2},{"damage":34,"enemies":"Nemesis","floor":44,"turns":7},{"damage":24,"enemies":"Writhing Mass","floor":45,"turns":5},{"damage":12,"enemies":"Sphere and 2 Shapes","floor":48,"turns":4},{"damage":26,"enemies":"Donu and Deca","floor":50,"turns":6}],"seed_played":"-6284033128282895351","potions_obtained":[{"floor":1.0,"key":"BloodPotion"},{"floor":4.0,"key":"FearPotion"},{"floor":10.0,"key":"Energy Potion"},{"floor":16.0,"key":"AttackPotion"},{"floor":23,"key":"Weak Potion"},{"floor":25,"key":"Swift Potion"},{"floor":35,"key":"Block Potion"},{"floor":38,"key":"Energy Potion"},{"floor":45,"key":"Weak Potion"}],"is_trial":false,"path_per_floor":["M","M","?","M","M","E","R","M","T","M","R","E","?","M","R","B",null,"M","$","?","M","T","E","R","M","T","$","R","E","R","M","R","B",null,"M","?","$","M","?","R","M","R","T","E","M","R","$","M","R","B"],"character_chosen":"IRONCLAD","items_purchased":["Meat on the Bone","Heavy Blade","Disarm","Oddly Smooth Stone","Dexterity Potion","PowerPotion","Uppercut","Shrug It Off","Discovery"],"campfire_rested":2,"item_purchase_floors":[19,19,27,37,47,47,47,47,47],"current_hp_per_floor":[66,67,67,68,57,31,31,17,17,23,45,38,33,38,38,16,60,59,59,47,53,63,55,55,57,57,57,57,51,51,57,82,29,71,59,59,59,64,64,79,70,85,85,58,53,71,71,66,87,68],"gold":56,"neow_bonus":"ONE_RANDOM_RARE_CARD","is_prod":false,"is_daily":false,"chose_seed":false,"campfire_upgraded":9,"win_rate":0,"timestamp":1540697869,"path_taken":["M","M","?","M","M","E","R","M","T","M","R","E","?","M","R","BOSS","M","$","?","M","?","E","R","M","T","$","R","E","R","M","R","BOSS","M","?","$","M","?","R","M","R","T","E","M","R","$","M","R","BOSS"],"build_version":"2018-10-25v2","purchased_purges":2,"victory":true,"max_hp_per_floor":[75,75,75,75,75,75,75,75,75,75,75,75,75,75,75,75,75,75,75,75,75,85,85,85,85,85,85,85,85,85,85,85,85,85,85,85,85,85,85,85,86,86,86,87,88,88,88,89,89,90],"card_choices":[{"not_picked":["Combust","Cleave"],"picked":"Spot Weakness","floor":1.0},{"not_picked":["Flex","Pommel Strike"],"picked":"Whirlwind","floor":2.0},{"not_picked":["Iron Wave","Wild Strike"],"picked":"Inflame","floor":4.0},{"not_picked":["Body Slam","Exhume"],"picked":"Anger","floor":5.0},{"not_picked":["Iron Wave","Combust"],"picked":"Power Through","floor":6.0},{"not_picked":["Thunderclap","Wild Strike"],"picked":"Flame Barrier","floor":8.0},{"not_picked":["Body Slam","Burning Pact"],"picked":"True Grit","floor":10.0},{"not_picked":["Havoc","Ghostly Armor"],"picked":"Inflame+1","floor":12.0},{"not_picked":["Blood for Blood","Perfected Strike","Body Slam"],"picked":"SKIP","floor":14.0},{"not_picked":["Berserk+1","Demon Form+1"],"picked":"Immolate","floor":16.0},{"not_picked":["Power Through","Inflame+1","Twin Strike"],"picked":"SKIP","floor":18},{"not_picked":["Clash","Power Through"],"picked":"Heavy Blade","floor":20},{"not_picked":["Thunderclap","Perfected Strike","Blood for Blood+1"],"picked":"SKIP","floor":21},{"not_picked":["Flex","Wild Strike","Carnage"],"picked":"SKIP","floor":23},{"not_picked":["Dropkick","Combust+1"],"picked":"Inflame+1","floor":25},{"not_picked":["Disarm","Blood for Blood"],"picked":"Demon Form+1","floor":29},{"not_picked":["Wild Strike","Rampage","Iron Wave"],"picked":"SKIP","floor":31},{"not_picked":["Carnage","Body Slam"],"picked":"Feel No Pain+1","floor":32},{"not_picked":["Exhume","Brutality+1"],"picked":"Fiend Fire","floor":33},{"not_picked":["Inflame+1","Metallicize+1"],"picked":"Shrug It Off","floor":35},{"not_picked":["Inflame+1","Headbutt+1","Entrench"],"picked":"SKIP","floor":38},{"not_picked":["Blood for Blood","Intimidate"],"picked":"Flame Barrier","floor":41},{"not_picked":["Pommel Strike","Warcry"],"picked":"Bludgeon","floor":44},{"not_picked":["Pummel","Heavy Blade"],"picked":"Clothesline","floor":45},{"not_picked":["Fire Breathing+1","Wild Strike"],"picked":"Pommel Strike","floor":48}],"player_experience":1500025,"relics_obtained":[{"floor":6.0,"key":"Frozen Egg 2"},{"floor":9.0,"key":"Self Forming Clay"},{"floor":12.0,"key":"Dream Catcher"},{"floor":13.0,"key":"Mercury Hourglass"},{"floor":20,"key":"Torii"},{"floor":20,"key":"Blue Candle"},{"floor":22,"key":"Pear"},{"floor":23,"key":"Bottled Lightning"},{"floor":26,"key":"Whetstone"},{"floor":29,"key":"Lantern"},{"floor":43,"key":"Old Coin"},{"floor":44,"key":"Potion Belt"}],"event_choices":[{"damage_healed":0.0,"max_hp_gain":0.0,"max_hp_loss":0.0,"gold_gain":0.0,"event_name":"WeMeetAgain","player_choice":"Paid Gold","floor":3.0,"gold_loss":56.0,"damage_taken":0.0,"relics_obtained":["Boot"]},{"damage_healed":0.0,"max_hp_gain":0.0,"max_hp_loss":0.0,"gold_gain":30.0,"event_name":"Dead Adventurer","player_choice":"Searched \u00273\u0027 times","floor":13.0,"gold_loss":0.0,"damage_taken":0.0},{"damage_healed":0,"gold_gain":0,"player_choice":"Fight","damage_taken":0,"max_hp_gain":0,"max_hp_loss":0,"event_name":"Colosseum","floor":20,"gold_loss":0},{"damage_healed":0,"gold_gain":0,"player_choice":"Fought Nobs","damage_taken":0,"max_hp_gain":0,"max_hp_loss":0,"event_name":"Colosseum","floor":20,"gold_loss":0},{"damage_healed":0,"gold_gain":0,"cards_transformed":["Strike_R"],"player_choice":"Transformed","damage_taken":0,"max_hp_gain":0,"max_hp_loss":0,"event_name":"Transmorgrifier","floor":36,"gold_loss":0,"cards_obtained":["Clash"]},{"damage_healed":0,"gold_gain":0,"player_choice":"Trade","damage_taken":0,"relics_obtained":["FaceOfCleric"],"max_hp_gain":0,"max_hp_loss":0,"event_name":"FaceTrader","floor":39,"gold_loss":0}],"is_beta":false,"boss_relics":[{"not_picked":["Empty Cage","Orrery"],"picked":"Snecko Eye"},{"not_picked":["White Beast Statue","Black Star"],"picked":"Eternal Feather"}],"items_purged_floors":[27,47],"is_endless":false,"potions_floor_spawned":[1,4,10,12,16,20,23,25,29,35,38,41,45],"ascension_level":15}