{"gold_per_floor":[118,118,134,146,157,157,186,186,186,198,348,348,362,391,391,464,464,479,13,13,28,41,41,51,51,75,106,106,118,118,137,137,216,216,227,227,1226,1226,406,406,438,438,509,10,38,38,49,82,82,82],"floor_reached":51,"playtime":2091,"items_purged":["Doubt","Normality","Normality"],"score":1479,"play_id":"c586e691-c375-44f2-8393-776c3de92adf","local_time":"20190325125136","is_ascension_mode":true,"campfire_choices":[{"data":"Wild Strike","floor":6.0,"key":"SMITH"},{"data":"Spot Weakness","floor":8.0,"key":"SMITH"},{"data":"Shrug It Off","floor":12.0,"key":"SMITH"},{"floor":15.0,"key":"REST"},{"floor":23.0,"key":"REST"},{"floor":28.0,"key":"REST"},{"floor":30.0,"key":"REST"},{"floor":32.0,"key":"REST"},{"data":"Corruption","floor":40,"key":"SMITH"},{"data":"Feel No Pain","floor":42,"key":"SMITH"},{"data":"True Grit","floor":49,"key":"SMITH"}],"neow_cost":"NONE","seed_source_timestamp":19708207689127,"circlet_count":0,"master_deck":["AscendersBane","Strike_R+1","Strike_R","Strike_R+1","Defend_R","Defend_R","Defend_R","Defend_R","Heavy Blade","Wild Strike+1","Cleave","Shrug It Off+1","Spot Weakness+1","Inflame","Impervious","Limit Break","Pommel Strike","Warcry","Evolve","Feel No Pain+1","Fire Breathing","Immolate","Disarm","Armaments","Decay","Power Through","Whirlwind","Battle Trance+1","Barricade","Havoc","Discovery","Barricade","Corruption+1","Havoc","Shockwave+1","Disarm","Corruption+1","Burning Pact","Disarm","Entrench","True Grit+1","Shrug It Off","Shrug It Off+1"],"special_seed":0,"relics":["Burning Blood","Whetstone","The Courier","FossilizedHelix","Lizard Tail","Dead Branch","Red Skull","Shuriken","Eternal Feather","Happy Flower","Ancient Tea Set","Thread and Needle","Mummified Hand","Paper Frog","DollysMirror","Turnip","Bird Faced Urn"],"potions_floor_usage":[41,41,50,50,50,50],"damage_taken":[{"damage":10.0,"enemies":"Small Slimes","floor":1.0,"turns":3.0},{"damage":9.0,"enemies":"2 Louse","floor":3.0,"turns":2.0},{"damage":7.0,"enemies":"Jaw Worm","floor":4.0,"turns":2.0},{"damage":14.0,"enemies":"Blue Slaver","floor":5.0,"turns":5.0},{"damage":12.0,"enemies":"3 Sentries","floor":7.0,"turns":7.0},{"damage":6.0,"enemies":"Looter","floor":10.0,"turns":3.0},{"damage":10.0,"enemies":"Large Slime","floor":13.0,"turns":5.0},{"damage":32.0,"enemies":"Gremlin Nob","floor":14.0,"turns":4.0},{"damage":45.0,"enemies":"The Guardian","floor":16.0,"turns":15.0},{"damage":30.0,"enemies":"Shell Parasite","floor":18.0,"turns":4.0},{"damage":12.0,"enemies":"Chosen","floor":21.0,"turns":6.0},{"damage":9.0,"enemies":"Shelled Parasite and Fungi","floor":22.0,"turns":5.0},{"damage":9.0,"enemies":"Centurion and Healer","floor":24.0,"turns":8.0},{"damage":41.0,"enemies":"Slavers","floor":27.0,"turns":6.0},{"damage":11.0,"enemies":"Chosen and Byrds","floor":29.0,"turns":6.0},{"damage":26.0,"enemies":"Snecko","floor":31.0,"turns":6.0},{"damage":49.0,"enemies":"Collector","floor":33.0,"turns":9.0},{"damage":0.0,"enemies":"3 Shapes","floor":35.0,"turns":7.0},{"damage":36,"enemies":"Nemesis","floor":41,"turns":13},{"damage":0,"enemies":"Reptomancer","floor":45,"turns":4},{"damage":0,"enemies":"Orb Walker","floor":47,"turns":4},{"damage":0,"enemies":"Nemesis","floor":48,"turns":5},{"damage":7,"enemies":"Awakened One","floor":50,"turns":8}],"seed_played":"2666285765690226975","potions_obtained":[{"floor":1.0,"key":"Explosive Potion"},{"floor":4.0,"key":"Swift Potion"},{"floor":14.0,"key":"Weak Potion"},{"floor":18.0,"key":"Ancient Potion"},{"floor":24.0,"key":"Fire Potion"},{"floor":31.0,"key":"Energy Potion"},{"floor":33.0,"key":"GamblersBrew"},{"floor":45,"key":"Block Potion"},{"floor":47,"key":"EntropicBrew"}],"is_trial":false,"path_per_floor":["M","?","M","M","M","R","E","R","T","M","?","R","M","E","R","B",null,"M","$","?","M","M","R","M","?","T","E","R","M","R","M","R","B",null,"M","?","?","?","$","R","E","R","T","$","E","?","M","E","R","B",null],"character_chosen":"IRONCLAD","items_purchased":["Dead Branch","Warcry","Evolve","Feel No Pain","Barricade","Corruption","Happy Flower","Ancient Tea Set","Thread and Needle","Dexterity Potion","Havoc","Disarm","DollysMirror","Burning Pact","Disarm","Entrench","True Grit"],"campfire_rested":5,"item_purchase_floors":[19,19,19,19,39,39,39,39,39,39,39,44,44,44,44,44,44],"current_hp_per_floor":[71,71,68,67,59,59,53,53,53,53,53,53,49,23,47,8,64,40,40,40,34,31,55,52,52,52,17,41,36,60,40,64,21,67,73,73,73,73,73,78,48,69,69,69,75,75,78,78,78,78],"gold":82,"neow_bonus":"TEN_PERCENT_HP_BONUS","is_prod":false,"is_daily":false,"chose_seed":false,"campfire_upgraded":6,"win_rate":0,"timestamp":1553543496,"path_taken":["M","?","M","M","M","R","E","R","T","M","?","R","M","E","R","BOSS","M","$","?","M","M","R","M","?","T","E","R","M","R","M","R","BOSS","M","?","?","?","$","R","E","R","T","$","E","?","M","E","R","BOSS"],"build_version":"2019-01-23","purchased_purges":3,"victory":true,"max_hp_per_floor":[82,82,82,82,82,82,82,82,82,82,82,82,82,82,82,82,82,82,82,82,82,82,82,82,82,82,82,82,82,82,82,82,82,82,82,78,78,78,78,78,78,78,78,78,78,78,78,78,78,78],"card_choices":[{"not_picked":["Rage","Blood for Blood"],"picked":"Heavy Blade","floor":1.0},{"not_picked":["Heavy Blade","Entrench"],"picked":"Wild Strike","floor":3.0},{"not_picked":["Sword Boomerang","Blood for Blood"],"picked":"Cleave","floor":4.0},{"not_picked":["Infernal Blade","Armaments"],"picked":"Shrug It Off","floor":5.0},{"not_picked":["Combust","Perfected Strike"],"picked":"Spot Weakness","floor":7.0},{"not_picked":["Sword Boomerang","Rage","Wild Strike"],"picked":"SKIP","floor":10.0},{"not_picked":["Sword Boomerang","Havoc"],"picked":"Inflame","floor":13.0},{"not_picked":["Wild Strike","Thunderclap"],"picked":"Impervious","floor":14.0},{"not_picked":["Demon Form","Fiend Fire"],"picked":"Limit Break","floor":16.0},{"not_picked":["Reckless Charge","Searing Blow"],"picked":"Pommel Strike","floor":18.0},{"not_picked":["Wild Strike","Pommel Strike"],"picked":"Disarm","floor":21.0},{"not_picked":["Sword Boomerang","Bloodletting","Sever Soul"],"picked":"SKIP","floor":22.0},{"not_picked":["Sever Soul","Twin Strike"],"picked":"Armaments","floor":24.0},{"not_picked":["Spot Weakness","Anger"],"picked":"Power Through","floor":27.0},{"not_picked":["Clothesline","Clash"],"picked":"Whirlwind","floor":29.0},{"not_picked":["Offering","Warcry"],"picked":"Battle Trance+1","floor":31.0},{"not_picked":["Feed","Immolate"],"picked":"Barricade","floor":33.0},{"not_picked":["Pommel Strike+1","Armaments"],"picked":"Havoc","floor":35.0},{"not_picked":["Flash of Steel","Violence"],"picked":"Discovery","floor":38.0},{"not_picked":["Pommel Strike+1","Pummel"],"picked":"Shockwave+1","floor":41},{"not_picked":["Heavy Blade","Clash"],"picked":"Shrug It Off","floor":45},{"not_picked":["Bloodletting","Infernal Blade"],"picked":"Shrug It Off+1","floor":47},{"not_picked":["Clothesline","Cleave+1","Brutality"],"picked":"SKIP","floor":48}],"player_experience":2373412,"relics_obtained":[{"floor":7.0,"key":"Whetstone"},{"floor":9.0,"key":"The Courier"},{"floor":14.0,"key":"FossilizedHelix"},{"floor":26.0,"key":"Red Skull"},{"floor":27.0,"key":"Shuriken"},{"floor":41,"key":"Mummified Hand"},{"floor":43,"key":"Paper Frog"},{"floor":45,"key":"Turnip"},{"floor":48,"key":"Bird Faced Urn"}],"event_choices":[{"damage_healed":0.0,"max_hp_gain":0.0,"max_hp_loss":0.0,"gold_gain":0.0,"event_name":"Living Wall","player_choice":"Grow","floor":2.0,"gold_loss":0.0,"damage_taken":0.0,"cards_upgraded":["Bash"]},{"damage_healed":0.0,"max_hp_gain":0.0,"max_hp_loss":0.0,"gold_gain":150.0,"event_name":"Liars Game","player_choice":"AGREE","floor":11.0,"gold_loss":0.0,"damage_taken":0.0,"cards_obtained":["Doubt"]},{"damage_healed":0.0,"max_hp_gain":0.0,"max_hp_loss":0.0,"gold_gain":0.0,"cards_transformed":["Strike_R","Strike_R"],"event_name":"Drug Dealer","player_choice":"Became Test Subject","floor":20.0,"gold_loss":0.0,"damage_taken":0.0,"cards_obtained":["Fire Breathing","Immolate"]},{"damage_healed":0.0,"max_hp_gain":0.0,"max_hp_loss":0.0,"gold_gain":0.0,"event_name":"Forgotten Altar","player_choice":"Smashed Altar","floor":25.0,"gold_loss":0.0,"damage_taken":0.0,"cards_obtained":["Decay"]},{"damage_healed":0.0,"max_hp_gain":0.0,"max_hp_loss":4.0,"gold_gain":0.0,"event_name":"Winding Halls","player_choice":"Max HP","floor":36.0,"gold_loss":0.0,"damage_taken":0.0},{"damage_healed":0.0,"max_hp_gain":0.0,"max_hp_loss":0.0,"gold_gain":999.0,"event_name":"MindBloom","player_choice":"Gold","floor":37.0,"gold_loss":0.0,"damage_taken":0.0,"cards_obtained":["Normality","Normality"]},{"damage_healed":0.0,"max_hp_gain":0.0,"max_hp_loss":0.0,"gold_gain":0.0,"event_name":"SensoryStone","player_choice":"Memory 1","floor":38.0,"gold_loss":0.0,"damage_taken":0.0},{"cards_removed":["Bash"],"damage_healed":0,"gold_gain":0,"player_choice":"Removed Attack","damage_taken":0,"max_hp_gain":0,"max_hp_loss":0,"event_name":"Falling","floor":46,"gold_loss":0}],"is_beta":false,"boss_relics":[{"not_picked":["Calling Bell","Runic Pyramid"],"picked":"Lizard Tail"},{"not_picked":["Orrery","Busted Crown"],"picked":"Eternal Feather"}],"items_purged_floors":[19,39,44],"is_endless":false,"potions_floor_spawned":[1,4,14,18,24,31,33,45,47,48],"ascension_level":15}