{"gold_per_floor":[110,60,70,87,107,132,149,182,182,182,19,19,19],"floor_reached":13,"playtime":795,"items_purged":["Defend_R"],"score":95,"play_id":"56513c3c-12f3-47f4-bf16-8822bdd0dd0e","local_time":"20190503192912","is_ascension_mode":false,"campfire_choices":[{"floor":12,"key":"REST"}],"neow_cost":"NONE","seed_source_timestamp":1212131505836631,"circlet_count":0,"master_deck":["Strike_R","Strike_R","Strike_R","Strike_R","Defend_R","Defend_R","Bash","Limit Break","Armaments","Fire Breathing","Clash","Berserk","Whirlwind","Flex","Warcry","Fire Breathing","Anger"],"relics":["Burning Blood","Torii","Anchor","Letter Opener"],"potions_floor_usage":[8],"damage_taken":[{"damage":11,"enemies":"Jaw Worm","floor":1,"turns":3},{"damage":0,"enemies":"Small Slimes","floor":3,"turns":3},{"damage":2,"enemies":"2 Louse","floor":4,"turns":4},{"damage":10,"enemies":"Large Slime","floor":5,"turns":8},{"damage":27,"enemies":"Lagavulin","floor":6,"turns":7},{"damage":11,"enemies":"Exordium Wildlife","floor":7,"turns":5},{"damage":34,"enemies":"Gremlin Nob","floor":8,"turns":5}],"seed_played":"8829770876824952850","potions_obtained":[{"floor":3,"key":"Ancient Potion"},{"floor":5,"key":"SteroidPotion"},{"floor":6,"key":"SpeedPotion"},{"floor":7,"key":"AttackPotion"}],"is_trial":false,"path_per_floor":["M","?","M","M","M","E","M","E","T","?","$","R","?"],"character_chosen":"IRONCLAD","items_purchased":["Fire Breathing","Anger"],"campfire_rested":1,"item_purchase_floors":[11,11],"current_hp_per_floor":[75,75,80,80,76,55,50,22,22,15,15,39,0],"gold":19,"neow_bonus":"ONE_RANDOM_RARE_CARD","is_prod":false,"is_daily":false,"chose_seed":false,"campfire_upgraded":0,"win_rate":0.0,"timestamp":1556904552,"path_taken":["M","?","M","M","M","E","M","E","T","?","$","R","?"],"build_version":"2019-01-23","purchased_purges":1,"victory":false,"max_hp_per_floor":[80,80,80,80,80,80,80,80,80,80,80,80,80],"card_choices":[{"not_picked":["Headbutt","Sword Boomerang"],"picked":"Armaments","floor":1},{"not_picked":["Clothesline","Body Slam"],"picked":"Fire Breathing","floor":3},{"not_picked":["Perfected Strike","Headbutt"],"picked":"Clash","floor":4},{"not_picked":["Heavy Blade","Reckless Charge"],"picked":"Berserk","floor":5},{"not_picked":["Sword Boomerang","Shockwave"],"picked":"Whirlwind","floor":6},{"not_picked":["Flame Barrier","Perfected Strike"],"picked":"Flex","floor":7},{"not_picked":["Shockwave","Sword Boomerang"],"picked":"Warcry","floor":8}],"player_experience":27704,"relics_obtained":[{"floor":6,"key":"Torii"},{"floor":8,"key":"Anchor"},{"floor":9,"key":"Letter Opener"}],"event_choices":[{"cards_removed":["Strike_R"],"damage_healed":0,"gold_gain":0,"player_choice":"Card Removal","damage_taken":0,"max_hp_gain":0,"max_hp_loss":0,"event_name":"The Cleric","floor":2,"gold_loss":50},{"cards_removed":["Defend_R"],"damage_healed":0,"gold_gain":0,"player_choice":"Card Removal","damage_taken":7,"max_hp_gain":0,"max_hp_loss":0,"event_name":"Golden Wing","floor":10,"gold_loss":0}],"is_beta":false,"boss_relics":[],"items_purged_floors":[11],"is_endless":false,"potions_floor_spawned":[3,5,6,7],"ascension_level":0}