{"gold_per_floor":[113,113,263,279,291,291,324,335,383,134,134,161,161,174,174,253,253,266,266,278,9,22,22,40,40,40,66,86,86,102,192,192,192],"floor_reached":33,"playtime":962,"items_purged":["Doubt"],"score":554,"play_id":"2d759147-7049-4ae7-8c39-64b1373ec553","local_time":"20190110130728","is_ascension_mode":true,"campfire_choices":[{"data":"Zap","floor":6,"key":"SMITH"},{"floor":11,"key":"REST"},{"data":"Sunder","floor":13,"key":"SMITH"},{"data":"Static Discharge","floor":15,"key":"SMITH"},{"floor":23,"key":"REST"},{"data":"Dualcast","floor":25,"key":"SMITH"},{"floor":29,"key":"REST"},{"floor":32,"key":"REST"}],"neow_cost":"NONE","seed_source_timestamp":390522306868540,"circlet_count":0,"master_deck":["AscendersBane","Strike_B","Defend_B","Defend_B","Defend_B","Defend_B","Zap+1","Dualcast+1","All For One","Cold Snap","Streamline","Glacier+1","Gash","Conserve Battery","Sunder+1","Static Discharge+1","Ball Lightning","Electrodynamics+1","Darkness+1","Steam Power+1","Leap","Chill"],"relics":["Cracked Core","Bag of Preparation","Cables","Lantern","DataDisk","Astrolabe","Runic Capacitor","Symbiotic Virus","Dodecahedron"],"potions_floor_usage":[14,16,20,22,27,33],"damage_taken":[{"damage":1,"enemies":"Cultist","floor":1,"turns":4},{"damage":3,"enemies":"2 Louse","floor":4,"turns":4},{"damage":5,"enemies":"Jaw Worm","floor":5,"turns":3},{"damage":44,"enemies":"Gremlin Nob","floor":7,"turns":5},{"damage":0,"enemies":"Red Slaver","floor":8,"turns":3},{"damage":5,"enemies":"3 Sentries","floor":12,"turns":5},{"damage":0,"enemies":"Gremlin Gang","floor":14,"turns":3},{"damage":10,"enemies":"Slime Boss","floor":16,"turns":7},{"damage":0,"enemies":"3 Byrds","floor":18,"turns":1},{"damage":0,"enemies":"Shell Parasite","floor":20,"turns":2},{"damage":7,"enemies":"Cultist and Chosen","floor":22,"turns":3},{"damage":7,"enemies":"Centurion and Healer","floor":24,"turns":4},{"damage":28,"enemies":"Book of Stabbing","floor":27,"turns":3},{"damage":17,"enemies":"Shelled Parasite and Fungi","floor":28,"turns":5},{"damage":0,"enemies":"Cultist and Chosen","floor":30,"turns":3},{"damage":24,"enemies":"Automaton","floor":33,"turns":6}],"seed_played":"5674669234778274933","potions_obtained":[{"floor":4,"key":"SpeedPotion"},{"floor":8,"key":"FocusPotion"},{"floor":18,"key":"Fire Potion"},{"floor":20,"key":"Poison Potion"}],"is_trial":false,"path_per_floor":["M","T","?","M","M","R","E","M","T","$","R","E","R","M","R","B",null,"M","?","M","$","M","R","M","R","T","E","M","R","M","?","R","B"],"character_chosen":"DEFECT","items_purchased":["Sunder","Static Discharge","AttackPotion","Runic Capacitor","Fire Potion"],"campfire_rested":4,"item_purchase_floors":[10,10,10,21,21],"current_hp_per_floor":[63,63,63,60,55,55,11,11,11,11,32,27,27,27,27,17,58,58,58,58,58,51,71,64,64,64,36,19,40,40,12,33,9],"gold":192,"neow_bonus":"ONE_RANDOM_RARE_CARD","is_prod":false,"is_daily":false,"chose_seed":false,"campfire_upgraded":4,"win_rate":0,"timestamp":1547143648,"path_taken":["M","?","?","M","M","R","E","M","T","?","R","E","R","M","R","BOSS","M","?","M","$","M","R","?","R","T","E","M","R","M","?","R","BOSS"],"build_version":"2019-01-09","purchased_purges":1,"victory":false,"max_hp_per_floor":[71,71,71,71,71,71,71,71,71,71,71,71,71,71,71,71,71,71,71,71,71,71,71,71,71,71,71,71,71,71,71,71,71],"card_choices":[{"not_picked":["Barrage","Sweeping Beam"],"picked":"Cold Snap","floor":1},{"not_picked":["Hello World","Force Field"],"picked":"Streamline","floor":4},{"not_picked":["Reprogram","Recycle"],"picked":"Glacier","floor":5},{"not_picked":["Beam Cell","Double Energy"],"picked":"Gash","floor":7},{"not_picked":["Streamline","Barrage"],"picked":"Conserve Battery","floor":8},{"not_picked":["Coolheaded","Recycle"],"picked":"Ball Lightning","floor":12},{"not_picked":["Amplify","Steam","Gash"],"picked":"SKIP","floor":14},{"not_picked":["Beam Cell","Melter","Go for the Eyes"],"picked":"SKIP","floor":18},{"not_picked":["Steam","Coolheaded","Conserve Battery"],"picked":"SKIP","floor":20},{"not_picked":["Hologram","Scrape","Auto Shields"],"picked":"SKIP","floor":22},{"not_picked":["Heatsinks","Streamline","Melter"],"picked":"SKIP","floor":24},{"not_picked":["Lockon","Rainbow"],"picked":"Leap","floor":27},{"not_picked":["Beam Cell","Compile Driver"],"picked":"Chill","floor":28},{"not_picked":["Ball Lightning","Barrage","Stack"],"picked":"SKIP","floor":30}],"player_experience":1579777,"relics_obtained":[{"floor":2,"key":"Bag of Preparation"},{"floor":7,"key":"Cables"},{"floor":9,"key":"Lantern"},{"floor":12,"key":"DataDisk"},{"floor":26,"key":"Symbiotic Virus"},{"floor":27,"key":"Dodecahedron"}],"event_choices":[{"damage_healed":0,"gold_gain":150,"player_choice":"AGREE","damage_taken":0,"max_hp_gain":0,"max_hp_loss":0,"event_name":"Liars Game","floor":3,"gold_loss":0,"cards_obtained":["Doubt"]},{"damage_healed":0,"gold_gain":0,"player_choice":"Upgraded","damage_taken":0,"max_hp_gain":0,"max_hp_loss":0,"event_name":"Upgrade Shrine","floor":19,"gold_loss":0,"cards_upgraded":["Glacier"]},{"damage_healed":0,"gold_gain":90,"player_choice":"POTION POTION GOLD ","damage_taken":28,"max_hp_gain":0,"max_hp_loss":0,"event_name":"Knowing Skull","floor":31,"potions_obtained":["SmokeBomb","AttackPotion"],"gold_loss":0,"cards_obtained":[]}],"is_beta":true,"boss_relics":[{"not_picked":["Coffee Dripper","Calling Bell"],"picked":"Astrolabe"}],"items_purged_floors":[10],"is_endless":false,"potions_floor_spawned":[4,8,18,20],"killed_by":"Automaton","ascension_level":20}