{"gold_per_floor":[111,111,111,111,129,170,170,214,239,239,263,298,298,311,311,402,402,418,441,44,44,94,94,13,13,13,13,37,72,72,97,97,195,195,209,46,64,80,80,116,116,154,179,203,227,227,247,271,271,271,271,271,271,57,96,96],"floor_reached":57,"playtime":3717,"items_purged":["Sweeping Beam"],"score":2810,"play_id":"2e5402e9-1e79-41c7-86bb-9783003445ff","local_time":"20181211014609","is_ascension_mode":true,"campfire_choices":[{"data":"Hologram","floor":7.0,"key":"SMITH"},{"floor":10.0,"key":"REST"},{"data":"Defragment","floor":13.0,"key":"SMITH"},{"data":"Chaos","floor":15.0,"key":"SMITH"},{"data":"Self Repair","floor":23.0,"key":"SMITH"},{"data":"Heatsinks","floor":27.0,"key":"SMITH"},{"data":"Loop","floor":32.0,"key":"SMITH"},{"data":"Defragment","floor":41.0,"key":"SMITH"},{"floor":49.0,"key":"RECALL"},{"data":"Discovery","floor":53.0,"key":"SMITH"}],"neow_cost":"NONE","seed_source_timestamp":0,"circlet_count":0,"master_deck":["AscendersBane","Zap","Dualcast","Streamline+1","Chaos+1","Hologram+1","Leap","Defragment+1","Defragment+1","Echo Form","Heatsinks+1","Self Repair+1","Loop+1","Skim","Electrodynamics","Rebound","Sweeping Beam","Redo","Leap","BootSequence","Chill","Conserve Battery+1","Hello World","Skim","Discovery+1","Master of Strategy","Finesse","Aggregate","Coolheaded+1","Capacitor+1","Coolheaded","Amplify"],"special_seed":0,"relics":["Cracked Core","NeowsBlessing","Golden Idol","Centennial Puzzle","Mummified Hand","Bag of Marbles","Ice Cream","Coffee Dripper","Strange Spoon","Blue Candle","Pandora\u0027s Box","Nunchaku","Sundial","Happy Flower","Bottled Lightning","Symbiotic Virus"],"potions_floor_usage":[56,56],"damage_taken":[{"damage":0.0,"enemies":"Small Slimes","floor":1.0,"turns":1.0},{"damage":0.0,"enemies":"2 Louse","floor":5.0,"turns":1.0},{"damage":0.0,"enemies":"3 Sentries","floor":6.0,"turns":1.0},{"damage":28.0,"enemies":"Lagavulin","floor":8.0,"turns":8.0},{"damage":1.0,"enemies":"Cultist","floor":11.0,"turns":3.0},{"damage":30.0,"enemies":"3 Sentries","floor":12.0,"turns":6.0},{"damage":0.0,"enemies":"Large Slime","floor":14.0,"turns":4.0},{"damage":10.0,"enemies":"The Guardian","floor":16.0,"turns":10.0},{"damage":13.0,"enemies":"Chosen","floor":18.0,"turns":5.0},{"damage":19.0,"enemies":"Shell Parasite","floor":19.0,"turns":3.0},{"damage":28.0,"enemies":"Colosseum Slavers","floor":25.0,"turns":9.0},{"damage":12.0,"enemies":"Snecko","floor":28.0,"turns":4.0},{"damage":19.0,"enemies":"Gremlin Leader","floor":29.0,"turns":6.0},{"damage":51.0,"enemies":"Cultist and Chosen","floor":31.0,"turns":6.0},{"damage":28.0,"enemies":"Automaton","floor":33.0,"turns":7.0},{"damage":0.0,"enemies":"Orb Walker","floor":35.0,"turns":3.0},{"damage":7.0,"enemies":"3 Shapes","floor":37.0,"turns":3.0},{"damage":31.0,"enemies":"Jaw Worm Horde","floor":38.0,"turns":3.0},{"damage":41.0,"enemies":"Nemesis","floor":40.0,"turns":7.0},{"damage":12.0,"enemies":"Reptomancer","floor":42.0,"turns":5.0},{"damage":0.0,"enemies":"Maw","floor":44.0,"turns":5.0},{"damage":29.0,"enemies":"Spire Growth","floor":45.0,"turns":4.0},{"damage":11.0,"enemies":"Writhing Mass","floor":47.0,"turns":5.0},{"damage":0.0,"enemies":"4 Shapes","floor":48.0,"turns":4.0},{"damage":41.0,"enemies":"Time Eater","floor":50.0,"turns":10.0},{"damage":37.0,"enemies":"Awakened One","floor":51.0,"turns":15.0},{"damage":4.0,"enemies":"Shield and Spear","floor":55.0,"turns":4.0},{"damage":51,"enemies":"The Heart","floor":56,"turns":10}],"seed_played":"-467270807078393978","potions_obtained":[{"floor":6.0,"key":"Dexterity Potion"},{"floor":8.0,"key":"LiquidBronze"},{"floor":28.0,"key":"Regen Potion"},{"floor":29.0,"key":"Regen Potion"},{"floor":31.0,"key":"PowerPotion"},{"floor":35.0,"key":"Regen Potion"},{"floor":44.0,"key":"PowerPotion"},{"floor":47.0,"key":"Explosive Potion"},{"floor":48.0,"key":"Dexterity Potion"}],"is_trial":false,"path_per_floor":["M","?","?","?","M","E","R","E","T","R","M","E","R","M","R","B",null,"M","M","$","?","?","R","$","?","T","R","M","E","$","M","R","B",null,"M","$","M","M","?","E","R","E","T","M","M","T","M","M","R","B","B",null,"R","$","E","B",null],"character_chosen":"DEFECT","items_purchased":["Self Repair","Strange Spoon","Regen Potion","Regen Potion","Hello World","Regen Potion","PowerPotion","Amplify"],"campfire_rested":1,"item_purchase_floors":[20,20,20,24,36,36,54,54],"current_hp_per_floor":[64,64,64,64,64,64,64,36,36,55,54,24,24,24,24,14,52,39,20,20,20,20,20,20,64,64,64,62,53,53,39,39,21,53,63,63,64,43,33,52,52,60,60,64,55,55,54,64,64,43,16,52,52,52,58,17],"gold":96,"neow_bonus":"THREE_ENEMY_KILL","is_prod":false,"is_daily":false,"chose_seed":false,"campfire_upgraded":8,"win_rate":0,"timestamp":1544463969,"path_taken":["M","?","?","?","M","E","R","E","T","R","?","E","R","M","R","BOSS","M","M","$","?","?","R","$","?","T","R","M","E","?","M","R","BOSS","M","$","M","M","?","E","R","E","T","M","M","?","M","M","R","BOSS","BOSS","R","$","E","BOSS"],"build_version":"2018-12-06","purchased_purges":1,"victory":true,"max_hp_per_floor":[71,64,64,64,64,64,64,64,64,64,64,64,64,64,64,64,64,64,64,64,64,64,64,64,64,64,64,64,64,64,64,64,64,64,64,64,64,64,64,64,64,64,64,64,64,64,64,64,64,64,64,64,64,64,64,64],"card_choices":[{"not_picked":["Hologram","Static Discharge"],"picked":"Streamline","floor":1.0},{"not_picked":["Streamline","Ball Lightning"],"picked":"Hologram","floor":5.0},{"not_picked":["Rebound","Aggregate"],"picked":"Leap","floor":6.0},{"not_picked":["Aggregate","Hologram"],"picked":"Defragment","floor":8.0},{"not_picked":["Gash","Hologram","Redo"],"picked":"SKIP","floor":11.0},{"not_picked":["Melter","Auto Shields"],"picked":"Defragment","floor":12.0},{"not_picked":["Tempest","Streamline","Compile Driver"],"picked":"SKIP","floor":14.0},{"not_picked":["Amplify","All For One"],"picked":"Echo Form","floor":16.0},{"not_picked":["Rebound+1","Doom and Gloom"],"picked":"Heatsinks","floor":18.0},{"not_picked":["Gash+1","Streamline","Scrape"],"picked":"SKIP","floor":19.0},{"not_picked":["Darkness","Barrage+1","Rebound"],"picked":"SKIP","floor":28.0},{"not_picked":["Beam Cell","Compile Driver"],"picked":"Loop","floor":29.0},{"not_picked":["Static Discharge","Streamline+1"],"picked":"Skim","floor":31.0},{"not_picked":["Multi-Cast","Reboot"],"picked":"Electrodynamics","floor":33.0},{"not_picked":["BootSequence","Redo"],"picked":"Conserve Battery+1","floor":35.0},{"not_picked":["Stack","Steam","Compile Driver"],"picked":"SKIP","floor":37.0},{"not_picked":["Skim","Blizzard+1","Barrage"],"picked":"SKIP","floor":38.0},{"not_picked":["Blizzard+1","Barrage"],"picked":"Skim","floor":38.0},{"not_picked":["Mayhem","Chrysalis"],"picked":"Discovery","floor":39.0},{"not_picked":["Blind","Panacea"],"picked":"Master of Strategy","floor":39.0},{"not_picked":["HandOfGreed","Mind Blast"],"picked":"Finesse","floor":39.0},{"not_picked":["Tempest","Heatsinks"],"picked":"Aggregate","floor":40.0},{"not_picked":["Leap","Ball Lightning"],"picked":"Coolheaded+1","floor":42.0},{"not_picked":["Conserve Battery","Stack"],"picked":"Capacitor+1","floor":44.0},{"not_picked":["Scrape","Turbo","Capacitor+1"],"picked":"SKIP","floor":45.0},{"not_picked":["Lockon","Coolheaded","Leap"],"picked":"SKIP","floor":47.0},{"not_picked":["Lockon","Coolheaded","Leap"],"picked":"SKIP","floor":47.0},{"not_picked":["Lockon","Coolheaded","Leap"],"picked":"SKIP","floor":47.0},{"not_picked":["Lockon","Leap"],"picked":"Coolheaded","floor":47.0},{"not_picked":["Lockon","Go for the Eyes","Scrape+1"],"picked":"SKIP","floor":48.0},{"not_picked":["Recycle","Leap","Melter"],"picked":"SKIP","floor":55.0}],"player_experience":2360213,"relics_obtained":[{"floor":6.0,"key":"Centennial Puzzle"},{"floor":8.0,"key":"Mummified Hand"},{"floor":9.0,"key":"Bag of Marbles"},{"floor":12.0,"key":"Ice Cream"},{"floor":29.0,"key":"Blue Candle"},{"floor":40.0,"key":"Nunchaku"},{"floor":42.0,"key":"Sundial"},{"floor":43.0,"key":"Happy Flower"},{"floor":46.0,"key":"Bottled Lightning"},{"floor":55.0,"key":"Symbiotic Virus"}],"event_choices":[{"damage_healed":0.0,"max_hp_gain":0.0,"max_hp_loss":7.0,"gold_gain":0.0,"event_name":"Golden Idol","player_choice":"Lose Max HP","floor":2.0,"gold_loss":0.0,"damage_taken":0.0,"relics_obtained":["Golden Idol"]},{"damage_healed":0.0,"max_hp_gain":0.0,"max_hp_loss":0.0,"gold_gain":0.0,"event_name":"Living Wall","player_choice":"Grow","floor":3.0,"gold_loss":0.0,"damage_taken":0.0,"cards_upgraded":["Streamline"]},{"damage_healed":0.0,"max_hp_gain":0.0,"max_hp_loss":0.0,"gold_gain":0.0,"cards_transformed":["Strike_B"],"event_name":"Transmorgrifier","player_choice":"Transformed","floor":4.0,"gold_loss":0.0,"damage_taken":0.0,"cards_obtained":["Chaos"]},{"damage_healed":0.0,"max_hp_gain":0.0,"max_hp_loss":0.0,"gold_gain":0.0,"event_name":"Vampires","player_choice":"Ignored","floor":21.0,"gold_loss":0.0,"damage_taken":0.0},{"damage_healed":0.0,"max_hp_gain":0.0,"max_hp_loss":0.0,"gold_gain":50.0,"event_name":"Nest","player_choice":"Stole From Cult","floor":22.0,"gold_loss":0.0,"damage_taken":0.0},{"damage_healed":0.0,"max_hp_gain":0.0,"max_hp_loss":0.0,"gold_gain":0.0,"event_name":"Colosseum","player_choice":"Fight","floor":25.0,"gold_loss":0.0,"damage_taken":0.0},{"damage_healed":0.0,"max_hp_gain":0.0,"max_hp_loss":0.0,"gold_gain":0.0,"event_name":"Colosseum","player_choice":"Fled From Nobs","floor":25.0,"gold_loss":0.0,"damage_taken":0.0},{"damage_healed":0.0,"max_hp_gain":0.0,"max_hp_loss":0.0,"gold_gain":0.0,"event_name":"SensoryStone","player_choice":"Memory 3","floor":39.0,"gold_loss":0.0,"damage_taken":10.0}],"is_beta":false,"boss_relics":[{"not_picked":["Orrery","Empty Cage"],"picked":"Coffee Dripper"},{"not_picked":["Velvet Choker","Tiny House"],"picked":"Pandora\u0027s Box"}],"items_purged_floors":[54],"is_endless":false,"potions_floor_spawned":[6,8,16,28,29,31,35,44,47,48,55],"ascension_level":20}