{"gold_per_floor":[111,111,111,137,137,137,165,176,176,216,216,244,244,277,277,355,355,331,346,346,346],"floor_reached":21,"playtime":686,"items_purged":[],"score":394,"play_id":"63363a70-dd8a-468e-851c-48e06719cf61","local_time":"25620120180555","is_ascension_mode":true,"campfire_choices":[{"data":"Bash","floor":6,"key":"SMITH"},{"floor":11,"key":"REST"},{"data":"Immolate","floor":13,"key":"SMITH"},{"data":"Run Through","floor":15,"key":"SMITH"}],"neow_cost":"BASIC_CARDS","seed_source_timestamp":24212939893079,"circlet_count":0,"master_deck":["AscendersBane","Strike_R","Strike_R","Strike_R","Strike_R","Strike_R","Defend_R","Defend_R","Defend_R","Defend_R","Bash+1","hubris:MerchantsHand","Defend_R","PatternShift","Run Through+1","Armaments+1","Seeing Red","Immolate+1","True Grit","Flex","Hemogenesis+1","Juggernaut+1","Shrug It Off"],"relics":["Burning Blood","Frozen Egg 2","Mercury Hourglass","Golden Egg","Orichalcum","infinitespire:Beetle Shell","ChewingGum"],"potions_floor_usage":[4,7,16],"damage_taken":[{"damage":7,"enemies":"Small Slimes","floor":1,"turns":4},{"damage":0,"enemies":"2 Louse","floor":4,"turns":2},{"damage":31,"enemies":"Gremlin Nob","floor":7,"turns":3},{"damage":1,"enemies":"Cultist","floor":8,"turns":3},{"damage":18,"enemies":"Erikyupuro","floor":10,"turns":4},{"damage":3,"enemies":"2 Fungi Beasts","floor":12,"turns":3},{"damage":14,"enemies":"3 Sentries","floor":14,"turns":4},{"damage":47,"enemies":"The Guardian","floor":16,"turns":12},{"damage":22,"enemies":"2 Thieves","floor":18,"turns":4},{"damage":24,"enemies":"Spheric Guardian","floor":19,"turns":5},{"damage":0,"enemies":"Shelled Parasite and Fungi","floor":21,"turns":1}],"seed_played":"-762086452596295681","potions_obtained":[{"floor":1,"key":"Regen Potion"},{"floor":3,"key":"Cursed Concoction"},{"floor":4,"key":"PowerPotion"},{"floor":10,"key":"Poison Potion"},{"floor":18,"key":"Weak Potion"}],"is_trial":false,"path_per_floor":["M","?","?","M","?","R","E","M","T","E","R","M","R","E","R","B",null,"M","M","?","M"],"character_chosen":"IRONCLAD","items_purchased":[],"campfire_rested":1,"item_purchase_floors":[],"current_hp_per_floor":[81,55,55,61,61,61,36,41,41,29,55,58,58,50,50,20,72,64,54,46,46],"gold":346,"neow_bonus":"TWENTY_PERCENT_HP_BONUS","is_prod":false,"is_daily":false,"chose_seed":false,"campfire_upgraded":3,"win_rate":0,"timestamp":1547982355,"path_taken":["M","?","?","?","?","R","E","?","T","E","R","M","R","E","R","BOSS","M","M","?","M"],"build_version":"2019-01-17v2","purchased_purges":0,"victory":false,"max_hp_per_floor":[89,89,89,89,89,89,89,89,89,89,89,89,89,89,89,89,89,89,89,89,89],"card_choices":[{"not_picked":["ReplayTheSpireMod:Stacked","ReplayTheSpireMod:Strike From Hell"],"picked":"Run Through","floor":1},{"not_picked":["Pommel Strike","Warcry"],"picked":"Armaments","floor":4},{"not_picked":["Havoc","Power Through"],"picked":"Seeing Red","floor":7},{"not_picked":["Entrench","Clothesline"],"picked":"Immolate","floor":8},{"not_picked":["Massacre","Body Slam"],"picked":"True Grit","floor":10},{"not_picked":["Ghostly Armor","Clash"],"picked":"Flex","floor":12},{"not_picked":["Perfected Strike","Thunderclap"],"picked":"Hemogenesis","floor":14},{"not_picked":["hubris:StunningStrike","Barricade+1"],"picked":"Juggernaut+1","floor":16},{"not_picked":["Evolve+1","Spot Weakness"],"picked":"Shrug It Off","floor":18},{"not_picked":["ReplayTheSpireMod:Strike From Hell","Iron Wave","Spot Weakness"],"picked":"SKIP","floor":19}],"player_experience":255117,"relics_obtained":[{"floor":7,"key":"Mercury Hourglass"},{"floor":9,"key":"Golden Egg"},{"floor":10,"key":"Orichalcum"},{"floor":14,"key":"infinitespire:Beetle Shell"}],"event_choices":[{"damage_healed":0,"gold_gain":0,"player_choice":"Success","damage_taken":26,"relics_obtained":["Frozen Egg 2"],"max_hp_gain":0,"max_hp_loss":0,"event_name":"Scrap Ooze","floor":2,"gold_loss":0},{"damage_healed":0,"gold_gain":0,"player_choice":"Got Potions","damage_taken":0,"max_hp_gain":0,"max_hp_loss":0,"event_name":"Lab","floor":3,"gold_loss":0},{"damage_healed":0,"gold_gain":0,"player_choice":"","damage_taken":8,"max_hp_gain":0,"max_hp_loss":0,"event_name":"Knowing Skull","floor":20,"potions_obtained":[],"gold_loss":0,"cards_obtained":[]}],"is_beta":false,"boss_relics":[{"not_picked":["Runic Dome","Black Star"],"picked":"ChewingGum"}],"items_purged_floors":[],"is_endless":false,"potions_floor_spawned":[1,4,10,18],"killed_by":"Shelled Parasite and Fungi","ascension_level":20}