{"gold_per_floor":[109,128,178,197,197,222,222,254,254,281,281,299,25,35,35,113,113,124,124,138,53,153,153,187,187,187,98,125,141,176,188,188,265,315,329,329,340,38,55,55,84,84,84,112,112,50,61,87,87,87,87],"floor_reached":52,"playtime":2173,"items_purged":[],"score":2282,"play_id":"bb1dcbf5-936e-40fa-b54f-1a67b27526d1","local_time":"20181207192658","daily_mods":["SealedDeck"],"is_ascension_mode":true,"campfire_choices":[{"data":"Armaments","floor":7.0,"key":"SMITH"},{"data":"Demon Form","floor":11.0,"key":"SMITH"},{"data":"Immolate","floor":15.0,"key":"SMITH"},{"data":"Shockwave","floor":23.0,"key":"SMITH"},{"data":"Flame Barrier","floor":32.0,"key":"SMITH"},{"data":"Disarm","floor":40.0,"key":"SMITH"},{"data":"Shrug It Off","floor":42.0,"key":"SMITH"},{"floor":45.0,"key":"REST"},{"floor":49.0,"key":"REST"}],"neow_cost":"","seed_source_timestamp":0,"circlet_count":0,"master_deck":["AscendersBane","Headbutt","Thunderclap","Flame Barrier+1","Iron Wave","Pommel Strike+1","Havoc","Twin Strike+1","Armaments+1","Battle Trance","Uppercut+1","Immolate+1","Clothesline","Demon Form+1","Dark Embrace","Shockwave+1","Corruption+1","Shrug It Off+1","Shrug It Off","Feel No Pain+1","Barricade+1","Disarm+1","Shrug It Off","Feel No Pain+1","Whirlwind"],"special_seed":0,"relics":["Snecko Eye","Whetstone","Shuriken","Bag of Marbles","PreservedInsect","Bottled Tornado","Eternal Feather","MutagenicStrength","Vajra","Turnip","Frozen Egg 2","Centennial Puzzle","Singing Bowl","Red Skull","Meat on the Bone","Tiny House","Question Card","Oddly Smooth Stone","The Courier","Pocketwatch","Bottled Lightning"],"potions_floor_usage":[50,50],"damage_taken":[{"damage":4.0,"enemies":"Jaw Worm","floor":1.0,"turns":2.0},{"damage":0.0,"enemies":"Cultist","floor":2.0,"turns":2.0},{"damage":7.0,"enemies":"Small Slimes","floor":4.0,"turns":2.0},{"damage":11.0,"enemies":"3 Sentries","floor":6.0,"turns":8.0},{"damage":0.0,"enemies":"Gremlin Nob","floor":8.0,"turns":2.0},{"damage":0.0,"enemies":"Lagavulin","floor":10.0,"turns":2.0},{"damage":0.0,"enemies":"2 Fungi Beasts","floor":12.0,"turns":1.0},{"damage":0.0,"enemies":"Gremlin Gang","floor":14.0,"turns":2.0},{"damage":0.0,"enemies":"Slime Boss","floor":16.0,"turns":4.0},{"damage":0.0,"enemies":"2 Thieves","floor":18.0,"turns":2.0},{"damage":0.0,"enemies":"3 Byrds","floor":20.0,"turns":1.0},{"damage":9.0,"enemies":"Colosseum Slavers","floor":22.0,"turns":3.0},{"damage":0.0,"enemies":"Colosseum Nobs","floor":22.0,"turns":2.0},{"damage":0.0,"enemies":"Gremlin Leader","floor":24.0,"turns":4.0},{"damage":2.0,"enemies":"Slavers","floor":28.0,"turns":2.0},{"damage":0.0,"enemies":"Centurion and Healer","floor":29.0,"turns":3.0},{"damage":0.0,"enemies":"Gremlin Leader","floor":30.0,"turns":3.0},{"damage":10.0,"enemies":"Snake Plant","floor":31.0,"turns":4.0},{"damage":16.0,"enemies":"Automaton","floor":33.0,"turns":6.0},{"damage":24.0,"enemies":"3 Shapes","floor":35.0,"turns":3.0},{"damage":7.0,"enemies":"3 Darklings","floor":37.0,"turns":3.0},{"damage":0.0,"enemies":"Maw","floor":39.0,"turns":5.0},{"damage":7.0,"enemies":"Giant Head","floor":41.0,"turns":5.0},{"damage":54.0,"enemies":"Nemesis","floor":44.0,"turns":5.0},{"damage":7.0,"enemies":"4 Shapes","floor":47.0,"turns":4.0},{"damage":20.0,"enemies":"Reptomancer","floor":48.0,"turns":5.0},{"damage":28,"enemies":"Awakened One","floor":50,"turns":10},{"damage":35,"enemies":"Donu and Deca","floor":51,"turns":6}],"seed_played":"-3473075450181438824","potions_obtained":[{"floor":1.0,"key":"Swift Potion"},{"floor":2.0,"key":"FearPotion"},{"floor":12.0,"key":"Fire Potion"},{"floor":29.0,"key":"SkillPotion"},{"floor":34.0,"key":"EntropicBrew"},{"floor":44.0,"key":"FairyPotion"},{"floor":48.0,"key":"SkillPotion"}],"is_trial":true,"path_per_floor":["M","M","?","M","$","E","R","E","T","E","R","M","$","M","R","B",null,"M","?","M","?","?","R","E","?","T","$","E","M","E","M","R","B",null,"M","?","M","$","M","R","E","R","T","E","R","$","M","E","R","B","B",null],"character_chosen":"IRONCLAD","items_purchased":["Bottled Tornado","Corruption+1","Shrug It Off","Question Card","Feel No Pain+1"],"campfire_rested":2,"item_purchase_floors":[13,27,38,38,46],"current_hp_per_floor":[64,64,57,50,50,39,39,39,39,39,39,39,39,39,39,39,66,66,66,66,66,57,66,66,66,66,66,64,64,66,56,68,52,76,54,54,49,49,51,63,58,70,70,30,69,69,62,56,94,66,43],"gold":87,"neow_bonus":"","is_prod":false,"is_daily":false,"chose_seed":false,"campfire_upgraded":7,"win_rate":0,"timestamp":1544239618,"path_taken":["M","M","?","?","?","E","R","E","T","E","R","M","$","M","R","BOSS","M","?","M","?","?","R","E","?","T","$","E","M","E","M","R","BOSS","M","?","M","$","M","R","E","R","T","E","R","$","M","E","R","BOSS","BOSS"],"build_version":"2018-12-06","purchased_purges":0,"victory":true,"max_hp_per_floor":[75,75,75,75,75,75,75,75,75,75,75,75,75,75,75,75,75,75,75,75,75,75,75,75,75,75,75,75,75,77,77,77,77,82,84,84,86,86,88,88,90,90,90,92,92,92,92,94,94,94,94],"card_choices":[{"not_picked":["Power Through","Thunderclap","Carnage"],"picked":"SKIP","floor":1.0},{"not_picked":["Wild Strike","Heavy Blade","Headbutt"],"picked":"SKIP","floor":2.0},{"not_picked":["Heavy Blade","Body Slam","Bloodletting"],"picked":"SKIP","floor":4.0},{"not_picked":["Dual Wield","Sever Soul"],"picked":"Immolate","floor":6.0},{"not_picked":["Havoc","Twin Strike"],"picked":"Clothesline","floor":8.0},{"not_picked":["Heavy Blade","Cleave"],"picked":"Demon Form","floor":10.0},{"not_picked":["Wild Strike","Havoc","Clothesline"],"picked":"SKIP","floor":12.0},{"not_picked":["Dropkick","Twin Strike","Wild Strike"],"picked":"SKIP","floor":14.0},{"not_picked":["Demon Form","Berserk"],"picked":"Dark Embrace","floor":16.0},{"not_picked":["Clothesline","Warcry+1","Body Slam"],"picked":"SKIP","floor":18.0},{"not_picked":["Shrug It Off","Inflame"],"picked":"Shockwave","floor":20.0},{"not_picked":["Clash","Flex","Heavy Blade"],"picked":"SKIP","floor":24.0},{"not_picked":["Spot Weakness","Blood for Blood+1"],"picked":"Shrug It Off","floor":28.0},{"not_picked":["True Grit","Bloodletting"],"picked":"Shrug It Off","floor":29.0},{"not_picked":["Juggernaut+1","Offering","Twin Strike+1"],"picked":"Singing Bowl","floor":30.0},{"not_picked":["Pummel","Thunderclap"],"picked":"Feel No Pain+1","floor":31.0},{"not_picked":["Brutality+1","Immolate"],"picked":"Barricade+1","floor":33.0},{"not_picked":["Bloodletting","Sword Boomerang"],"picked":"Disarm","floor":34.0},{"not_picked":["Clothesline+1","Body Slam+1","Blood for Blood"],"picked":"Singing Bowl","floor":35.0},{"not_picked":["Battle Trance","Infernal Blade+1","Warcry"],"picked":"Singing Bowl","floor":37.0},{"not_picked":["Demon Form+1","Wild Strike","Blood for Blood","Corruption+1"],"picked":"Singing Bowl","floor":39.0},{"not_picked":["Searing Blow","Wild Strike+1","Hemokinesis+1","Combust+1"],"picked":"Singing Bowl","floor":41.0},{"not_picked":["Flex","Wild Strike+1","Hemokinesis","Barricade+1"],"picked":"Singing Bowl","floor":44.0},{"not_picked":["Havoc","Iron Wave","Headbutt"],"picked":"Whirlwind","floor":47.0},{"not_picked":["Double Tap","Heavy Blade","Rampage","Second Wind"],"picked":"Singing Bowl","floor":48.0}],"player_experience":1752988,"relics_obtained":[{"floor":6.0,"key":"Whetstone"},{"floor":8.0,"key":"Shuriken"},{"floor":9.0,"key":"Bag of Marbles"},{"floor":10.0,"key":"PreservedInsect"},{"floor":22.0,"key":"Turnip"},{"floor":22.0,"key":"Frozen Egg 2"},{"floor":24.0,"key":"Centennial Puzzle"},{"floor":26.0,"key":"Singing Bowl"},{"floor":28.0,"key":"Red Skull"},{"floor":30.0,"key":"Meat on the Bone"},{"floor":41.0,"key":"Oddly Smooth Stone"},{"floor":43.0,"key":"The Courier"},{"floor":44.0,"key":"Pocketwatch"},{"floor":48.0,"key":"Bottled Lightning"}],"event_choices":[{"damage_healed":0.0,"max_hp_gain":0.0,"max_hp_loss":0.0,"gold_gain":50.0,"event_name":"FaceTrader","player_choice":"Touch","floor":3.0,"gold_loss":0.0,"damage_taken":7.0},{"damage_healed":0.0,"max_hp_gain":0.0,"max_hp_loss":0.0,"gold_gain":0.0,"event_name":"Drug Dealer","player_choice":"Inject Mutagens","floor":19.0,"gold_loss":0.0,"damage_taken":0.0,"relics_obtained":["MutagenicStrength"]},{"damage_healed":0.0,"max_hp_gain":0.0,"max_hp_loss":0.0,"gold_gain":0.0,"event_name":"Addict","player_choice":"Obtained Relic","floor":21.0,"gold_loss":85.0,"damage_taken":0.0,"relics_obtained":["Vajra"]},{"damage_healed":0.0,"max_hp_gain":0.0,"max_hp_loss":0.0,"gold_gain":0.0,"event_name":"Colosseum","player_choice":"Fight","floor":22.0,"gold_loss":0.0,"damage_taken":0.0},{"damage_healed":0.0,"max_hp_gain":0.0,"max_hp_loss":0.0,"gold_gain":0.0,"event_name":"Colosseum","player_choice":"Fought Nobs","floor":22.0,"gold_loss":0.0,"damage_taken":0.0},{"damage_healed":0.0,"max_hp_gain":0.0,"max_hp_loss":0.0,"gold_gain":0.0,"event_name":"Back to Basics","player_choice":"Simplicity","floor":25.0,"gold_loss":0.0,"damage_taken":0.0,"cards_upgraded":[]},{"damage_healed":0.0,"max_hp_gain":0.0,"max_hp_loss":0.0,"gold_gain":0.0,"event_name":"Purifier","player_choice":"Ignored","floor":36.0,"gold_loss":0.0,"damage_taken":0.0}],"is_beta":false,"boss_relics":[{"not_picked":["Calling Bell","White Beast Statue"],"picked":"Eternal Feather"},{"not_picked":["Coffee Dripper","Mark of Pain"],"picked":"Tiny House"}],"items_purged_floors":[],"is_endless":false,"potions_floor_spawned":[1,2,8,12,22,28,29,30,41,44,47,48],"ascension_level":20}