{"gold_per_floor":[119,137,137,156,179,179,199,199,199,237,20,20,53,18,18,116,116,137,162,162,178,198,232,232,262,287,287,301,335,347,363,363,437,437,451,466,466,466,483,508,508,537,537,572,588,319,354,366,366,366,366,366,366,34,67,67],"floor_reached":57,"playtime":3487,"items_purged":["Strike_R","Normality"],"score":3513,"play_id":"54caed32-85b6-499a-bf2e-ccd1a460e30c","local_time":"20190123213418","is_ascension_mode":true,"campfire_choices":[{"data":"Barricade","floor":6.0,"key":"SMITH"},{"floor":8.0,"key":"REST"},{"data":"True Grit","floor":15.0,"key":"SMITH"},{"data":"Body Slam","floor":24.0,"key":"SMITH"},{"data":"Offering","floor":32.0,"key":"SMITH"},{"floor":41.0,"key":"REST"},{"floor":49.0,"key":"RECALL"},{"floor":53.0,"key":"REST"}],"neow_cost":"TEN_PERCENT_HP_LOSS","seed_source_timestamp":4128078050527,"circlet_count":0,"master_deck":["AscendersBane","Strike_R","Strike_R","Strike_R","Strike_R","Defend_R","Defend_R+1","Defend_R","Defend_R","Bash","Barricade+1","True Grit+1","Power Through+1","Rampage","Evolve","Body Slam+1","Offering+1","Metallicize+1","Feel No Pain+1","Decay","Disarm","Entrench+1","Second Wind"],"special_seed":0,"relics":["Burning Blood","Bloody Idol","Du-Vu Doll","Thread and Needle","Pocketwatch","Cursed Key","Molten Egg 2","War Paint","Bag of Preparation","Bronze Scales","Fusion Hammer","Ice Cream","Dream Catcher","Strawberry","Singing Bowl","Bottled Tornado","Self Forming Clay"],"potions_floor_usage":[55,56],"damage_taken":[{"damage":10.0,"enemies":"Small Slimes","floor":1.0,"turns":4.0},{"damage":1.0,"enemies":"2 Louse","floor":2.0,"turns":4.0},{"damage":14.0,"enemies":"Jaw Worm","floor":4.0,"turns":8.0},{"damage":1.0,"enemies":"Looter","floor":5.0,"turns":4.0},{"damage":23.0,"enemies":"3 Louse","floor":7.0,"turns":4.0},{"damage":32.0,"enemies":"Gremlin Nob","floor":10.0,"turns":4.0},{"damage":23.0,"enemies":"Lagavulin","floor":13.0,"turns":11.0},{"damage":0.0,"enemies":"The Guardian","floor":16.0,"turns":6.0},{"damage":6.0,"enemies":"Spheric Guardian","floor":18.0,"turns":8.0},{"damage":9.0,"enemies":"Shell Parasite","floor":19.0,"turns":6.0},{"damage":6.0,"enemies":"Centurion and Healer","floor":21.0,"turns":6.0},{"damage":6.0,"enemies":"3 Cultists","floor":22.0,"turns":7.0},{"damage":21.0,"enemies":"Gremlin Leader","floor":23.0,"turns":13.0},{"damage":31.0,"enemies":"Slavers","floor":25.0,"turns":8.0},{"damage":14.0,"enemies":"Snecko","floor":28.0,"turns":5.0},{"damage":12.0,"enemies":"Book of Stabbing","floor":29.0,"turns":4.0},{"damage":5.0,"enemies":"Centurion and Healer","floor":30.0,"turns":7.0},{"damage":6.0,"enemies":"3 Cultists","floor":31.0,"turns":5.0},{"damage":6.0,"enemies":"Automaton","floor":33.0,"turns":10.0},{"damage":6.0,"enemies":"3 Darklings","floor":35.0,"turns":6.0},{"damage":6.0,"enemies":"3 Shapes","floor":36.0,"turns":5.0},{"damage":6.0,"enemies":"Spire Growth","floor":39.0,"turns":6.0},{"damage":46.0,"enemies":"Reptomancer","floor":40.0,"turns":13.0},{"damage":0.0,"enemies":"Nemesis","floor":42.0,"turns":11.0},{"damage":35.0,"enemies":"Reptomancer","floor":44.0,"turns":7.0},{"damage":22.0,"enemies":"Transient","floor":45.0,"turns":6.0},{"damage":0.0,"enemies":"Giant Head","floor":47.0,"turns":6.0},{"damage":6.0,"enemies":"3 Darklings","floor":48.0,"turns":6.0},{"damage":6.0,"enemies":"Time Eater","floor":50.0,"turns":11.0},{"damage":49.0,"enemies":"Awakened One","floor":51.0,"turns":9.0},{"damage":6,"enemies":"Shield and Spear","floor":55,"turns":6},{"damage":71,"enemies":"The Heart","floor":56,"turns":11}],"seed_played":"-1980327448196620766","potions_obtained":[{"floor":2.0,"key":"Strength Potion"},{"floor":10.0,"key":"FearPotion"},{"floor":13.0,"key":"SkillPotion"},{"floor":16.0,"key":"Fire Potion"},{"floor":21.0,"key":"GamblersBrew"},{"floor":28.0,"key":"AttackPotion"},{"floor":29.0,"key":"AttackPotion"},{"floor":40.0,"key":"Swift Potion"},{"floor":42.0,"key":"AttackPotion"}],"is_trial":false,"path_per_floor":["M","M","?","M","M","R","M","R","T","E","$","?","E","?","R","B",null,"M","M","?","M","M","E","R","E","T","?","M","E","M","M","R","B",null,"M","M","?","?","M","E","R","E","T","E","M","$","E","M","R","B","B",null,"R","$","E","B",null],"character_chosen":"IRONCLAD","items_purchased":["Evolve","Energy Potion","EntropicBrew","PowerPotion","Bottled Tornado","Swift Potion"],"campfire_rested":3,"item_purchase_floors":[11,11,46,46,54,54],"current_hp_per_floor":[64,68,45,37,42,42,25,45,45,19,19,41,24,41,41,47,63,63,60,60,65,68,58,58,38,43,43,40,39,45,50,50,55,65,68,68,68,68,68,33,53,64,64,47,36,36,49,54,54,54,11,61,79,79,81,16],"gold":67,"neow_bonus":"THREE_RARE_CARDS","is_prod":false,"is_daily":false,"chose_seed":false,"campfire_upgraded":4,"win_rate":0,"timestamp":1548250458,"path_taken":["M","M","?","M","M","R","M","R","T","E","$","?","E","?","R","BOSS","M","M","?","M","M","E","R","E","T","?","M","E","?","M","R","BOSS","M","M","?","?","?","E","R","E","T","E","M","$","E","M","R","BOSS","BOSS","R","$","E","BOSS"],"build_version":"2019-01-17v2","purchased_purges":2,"victory":true,"max_hp_per_floor":[68,68,68,68,68,68,68,68,68,68,68,68,68,68,68,68,68,68,68,68,68,68,68,68,68,68,68,68,68,68,68,68,68,68,68,68,68,68,68,68,68,68,68,75,75,75,77,77,77,77,77,77,79,79,81,81],"card_choices":[{"not_picked":["Demon Form","Reaper"],"picked":"Barricade","floor":0.0},{"not_picked":["Headbutt","Fire Breathing"],"picked":"True Grit","floor":1.0},{"not_picked":["Bloodletting","Heavy Blade"],"picked":"Power Through","floor":2.0},{"not_picked":["Sword Boomerang","Blood for Blood"],"picked":"Rampage","floor":4.0},{"not_picked":["Iron Wave","Spot Weakness","Twin Strike"],"picked":"SKIP","floor":5.0},{"not_picked":["Ghostly Armor","Demon Form","Dual Wield"],"picked":"SKIP","floor":7.0},{"not_picked":["Iron Wave","Sentinel","Whirlwind"],"picked":"SKIP","floor":10.0},{"not_picked":["Shrug It Off","Rampage"],"picked":"Body Slam","floor":13.0},{"not_picked":["Bludgeon","Dark Embrace"],"picked":"Offering","floor":16.0},{"not_picked":["Clothesline","Anger"],"picked":"Metallicize+1","floor":18.0},{"not_picked":["Havoc","Clothesline","True Grit"],"picked":"SKIP","floor":19.0},{"not_picked":["Dual Wield","Twin Strike"],"picked":"Feel No Pain+1","floor":21.0},{"not_picked":["Cleave+1","Iron Wave","Corruption"],"picked":"SKIP","floor":22.0},{"not_picked":["Iron Wave","Havoc","Flex+1"],"picked":"SKIP","floor":23.0},{"not_picked":["Clothesline+1","Perfected Strike+1","Heavy Blade+1"],"picked":"SKIP","floor":25.0},{"not_picked":["Dark Embrace","Rupture","Spot Weakness"],"picked":"SKIP","floor":28.0},{"not_picked":["Dark Embrace","Rupture","Spot Weakness"],"picked":"SKIP","floor":28.0},{"not_picked":["Power Through","Havoc","Twin Strike+1"],"picked":"SKIP","floor":29.0},{"not_picked":["Evolve+1","Thunderclap+1","True Grit"],"picked":"SKIP","floor":30.0},{"not_picked":["Wild Strike+1","Sword Boomerang+1","Shrug It Off"],"picked":"SKIP","floor":31.0},{"not_picked":["Pommel Strike+1","Wild Strike+1","Thunderclap+1"],"picked":"SKIP","floor":35.0},{"not_picked":["Clash+1","Body Slam+1","Anger+1"],"picked":"SKIP","floor":36.0},{"not_picked":["Clothesline+1","Body Slam+1","Shrug It Off"],"picked":"SKIP","floor":39.0},{"not_picked":["Iron Wave+1","Intimidate"],"picked":"Disarm","floor":40.0},{"not_picked":["Uppercut+1","Body Slam+1","Twin Strike+1"],"picked":"SKIP","floor":42.0},{"not_picked":["Heavy Blade+1","Ghostly Armor","Dual Wield"],"picked":"SKIP","floor":44.0},{"not_picked":["Heavy Blade+1","Headbutt+1"],"picked":"Entrench+1","floor":45.0},{"not_picked":["Blood for Blood+1","Dropkick+1","Reckless Charge+1"],"picked":"Singing Bowl","floor":47.0},{"not_picked":["Feel No Pain","Juggernaut"],"picked":"Second Wind","floor":48.0},{"not_picked":["Clothesline+1","Seeing Red","Cleave+1"],"picked":"Singing Bowl","floor":53.0},{"not_picked":["Wild Strike+1","Shrug It Off","Armaments"],"picked":"Singing Bowl","floor":55}],"player_experience":2580232,"relics_obtained":[{"floor":9.0,"key":"Du-Vu Doll"},{"floor":10.0,"key":"Thread and Needle"},{"floor":13.0,"key":"Pocketwatch"},{"floor":23.0,"key":"Molten Egg 2"},{"floor":25.0,"key":"War Paint"},{"floor":26.0,"key":"Bag of Preparation"},{"floor":29.0,"key":"Bronze Scales"},{"floor":40.0,"key":"Ice Cream"},{"floor":42.0,"key":"Dream Catcher"},{"floor":44.0,"key":"Strawberry"},{"floor":47.0,"key":"Singing Bowl"},{"floor":55,"key":"Self Forming Clay"}],"event_choices":[{"damage_healed":0.0,"max_hp_gain":0.0,"max_hp_loss":0.0,"gold_gain":0.0,"event_name":"Golden Idol","player_choice":"Take Damage","floor":3.0,"gold_loss":0.0,"damage_taken":23.0,"relics_obtained":["Golden Idol"]},{"damage_healed":22.0,"max_hp_gain":0.0,"max_hp_loss":0.0,"gold_gain":0.0,"event_name":"Big Fish","player_choice":"Banana","floor":12.0,"gold_loss":0.0,"damage_taken":0.0},{"damage_healed":17.0,"max_hp_gain":0.0,"max_hp_loss":0.0,"gold_gain":0.0,"event_name":"The Cleric","player_choice":"Healed","floor":14.0,"gold_loss":35.0,"damage_taken":0.0},{"damage_healed":0.0,"max_hp_gain":0.0,"max_hp_loss":0.0,"gold_gain":0.0,"event_name":"Forgotten Altar","player_choice":"Gave Idol","floor":20.0,"relics_lost":["Golden Idol"],"gold_loss":0.0,"damage_taken":0.0,"relics_obtained":["Bloody Idol"]},{"damage_healed":0.0,"max_hp_gain":0.0,"max_hp_loss":0.0,"gold_gain":0.0,"event_name":"The Mausoleum","player_choice":"Ignored","floor":27.0,"gold_loss":0.0,"damage_taken":0.0},{"damage_healed":0.0,"max_hp_gain":0.0,"max_hp_loss":0.0,"gold_gain":0.0,"event_name":"Mysterious Sphere","player_choice":"Ignored","floor":37.0,"gold_loss":0.0,"damage_taken":0.0},{"damage_healed":0.0,"max_hp_gain":0.0,"max_hp_loss":0.0,"gold_gain":0.0,"event_name":"SecretPortal","player_choice":"Ignored","floor":38.0,"gold_loss":0.0,"damage_taken":0.0}],"is_beta":false,"boss_relics":[{"not_picked":["Tiny House","Eternal Feather"],"picked":"Cursed Key"},{"not_picked":["Runic Cube","Runic Pyramid"],"picked":"Fusion Hammer"}],"items_purged_floors":[11,46],"is_endless":false,"potions_floor_spawned":[2,10,13,16,19,21,28,29,33,35,40,42],"ascension_level":20}