{"gold_per_floor":[117,117,117,132,132,132,176,176,176,220,234,234,65,89,89,180,180,204,204,243,147,160,194,207,221,221,221,60,100,118,151,151,247,247,261,41,374,423,452,487,497,525,525,551,567,592,607,617,617,617,617],"floor_reached":52,"playtime":2584,"items_purged":[],"score":3151,"play_id":"4b47bacd-5fb3-4264-b014-7c14e8702d56","local_time":"20181228210028","daily_mods":["SealedDeck","DeadlyEvents"],"is_ascension_mode":true,"campfire_choices":[{"floor":6.0,"key":"REST"},{"data":"Disarm","floor":8.0,"key":"SMITH"},{"data":"Dark Embrace","floor":12.0,"key":"SMITH"},{"data":"Armaments","floor":15.0,"key":"SMITH"},{"data":"Feel No Pain","floor":27.0,"key":"SMITH"},{"data":"Seeing Red","floor":32.0,"key":"SMITH"},{"data":"True Grit","floor":49,"key":"SMITH"}],"neow_cost":"","seed_source_timestamp":0,"circlet_count":0,"master_deck":["AscendersBane","Havoc","Clothesline+1","Flame Barrier","Spot Weakness","Body Slam+1","Disarm+1","Body Slam","Second Wind","Heavy Blade+1","Shrug It Off","Corruption+1","Sentinel","Intimidate","Dark Embrace+1","Armaments+1","Impervious+1","Entrench","Warcry+1","Seeing Red+1","Corruption","True Grit+1","Feel No Pain+1","Limit Break","Battle Trance","Sentinel+1","Exhume","Impervious","Shrug It Off+1","Spot Weakness+1","Havoc+1"],"special_seed":0,"relics":["Burning Blood","Pear","Dead Branch","Anchor","PreservedInsect","Sozu","Omamori","Pen Nib","Whetstone","War Paint","Nunchaku","Smiling Mask","Snecko Eye","Medical Kit","Champion Belt","Art of War","Toxic Egg 2","Potion Belt","Kunai","Oddly Smooth Stone","Paper Frog"],"potions_floor_usage":[50,51],"damage_taken":[{"damage":4.0,"enemies":"Jaw Worm","floor":1.0,"turns":2.0},{"damage":8.0,"enemies":"Small Slimes","floor":4.0,"turns":3.0},{"damage":25.0,"enemies":"Gremlin Nob","floor":7.0,"turns":4.0},{"damage":0.0,"enemies":"3 Sentries","floor":10.0,"turns":3.0},{"damage":0.0,"enemies":"2 Louse","floor":11.0,"turns":2.0},{"damage":0.0,"enemies":"Large Slime","floor":14.0,"turns":4.0},{"damage":4.0,"enemies":"The Guardian","floor":16.0,"turns":7.0},{"damage":18.0,"enemies":"3 Byrds","floor":18.0,"turns":3.0},{"damage":0.0,"enemies":"Book of Stabbing","floor":20.0,"turns":4.0},{"damage":4.0,"enemies":"2 Thieves","floor":22.0,"turns":3.0},{"damage":3.0,"enemies":"Slavers","floor":23.0,"turns":1.0},{"damage":0.0,"enemies":"Chosen and Byrds","floor":24.0,"turns":2.0},{"damage":6.0,"enemies":"Cultist and Chosen","floor":25.0,"turns":3.0},{"damage":0.0,"enemies":"Gremlin Leader","floor":29.0,"turns":3.0},{"damage":0.0,"enemies":"Centurion and Healer","floor":30.0,"turns":4.0},{"damage":6.0,"enemies":"Book of Stabbing","floor":31.0,"turns":2.0},{"damage":3.0,"enemies":"Collector","floor":33.0,"turns":6.0},{"damage":0.0,"enemies":"3 Darklings","floor":35.0,"turns":2.0},{"damage":9,"enemies":"2 Orb Walkers","floor":38,"turns":1},{"damage":0,"enemies":"Giant Head","floor":39,"turns":2},{"damage":0,"enemies":"Nemesis","floor":40,"turns":5},{"damage":0,"enemies":"Orb Walker","floor":41,"turns":2},{"damage":6,"enemies":"Reptomancer","floor":42,"turns":2},{"damage":0,"enemies":"Giant Head","floor":44,"turns":1},{"damage":0,"enemies":"Transient","floor":45,"turns":2},{"damage":0,"enemies":"Nemesis","floor":46,"turns":3},{"damage":3,"enemies":"Sphere and 2 Shapes","floor":47,"turns":2},{"damage":0,"enemies":"Jaw Worm Horde","floor":48,"turns":3},{"damage":1,"enemies":"Awakened One","floor":50,"turns":4},{"damage":12,"enemies":"Donu and Deca","floor":51,"turns":7}],"seed_played":"899793681915615474","potions_obtained":[{"floor":1.0,"key":"Dexterity Potion"},{"floor":7.0,"key":"Energy Potion"}],"is_trial":true,"path_per_floor":["M","$","?","M","?","R","E","R","T","E","M","R","$","M","R","B",null,"M","?","E","$","M","E","M","M","T","R","$","E","M","E","R","B",null,"M","$","?","?","E","E","M","E","T","E","M","E","M","M","R","B","B",null],"character_chosen":"IRONCLAD","items_purchased":["PreservedInsect","Corruption","True Grit","War Paint","Medical Kit"],"campfire_rested":1,"item_purchase_floors":[13,21,21,28,36],"current_hp_per_floor":[70,70,47,45,45,65,56,56,56,62,68,68,68,74,74,76,78,66,66,72,72,74,77,78,78,78,78,78,78,78,78,78,78,78,78,78,78,75,78,78,78,78,78,78,78,78,78,78,78,78,72],"gold":617,"neow_bonus":"","is_prod":false,"is_daily":false,"chose_seed":true,"campfire_upgraded":6,"win_rate":0,"timestamp":1546059628,"path_taken":["M","$","?","M","?","R","E","R","T","E","?","R","$","M","R","BOSS","M","?","?","$","M","E","M","M","T","R","$","E","M","E","R","BOSS","M","$","?","?","?","E","M","?","T","E","M","E","M","M","R","BOSS","BOSS"],"build_version":"2018-12-20","purchased_purges":0,"victory":true,"max_hp_per_floor":[75,75,75,75,68,68,78,78,78,78,78,78,78,78,78,78,78,78,78,78,78,78,78,78,78,78,78,78,78,78,78,78,78,78,78,78,78,78,78,78,78,78,78,78,78,78,78,78,78,78,78],"card_choices":[{"not_picked":["Shrug It Off","Warcry"],"picked":"Corruption","floor":1.0},{"not_picked":["Wild Strike","Iron Wave"],"picked":"Sentinel","floor":4.0},{"not_picked":["Heavy Blade","Searing Blow"],"picked":"Dual Wield","floor":7.0},{"not_picked":["Blood for Blood","Sword Boomerang"],"picked":"Intimidate","floor":10.0},{"not_picked":["Infernal Blade","Heavy Blade"],"picked":"Dark Embrace","floor":11.0},{"not_picked":["Headbutt","Body Slam"],"picked":"Armaments","floor":14.0},{"not_picked":["Offering","Feed"],"picked":"Impervious","floor":16.0},{"not_picked":["Ghostly Armor","Bloodletting"],"picked":"Entrench","floor":18.0},{"not_picked":["Second Wind+1","Metallicize+1"],"picked":"Seeing Red","floor":20.0},{"not_picked":["Wild Strike","Intimidate"],"picked":"Feel No Pain","floor":22.0},{"not_picked":["Body Slam+1","Headbutt"],"picked":"Limit Break","floor":23.0},{"not_picked":["True Grit","Pommel Strike"],"picked":"Battle Trance","floor":24.0},{"not_picked":["True Grit","Sentinel","Clothesline"],"picked":"SKIP","floor":25.0},{"not_picked":["Uppercut","Combust"],"picked":"Sentinel+1","floor":29.0},{"not_picked":["Cleave","Twin Strike","Armaments"],"picked":"SKIP","floor":30.0},{"not_picked":["Feed","Havoc","Blood for Blood"],"picked":"SKIP","floor":31.0},{"not_picked":["Double Tap","Immolate"],"picked":"Exhume","floor":33.0},{"not_picked":["Rupture","Evolve","Perfected Strike"],"picked":"SKIP","floor":35.0},{"not_picked":["Wild Strike+1","Havoc+1"],"picked":"Impervious","floor":39},{"not_picked":["Armaments","Twin Strike","Headbutt"],"picked":"SKIP","floor":40},{"not_picked":["Armaments+1","Thunderclap+1"],"picked":"Shrug It Off+1","floor":41},{"not_picked":["Entrench+1","Clothesline+1"],"picked":"Spot Weakness+1","floor":42},{"not_picked":["Wild Strike+1","Armaments+1","Brutality"],"picked":"SKIP","floor":44},{"not_picked":["Dropkick+1","Wild Strike","Warcry+1"],"picked":"SKIP","floor":45},{"not_picked":["Blood for Blood","Inflame+1","Hemokinesis"],"picked":"SKIP","floor":46},{"not_picked":["Searing Blow+1","Iron Wave"],"picked":"Havoc+1","floor":47},{"not_picked":["Thunderclap","Flex+1","Iron Wave"],"picked":"SKIP","floor":48}],"player_experience":1910223,"relics_obtained":[{"floor":7.0,"key":"Pear"},{"floor":9.0,"key":"Dead Branch"},{"floor":10.0,"key":"Anchor"},{"floor":20.0,"key":"Omamori"},{"floor":23.0,"key":"Pen Nib"},{"floor":26.0,"key":"Whetstone"},{"floor":29.0,"key":"Nunchaku"},{"floor":31.0,"key":"Smiling Mask"},{"floor":38,"key":"Champion Belt"},{"floor":39,"key":"Art of War"},{"floor":40,"key":"Toxic Egg 2"},{"floor":42,"key":"Potion Belt"},{"floor":43,"key":"Kunai"},{"floor":44,"key":"Oddly Smooth Stone"},{"floor":46,"key":"Paper Frog"}],"event_choices":[{"damage_healed":0.0,"max_hp_gain":0.0,"max_hp_loss":0.0,"gold_gain":0.0,"event_name":"Shining Light","player_choice":"Entered Light","floor":3.0,"gold_loss":0.0,"damage_taken":23.0,"cards_upgraded":["Clothesline","Corruption"]},{"damage_healed":0.0,"max_hp_gain":0.0,"max_hp_loss":7.0,"gold_gain":0.0,"event_name":"Golden Idol","player_choice":"Lose Max HP","floor":5.0,"gold_loss":0.0,"damage_taken":0.0,"relics_obtained":["Golden Idol"]},{"damage_healed":0.0,"max_hp_gain":0.0,"max_hp_loss":0.0,"gold_gain":0.0,"cards_transformed":["Dual Wield"],"event_name":"Transmorgrifier","player_choice":"Transformed","floor":19.0,"gold_loss":0.0,"damage_taken":0.0,"cards_obtained":["Warcry"]},{"damage_healed":0,"gold_gain":333,"player_choice":"Gave Idol","damage_taken":0,"max_hp_gain":0,"max_hp_loss":0,"event_name":"The Moai Head","floor":37,"relics_lost":["Golden Idol"],"gold_loss":0},{"damage_healed":0,"gold_gain":0,"player_choice":"Fight","damage_taken":0,"max_hp_gain":0,"max_hp_loss":0,"event_name":"Mysterious Sphere","floor":38,"gold_loss":0}],"is_beta":false,"boss_relics":[{"not_picked":["Runic Cube","Eternal Feather"],"picked":"Sozu"},{"not_picked":["Velvet Choker","Tiny House"],"picked":"Snecko Eye"}],"items_purged_floors":[],"is_endless":false,"potions_floor_spawned":[1,7,11,20,22,24,31,33,38,40,44,45,47],"ascension_level":20}