{"gold_per_floor":[109,109,109,129,144,144,172,172,253,271,271,290,317,337,337,414,414,427,446,446,461,477,477,503,503],"floor_reached":25,"playtime":859,"items_purged":[],"score":411,"play_id":"25cb2aa3-63f4-4463-b33c-8fedee77a8e2","local_time":"25611116153657","is_ascension_mode":true,"campfire_choices":[{"data":"Bash","floor":6.0,"key":"SMITH"},{"floor":8.0,"key":"REST"},{"data":"Spot Weakness","floor":15.0,"key":"SMITH"},{"floor":23,"key":"REST"}],"neow_cost":"NONE","seed_source_timestamp":1759181673714,"circlet_count":0,"master_deck":["AscendersBane","Strike_R","Strike_R","Strike_R","Strike_R","Strike_R","Defend_R","Defend_R","Defend_R","Bash+1","True Grit","Armaments","Body Slam","Infernal Blade","Power Through","Spot Weakness+1","Twin Strike","Immolate","True Grit+1","Dropkick+1"],"special_seed":0,"relics":["Burning Blood","Ancient Tea Set","Boot","Paper Frog","Dodecahedron","Sozu","Regal Pillow"],"potions_floor_usage":[],"damage_taken":[{"damage":0.0,"enemies":"2 Louse","floor":1.0,"turns":2.0},{"damage":9.0,"enemies":"Jaw Worm","floor":4.0,"turns":5.0},{"damage":5.0,"enemies":"Cultist","floor":5.0,"turns":4.0},{"damage":40.0,"enemies":"Gremlin Nob","floor":7.0,"turns":5.0},{"damage":0.0,"enemies":"Large Slime","floor":10.0,"turns":6.0},{"damage":4.0,"enemies":"Blue Slaver","floor":12.0,"turns":3.0},{"damage":16.0,"enemies":"Lagavulin","floor":13.0,"turns":7.0},{"damage":3.0,"enemies":"Gremlin Gang","floor":14.0,"turns":6.0},{"damage":41.0,"enemies":"Hexaghost","floor":16.0,"turns":10.0},{"damage":17.0,"enemies":"2 Thieves","floor":18.0,"turns":4.0},{"damage":6.0,"enemies":"Chosen","floor":19.0,"turns":5.0},{"damage":29.0,"enemies":"Snake Plant","floor":21.0,"turns":4.0},{"damage":0,"enemies":"Centurion and Healer","floor":22,"turns":8},{"damage":25,"enemies":"Book of Stabbing","floor":24,"turns":3},{"damage":37,"enemies":"Shelled Parasite and Fungi","floor":25,"turns":4}],"seed_played":"-8333756910645617642","potions_obtained":[{"floor":3.0,"key":"SneckoOil"},{"floor":3.0,"key":"AttackPotion"},{"floor":7.0,"key":"Explosive Potion"},{"floor":10.0,"key":"Explosive Potion"},{"floor":14.0,"key":"Swift Potion"}],"is_trial":false,"path_per_floor":["M","?","?","M","M","R","E","R","T","M","?","M","E","M","R","B",null,"M","M","?","M","M","R","E","M"],"character_chosen":"IRONCLAD","items_purchased":[],"campfire_rested":2,"item_purchase_floors":[],"current_hp_per_floor":[74,67,67,64,65,65,31,53,53,59,59,61,51,54,54,19,61,50,50,43,20,26,48,29,0],"gold":503,"neow_bonus":"RANDOM_COMMON_RELIC","is_prod":false,"is_daily":false,"chose_seed":false,"campfire_upgraded":2,"win_rate":0,"timestamp":1542357417,"path_taken":["M","?","?","M","?","R","E","R","T","M","?","M","E","M","R","BOSS","M","M","?","M","M","R","E","M"],"build_version":"2018-11-15","purchased_purges":0,"victory":false,"max_hp_per_floor":[75,75,75,75,75,75,75,75,75,75,75,75,75,75,75,75,75,75,75,75,75,75,75,75,75],"card_choices":[{"not_picked":["Heavy Blade","Body Slam"],"picked":"True Grit","floor":1.0},{"not_picked":["Dual Wield","Iron Wave"],"picked":"Armaments","floor":4.0},{"not_picked":["Pommel Strike","Ghostly Armor"],"picked":"Body Slam","floor":5.0},{"not_picked":["Dual Wield","Combust","Body Slam"],"picked":"SKIP","floor":7.0},{"not_picked":["Battle Trance","Rupture"],"picked":"Infernal Blade","floor":10.0},{"not_picked":["Dropkick","Havoc"],"picked":"Power Through","floor":12.0},{"not_picked":["Wild Strike","Clash"],"picked":"Spot Weakness","floor":13.0},{"not_picked":["Impervious","Clash"],"picked":"Twin Strike","floor":14.0},{"not_picked":["Demon Form","Exhume"],"picked":"Immolate","floor":16.0},{"not_picked":["Pommel Strike","Warcry","Flex"],"picked":"SKIP","floor":18.0},{"not_picked":["Pommel Strike","Clash","Wild Strike"],"picked":"SKIP","floor":19.0},{"not_picked":["Pommel Strike","Anger"],"picked":"True Grit+1","floor":21.0},{"not_picked":["Heavy Blade","Flame Barrier","Carnage"],"picked":"SKIP","floor":22},{"not_picked":["Sword Boomerang","Iron Wave"],"picked":"Dropkick+1","floor":24}],"player_experience":148775,"relics_obtained":[{"floor":7.0,"key":"Boot"},{"floor":9.0,"key":"Paper Frog"},{"floor":13.0,"key":"Dodecahedron"},{"floor":24,"key":"Regal Pillow"}],"event_choices":[{"cards_removed":["Defend_R"],"damage_healed":0.0,"max_hp_gain":0.0,"max_hp_loss":0.0,"gold_gain":0.0,"event_name":"Golden Wing","player_choice":"Card Removal","floor":2.0,"gold_loss":0.0,"damage_taken":7.0},{"damage_healed":0.0,"max_hp_gain":0.0,"max_hp_loss":0.0,"gold_gain":0.0,"event_name":"Lab","player_choice":"Got Potions","floor":3.0,"gold_loss":0.0,"damage_taken":0.0},{"damage_healed":0.0,"max_hp_gain":0.0,"max_hp_loss":0.0,"gold_gain":0.0,"event_name":"Liars Game","player_choice":"Ignored","floor":11.0,"gold_loss":0.0,"damage_taken":0.0},{"damage_healed":0.0,"max_hp_gain":0.0,"max_hp_loss":0.0,"gold_gain":0.0,"event_name":"Knowing Skull","player_choice":"","floor":20.0,"potions_obtained":[],"gold_loss":0.0,"damage_taken":7.0,"cards_obtained":[]}],"is_beta":false,"boss_relics":[{"not_picked":["Velvet Choker","Busted Crown"],"picked":"Sozu"}],"items_purged_floors":[],"is_endless":false,"potions_floor_spawned":[7,10,14,18,21],"killed_by":"Shelled Parasite and Fungi","ascension_level":15}