{"gold_per_floor":[118,118,3,28,48,48,48,48,71,107,32,50,75,114,114,207,207,226,1,51,51,66,66,99,99,99,99,99,143,11,34,34,123,123,139,472,238,248,261,291,311,336,336,336,50,62,96,96,96,96,96,96,96,42,69,69],"floor_reached":57,"playtime":3264,"items_purged":["Strike_B","Strike_B","Defend_B+1"],"score":3022,"play_id":"0b768fa2-81b0-4c9e-9822-61b4a07df3c9","local_time":"20190108005754","is_ascension_mode":true,"campfire_choices":[{"data":"Zap","floor":6.0,"key":"SMITH"},{"data":"Streamline","floor":8.0,"key":"SMITH"},{"data":"Loop","floor":15.0,"key":"SMITH"},{"data":"Consume","floor":23.0,"key":"SMITH"},{"data":"Fission","floor":25.0,"key":"SMITH"},{"data":"Ghostly","floor":32.0,"key":"SMITH"},{"floor":49.0,"key":"RECALL"},{"floor":53.0,"key":"REST"}],"neow_cost":"NONE","seed_source_timestamp":1948394184619,"circlet_count":0,"master_deck":["AscendersBane","Defend_B+1","Defend_B+1","Defend_B+1","Zap+1","Dualcast+1","Conserve Battery+1","Self Repair+1","Barrage+1","Streamline+1","Cold Snap+1","Loop+1","Seek+1","Seek+1","Cold Snap+1","Ball Lightning+1","Consume+1","Fission+1","Ghostly+1","Ghostly+1","Ghostly+1","Electrodynamics+1","Heatsinks+1","Capacitor+1","Glacier+1"],"special_seed":0,"relics":["Lizard Tail","Whetstone","DataDisk","Potion Belt","Inserter","Lantern","Pen Nib","Singing Bowl","Nilry\u0027s Codex","Bag of Marbles","Runic Dome","Ornamental Fan","Oddly Smooth Stone","Mark of the Bloom","Anchor","Sundial","Vajra"],"potions_floor_usage":[56,56],"damage_taken":[{"damage":9.0,"enemies":"Jaw Worm","floor":1.0,"turns":4.0},{"damage":2.0,"enemies":"Small Slimes","floor":4.0,"turns":5.0},{"damage":1.0,"enemies":"Cultist","floor":5.0,"turns":5.0},{"damage":34.0,"enemies":"Gremlin Nob","floor":10.0,"turns":4.0},{"damage":7.0,"enemies":"Exordium Wildlife","floor":12.0,"turns":4.0},{"damage":3.0,"enemies":"2 Fungi Beasts","floor":13.0,"turns":3.0},{"damage":4.0,"enemies":"3 Sentries","floor":14.0,"turns":6.0},{"damage":38.0,"enemies":"Hexaghost","floor":16.0,"turns":10.0},{"damage":5.0,"enemies":"Spheric Guardian","floor":18.0,"turns":6.0},{"damage":0.0,"enemies":"Chosen","floor":22.0,"turns":5.0},{"damage":13.0,"enemies":"Gremlin Leader","floor":24.0,"turns":7.0},{"damage":16.0,"enemies":"Slavers","floor":29.0,"turns":11.0},{"damage":0.0,"enemies":"Snake Plant","floor":31.0,"turns":4.0},{"damage":21.0,"enemies":"Champ","floor":33.0,"turns":10.0},{"damage":0.0,"enemies":"3 Shapes","floor":35.0,"turns":5.0},{"damage":4.0,"enemies":"3 Darklings","floor":38.0,"turns":4.0},{"damage":0.0,"enemies":"Transient","floor":39.0,"turns":6.0},{"damage":0.0,"enemies":"Reptomancer","floor":40.0,"turns":9.0},{"damage":0.0,"enemies":"Spire Growth","floor":41.0,"turns":5.0},{"damage":12.0,"enemies":"Giant Head","floor":42.0,"turns":9.0},{"damage":0.0,"enemies":"3 Darklings","floor":46.0,"turns":3.0},{"damage":0.0,"enemies":"Nemesis","floor":47.0,"turns":11.0},{"damage":0.0,"enemies":"Time Eater","floor":50.0,"turns":11.0},{"damage":0.0,"enemies":"Donu and Deca","floor":51.0,"turns":10.0},{"damage":29.0,"enemies":"Shield and Spear","floor":55.0,"turns":9.0},{"damage":4,"enemies":"The Heart","floor":56,"turns":13}],"seed_played":"-6698771062168836530","potions_obtained":[{"floor":5.0,"key":"GamblersBrew"},{"floor":10.0,"key":"Dexterity Potion"},{"floor":13.0,"key":"Fire Potion"},{"floor":29.0,"key":"Energy Potion"},{"floor":31.0,"key":"Energy Potion"},{"floor":41.0,"key":"Ancient Potion"},{"floor":42.0,"key":"Block Potion"},{"floor":47.0,"key":"SpeedPotion"}],"is_trial":false,"path_per_floor":["M","?","$","M","M","R","$","R","T","E","?","M","M","E","R","B",null,"M","$","?","?","M","R","E","R","T","?","?","E","$","M","R","B",null,"M","?","$","M","M","E","M","E","T","?","$","M","E","?","R","B","B",null,"R","$","E","B",null],"character_chosen":"DEFECT","items_purchased":["Self Repair","Barrage","Lantern","Ball Lightning","Weak Potion","PowerPotion","Ancient Potion","Anchor","Energy Potion"],"campfire_rested":1,"item_purchase_floors":[3,3,19,19,30,37,37,45,54],"current_hp_per_floor":[55,31,31,36,42,42,42,42,42,15,15,15,19,15,15,24,59,61,61,61,61,68,68,62,62,62,41,35,35,35,39,39,25,36,39,39,39,39,41,43,45,40,40,40,40,40,40,40,40,40,40,40,40,40,11,7],"gold":69,"neow_bonus":"BOSS_RELIC","is_prod":false,"is_daily":false,"chose_seed":false,"campfire_upgraded":6,"win_rate":0,"timestamp":1546880274,"path_taken":["M","?","?","M","M","R","$","R","T","E","?","M","M","E","R","BOSS","M","$","?","?","?","R","E","R","T","?","?","E","?","M","R","BOSS","M","?","$","M","M","E","M","E","T","?","$","M","E","?","R","BOSS","BOSS","R","$","E","BOSS"],"build_version":"2019-01-03v4","purchased_purges":3,"victory":true,"max_hp_per_floor":[71,71,71,71,71,71,71,71,71,71,71,71,71,71,71,71,71,71,71,71,71,71,71,71,71,71,71,35,37,37,39,39,39,39,39,39,39,39,41,43,45,45,45,45,45,47,49,47,47,47,47,47,47,47,49,49],"card_choices":[{"not_picked":["Compile Driver","Heatsinks"],"picked":"Conserve Battery","floor":1.0},{"not_picked":["Loop","Reinforced Body"],"picked":"Streamline","floor":4.0},{"not_picked":["Reprogram","Conserve Battery"],"picked":"Cold Snap","floor":5.0},{"not_picked":["Sweeping Beam","Go for the Eyes","Gash"],"picked":"SKIP","floor":10.0},{"not_picked":["Stack","Streamline"],"picked":"Loop","floor":12.0},{"not_picked":["Genetic Algorithm","Sweeping Beam","Skim"],"picked":"SKIP","floor":13.0},{"not_picked":["Gash","Streamline"],"picked":"Seek","floor":14.0},{"not_picked":["Thunder Strike","Meteor Strike"],"picked":"Seek","floor":16.0},{"not_picked":["Heatsinks","Beam Cell"],"picked":"Cold Snap","floor":18.0},{"not_picked":["Barrage","Tempest"],"picked":"Consume","floor":22.0},{"not_picked":["Thunder Strike","Force Field"],"picked":"Fission","floor":24.0},{"not_picked":["Streamline","Tempest","Defragment"],"picked":"Singing Bowl","floor":29.0},{"not_picked":["Leap","Rip and Tear","Sweeping Beam"],"picked":"Singing Bowl","floor":31.0},{"not_picked":["Echo Form","Reboot"],"picked":"Electrodynamics","floor":33.0},{"not_picked":["Hologram","Compile Driver"],"picked":"Heatsinks","floor":35.0},{"not_picked":["Aggregate","Turbo+1"],"picked":"Capacitor+1","floor":38.0},{"not_picked":["White Noise","Capacitor","Steam"],"picked":"Singing Bowl","floor":39.0},{"not_picked":["Compile Driver","Rebound","Skim"],"picked":"Singing Bowl","floor":40.0},{"not_picked":["Leap","Ball Lightning","BootSequence"],"picked":"Singing Bowl","floor":41.0},{"not_picked":["Blizzard","BootSequence+1"],"picked":"Glacier","floor":42.0},{"not_picked":["Conserve Battery","Doom and Gloom+1","Turbo+1"],"picked":"Singing Bowl","floor":46.0},{"not_picked":["Rebound","Doom and Gloom+1","Electrodynamics"],"picked":"Singing Bowl","floor":47.0},{"not_picked":["Lockon","Fusion","Meteor Strike"],"picked":"Singing Bowl","floor":55.0}],"player_experience":2509817,"relics_obtained":[{"floor":9.0,"key":"Whetstone"},{"floor":10.0,"key":"DataDisk"},{"floor":14.0,"key":"Potion Belt"},{"floor":24.0,"key":"Pen Nib"},{"floor":26.0,"key":"Singing Bowl"},{"floor":27.0,"key":"Nilry\u0027s Codex"},{"floor":29.0,"key":"Bag of Marbles"},{"floor":40.0,"key":"Ornamental Fan"},{"floor":42.0,"key":"Oddly Smooth Stone"},{"floor":47.0,"key":"Sundial"},{"floor":55.0,"key":"Vajra"}],"event_choices":[{"damage_healed":0.0,"max_hp_gain":0.0,"max_hp_loss":0.0,"gold_gain":0.0,"event_name":"Golden Idol","player_choice":"Take Damage","floor":2.0,"gold_loss":0.0,"damage_taken":24.0,"relics_obtained":["Golden Idol"]},{"cards_removed":["Strike_B"],"damage_healed":0.0,"max_hp_gain":0.0,"max_hp_loss":0.0,"gold_gain":0.0,"event_name":"The Cleric","player_choice":"Card Removal","floor":11.0,"gold_loss":75.0,"damage_taken":0.0},{"damage_healed":0.0,"max_hp_gain":0.0,"max_hp_loss":0.0,"gold_gain":50.0,"event_name":"Nest","player_choice":"Stole From Cult","floor":20.0,"gold_loss":0.0,"damage_taken":0.0},{"cards_removed":["Strike_B"],"damage_healed":0.0,"max_hp_gain":0.0,"max_hp_loss":0.0,"gold_gain":0.0,"event_name":"Wheel of Change","player_choice":"Card Removal","floor":21.0,"gold_loss":0.0,"damage_taken":0.0},{"damage_healed":0.0,"max_hp_gain":0.0,"max_hp_loss":0.0,"gold_gain":0.0,"event_name":"Cursed Tome","player_choice":"Obtained Book","floor":27.0,"gold_loss":0.0,"damage_taken":21.0},{"damage_healed":0.0,"max_hp_gain":0.0,"max_hp_loss":36.0,"gold_gain":0.0,"event_name":"Ghosts","player_choice":"Became a Ghost","floor":28.0,"gold_loss":0.0,"damage_taken":0.0,"cards_obtained":["Ghostly","Ghostly","Ghostly"]},{"damage_healed":0.0,"max_hp_gain":0.0,"max_hp_loss":0.0,"gold_gain":333.0,"event_name":"The Moai Head","player_choice":"Gave Idol","floor":36.0,"relics_lost":["Golden Idol"],"gold_loss":0.0,"damage_taken":0.0},{"damage_healed":0.0,"max_hp_gain":0.0,"max_hp_loss":0.0,"gold_gain":0.0,"event_name":"MindBloom","player_choice":"Upgrade","floor":44.0,"gold_loss":0.0,"damage_taken":0.0,"cards_upgraded":["Defend_B","Defend_B","Defend_B","Defend_B","Dualcast","Conserve Battery","Self Repair","Seek","Seek","Cold Snap","Ball Lightning","Ghostly","Ghostly","Electrodynamics","Heatsinks","Glacier"],"relics_obtained":["Mark of the Bloom"]},{"damage_healed":0.0,"max_hp_gain":0.0,"max_hp_loss":2.0,"gold_gain":0.0,"event_name":"Winding Halls","player_choice":"Max HP","floor":48.0,"gold_loss":0.0,"damage_taken":0.0}],"is_beta":false,"boss_relics":[{"not_picked":["Black Star","Calling Bell"],"picked":"Inserter"},{"not_picked":["Fusion Hammer","Sozu"],"picked":"Runic Dome"}],"items_purged_floors":[30,37,45],"is_endless":false,"potions_floor_spawned":[5,10,13,29,31,39,41,42,47],"ascension_level":20}