{"gold_per_floor":[119,138,138,158,26,26,55,55,55,55,55,86,86,106,106,106],"floor_reached":16,"playtime":394,"items_purged":["Regret"],"score":181,"play_id":"be9c1a7b-f114-4490-9597-ac4123a51003","local_time":"20190127114430","is_ascension_mode":true,"campfire_choices":[{"data":"Twin Strike","floor":6,"key":"SMITH"},{"floor":11,"key":"REST"},{"data":"Bash","floor":15,"key":"SMITH"}],"neow_cost":"NONE","seed_source_timestamp":579184939647663,"circlet_count":0,"master_deck":["AscendersBane","Strike_R","Strike_R","Strike_R","Strike_R","Strike_R","Defend_R","Defend_R","Defend_R","Bash+1","Twin Strike+1","Warcry","Pommel Strike","Pommel Strike"],"relics":["Burning Blood","NeowsBlessing","Unceasing Top","Singing Bowl","Golden Idol","Ornamental Fan","Odd Mushroom"],"potions_floor_usage":[16,16],"damage_taken":[{"damage":0,"enemies":"Cultist","floor":1,"turns":1},{"damage":0,"enemies":"Small Slimes","floor":2,"turns":1},{"damage":0,"enemies":"Jaw Worm","floor":4,"turns":1},{"damage":50,"enemies":"Lagavulin","floor":7,"turns":7},{"damage":26,"enemies":"The Mushroom Lair","floor":12,"turns":4},{"damage":8,"enemies":"Exordium Wildlife","floor":14,"turns":5},{"damage":14,"enemies":"The Guardian","floor":16,"turns":7}],"seed_played":"6898771277578989944","potions_obtained":[{"floor":12,"key":"Weak Potion"},{"floor":14,"key":"LiquidBronze"}],"is_trial":false,"path_per_floor":["M","M","?","M","$","R","E","?","T","$","R","?","?","M","R","B"],"character_chosen":"IRONCLAD","items_purchased":["Pommel Strike"],"campfire_rested":1,"item_purchase_floors":[5],"current_hp_per_floor":[74,75,75,75,75,75,33,7,7,7,30,12,12,12,12,0],"gold":106,"neow_bonus":"THREE_ENEMY_KILL","is_prod":false,"is_daily":false,"chose_seed":false,"campfire_upgraded":2,"win_rate":0,"timestamp":1548585870,"path_taken":["M","?","?","M","$","R","E","?","T","?","R","?","?","?","R","BOSS"],"build_version":"2019-01-23","purchased_purges":1,"victory":false,"max_hp_per_floor":[75,75,75,75,75,75,77,77,77,77,77,79,79,81,81,81],"card_choices":[{"not_picked":["Armaments","Rupture"],"picked":"Twin Strike","floor":1},{"not_picked":["Rupture","Body Slam"],"picked":"Warcry","floor":2},{"not_picked":["Sword Boomerang","Flex"],"picked":"Pommel Strike","floor":4},{"not_picked":["Warcry","Heavy Blade","Clash"],"picked":"Singing Bowl","floor":7},{"not_picked":["Sever Soul","Clothesline","Rage"],"picked":"Singing Bowl","floor":12},{"not_picked":["Pummel","Shrug It Off","Clash"],"picked":"Singing Bowl","floor":14}],"player_experience":481797,"relics_obtained":[{"floor":7,"key":"Singing Bowl"},{"floor":9,"key":"Ornamental Fan"},{"floor":12,"key":"Odd Mushroom"}],"event_choices":[{"damage_healed":0,"gold_gain":0,"player_choice":"Box","damage_taken":0,"relics_obtained":["Unceasing Top"],"max_hp_gain":0,"max_hp_loss":0,"event_name":"Big Fish","floor":3,"gold_loss":0,"cards_obtained":["Regret"]},{"damage_healed":0,"gold_gain":0,"player_choice":"Take Damage","damage_taken":26,"relics_obtained":["Golden Idol"],"max_hp_gain":0,"max_hp_loss":0,"event_name":"Golden Idol","floor":8,"gold_loss":0},{"damage_healed":0,"gold_gain":0,"player_choice":"Fought Mushrooms","damage_taken":0,"max_hp_gain":0,"max_hp_loss":0,"event_name":"Mushrooms","floor":12,"gold_loss":0},{"cards_removed":["Defend_R"],"damage_healed":0,"gold_gain":0,"player_choice":"Offered Basic","damage_taken":0,"max_hp_gain":0,"max_hp_loss":0,"event_name":"Bonfire Elementals","floor":13,"gold_loss":0}],"is_beta":false,"boss_relics":[],"items_purged_floors":[5],"is_endless":false,"potions_floor_spawned":[12,14],"killed_by":"The Guardian","ascension_level":17}