{"gold_per_floor":[119,139,149,167,187,187,187,187,187,219,219,219,245,259,259,336,336,336,336,336,261,176,176,176,176,176,176,176,176,176,58,58,58,58,58,0,0,0,0,0,0,0,0,0,0,0,0,0,0,0],"floor_reached":50,"playtime":2190,"items_purged":[],"score":1024,"play_id":"515ea2b6-5359-4021-a3f0-03ef1f10699e","local_time":"20190201214323","is_ascension_mode":true,"campfire_choices":[{"floor":6.0,"key":"REST"},{"data":"Zap","floor":8.0,"key":"SMITH"},{"data":"Dualcast","floor":12.0,"key":"SMITH"},{"data":"Rainbow","floor":15.0,"key":"SMITH"},{"data":"Electrodynamics","floor":23.0,"key":"SMITH"},{"data":"Defragment","floor":25.0,"key":"SMITH"},{"data":"Force Field","floor":27.0,"key":"SMITH"},{"data":"Fission","floor":32.0,"key":"SMITH"},{"floor":42.0,"key":"REST"},{"data":"Seek","floor":45.0,"key":"SMITH"},{"floor":49.0,"key":"RECALL"}],"neow_cost":"NONE","seed_source_timestamp":51347910323155,"circlet_count":0,"master_deck":["AscendersBane","Strike_B+1","Strike_B+1","Strike_B+1","Defend_B+1","Defend_B+1","Defend_B+1","Defend_B+1","Zap+1","Dualcast+1","Compile Driver","Cold Snap","Echo Form","Conserve Battery","Coolheaded","Biased Cognition","Rainbow+1","Electrodynamics+1","FTL","Defragment+1","Force Field+1","Defragment+1","Skim","Fission+1","Seek+1","Consume+1","Conserve Battery+1","Stack+1","Hologram+1","Core Surge","BootSequence"],"special_seed":0,"relics":["Cracked Core","NeowsBlessing","Anchor","Strawberry","Dodecahedron","Question Card","Ectoplasm","Mercury Hourglass","Art of War","The Courier","Inserter","Red Mask","Nunchaku","Prayer Wheel","Regal Pillow","Juzu Bracelet","Bottled Tornado"],"potions_floor_usage":[50],"damage_taken":[{"damage":0.0,"enemies":"Small Slimes","floor":1.0,"turns":1.0},{"damage":0.0,"enemies":"Jaw Worm","floor":2.0,"turns":1.0},{"damage":0.0,"enemies":"2 Louse","floor":3.0,"turns":1.0},{"damage":12.0,"enemies":"Blue Slaver","floor":4.0,"turns":4.0},{"damage":22.0,"enemies":"3 Louse","floor":5.0,"turns":4.0},{"damage":10.0,"enemies":"3 Sentries","floor":10.0,"turns":9.0},{"damage":1.0,"enemies":"Lagavulin","floor":13.0,"turns":7.0},{"damage":9.0,"enemies":"2 Fungi Beasts","floor":14.0,"turns":3.0},{"damage":24.0,"enemies":"The Guardian","floor":16.0,"turns":10.0},{"damage":0.0,"enemies":"Shell Parasite","floor":18.0,"turns":3.0},{"damage":0.0,"enemies":"Chosen","floor":19.0,"turns":3.0},{"damage":0.0,"enemies":"3 Cultists","floor":20.0,"turns":4.0},{"damage":24.0,"enemies":"Slavers","floor":24.0,"turns":2.0},{"damage":13.0,"enemies":"Snecko","floor":29.0,"turns":4.0},{"damage":0.0,"enemies":"Sentry and Sphere","floor":30.0,"turns":3.0},{"damage":16.0,"enemies":"Collector","floor":33.0,"turns":8.0},{"damage":0.0,"enemies":"Orb Walker","floor":35.0,"turns":3.0},{"damage":0.0,"enemies":"Mind Bloom Boss Battle","floor":37.0,"turns":7.0},{"damage":6.0,"enemies":"2 Orb Walkers","floor":38.0,"turns":6.0},{"damage":0.0,"enemies":"3 Darklings","floor":39.0,"turns":3.0},{"damage":34.0,"enemies":"Reptomancer","floor":40.0,"turns":6.0},{"damage":0.0,"enemies":"Spire Growth","floor":41.0,"turns":5.0},{"damage":0.0,"enemies":"Giant Head","floor":44.0,"turns":10.0},{"damage":31.0,"enemies":"Nemesis","floor":46.0,"turns":7.0},{"damage":0.0,"enemies":"4 Shapes","floor":47.0,"turns":2.0},{"damage":34,"enemies":"Awakened One","floor":50,"turns":5}],"seed_played":"6141861342770730496","potions_obtained":[{"floor":5.0,"key":"Energy Potion"},{"floor":10.0,"key":"SpeedPotion"},{"floor":13.0,"key":"Strength Potion"},{"floor":20.0,"key":"Regen Potion"},{"floor":24.0,"key":"SpeedPotion"},{"floor":33.0,"key":"Swift Potion"},{"floor":38.0,"key":"Poison Potion"},{"floor":40.0,"key":"SpeedPotion"},{"floor":41.0,"key":"Ancient Potion"}],"is_trial":false,"path_per_floor":["M","M","M","M","M","R","?","R","T","E","?","R","E","M","R","B",null,"M","M","M","?","?","R","E","R","T","R","?","M","M","$","R","B",null,"M","?","?","?","M","E","M","R","T","E","R","E","M","$","R","B"],"character_chosen":"DEFECT","items_purchased":["Fission"],"campfire_rested":2,"item_purchase_floors":[31],"current_hp_per_floor":[64,64,64,52,30,51,56,56,56,53,42,42,41,32,32,8,64,64,64,64,64,64,64,45,45,45,45,45,32,32,32,32,16,66,66,66,66,60,60,26,26,65,65,65,65,34,34,34,34,0],"gold":0,"neow_bonus":"THREE_ENEMY_KILL","is_prod":false,"is_daily":false,"chose_seed":false,"campfire_upgraded":8,"win_rate":0,"timestamp":1549086203,"path_taken":["M","M","M","M","M","R","?","R","T","E","?","R","E","M","R","BOSS","M","M","M","?","?","R","E","R","T","R","?","M","M","?","R","BOSS","M","?","?","?","M","E","M","R","T","E","R","E","M","?","R","BOSS"],"build_version":"2019-01-23","purchased_purges":0,"victory":false,"max_hp_per_floor":[71,71,71,71,71,71,76,76,76,83,83,83,83,83,83,83,83,83,83,83,83,83,83,83,83,83,83,83,83,83,83,83,83,83,83,83,83,83,83,83,83,83,83,83,83,83,83,83,83,83],"card_choices":[{"not_picked":["Turbo","Go for the Eyes"],"picked":"Compile Driver","floor":1.0},{"not_picked":["Loop","Barrage"],"picked":"Cold Snap","floor":2.0},{"not_picked":["Redo","Consume"],"picked":"Echo Form","floor":3.0},{"not_picked":["Sweeping Beam","Compile Driver"],"picked":"Conserve Battery","floor":4.0},{"not_picked":["Turbo","Hologram"],"picked":"Coolheaded","floor":5.0},{"not_picked":["Doom and Gloom","Go for the Eyes"],"picked":"Biased Cognition","floor":10.0},{"not_picked":["Gash","Hyperbeam"],"picked":"Rainbow","floor":13.0},{"not_picked":["Force Field","Heatsinks","Chaos","Sweeping Beam"],"picked":"SKIP","floor":14.0},{"not_picked":["Rainbow","All For One","Meteor Strike"],"picked":"Electrodynamics","floor":16.0},{"not_picked":["Compile Driver","Hologram","Cold Snap"],"picked":"FTL","floor":18.0},{"not_picked":["Leap","Compile Driver","Rebound"],"picked":"Defragment+1","floor":19.0},{"not_picked":["Barrage","Scrape","Chaos"],"picked":"Force Field","floor":20.0},{"not_picked":["Darkness","Stack+1","Gash"],"picked":"Defragment","floor":24.0},{"not_picked":["Chaos","Hologram","Sunder","Turbo+1"],"picked":"SKIP","floor":29.0},{"not_picked":["Hologram","Barrage","Compile Driver"],"picked":"Skim","floor":30.0},{"not_picked":["Multi-Cast","Thunder Strike","Hyperbeam"],"picked":"Seek","floor":33.0},{"not_picked":["Compile Driver","Conserve Battery","BootSequence"],"picked":"Consume+1","floor":35.0},{"not_picked":["Compile Driver","All For One","Sweeping Beam"],"picked":"Conserve Battery+1","floor":38.0},{"not_picked":["Recycle","Turbo","FTL"],"picked":"Stack+1","floor":39.0},{"not_picked":["Static Discharge+1","Barrage","Darkness","Turbo"],"picked":"SKIP","floor":39.0},{"not_picked":["Turbo","Sweeping Beam","Barrage+1","Hello World+1"],"picked":"SKIP","floor":40.0},{"not_picked":["Steam","Rebound","Genetic Algorithm"],"picked":"Hologram+1","floor":41.0},{"not_picked":["Beam Cell","Sweeping Beam","Skim","Rebound"],"picked":"SKIP","floor":41.0},{"not_picked":["Chaos","Sunder","Capacitor"],"picked":"Core Surge","floor":44.0},{"not_picked":["Heatsinks","Steam","Auto Shields","Compile Driver"],"picked":"SKIP","floor":46.0},{"not_picked":["Leap","Redo","Beam Cell+1"],"picked":"BootSequence","floor":47.0},{"not_picked":["Ball Lightning","Conserve Battery","Go for the Eyes","Cold Snap"],"picked":"SKIP","floor":47.0}],"player_experience":2127031,"relics_obtained":[{"floor":9.0,"key":"Anchor"},{"floor":10.0,"key":"Strawberry"},{"floor":13.0,"key":"Question Card"},{"floor":24.0,"key":"Art of War"},{"floor":26.0,"key":"The Courier"},{"floor":37.0,"key":"Nunchaku"},{"floor":38.0,"key":"Prayer Wheel"},{"floor":40.0,"key":"Regal Pillow"},{"floor":44.0,"key":"Juzu Bracelet"},{"floor":46.0,"key":"Bottled Tornado"}],"event_choices":[{"damage_healed":0.0,"max_hp_gain":5.0,"max_hp_loss":0.0,"gold_gain":0.0,"event_name":"Big Fish","player_choice":"Donut","floor":7.0,"gold_loss":0.0,"damage_taken":0.0},{"damage_healed":0.0,"max_hp_gain":0.0,"max_hp_loss":0.0,"gold_gain":0.0,"event_name":"Scrap Ooze","player_choice":"Success","floor":11.0,"gold_loss":0.0,"damage_taken":11.0,"relics_obtained":["Dodecahedron"]},{"cards_removed":["Strike_B"],"damage_healed":0.0,"max_hp_gain":0.0,"max_hp_loss":0.0,"gold_gain":0.0,"event_name":"Beggar","player_choice":"Gave Gold","floor":21.0,"gold_loss":75.0,"damage_taken":0.0},{"damage_healed":0.0,"max_hp_gain":0.0,"max_hp_loss":0.0,"gold_gain":0.0,"event_name":"Addict","player_choice":"Obtained Relic","floor":22.0,"gold_loss":85.0,"damage_taken":0.0,"relics_obtained":["Mercury Hourglass"]},{"damage_healed":0.0,"max_hp_gain":0.0,"max_hp_loss":0.0,"gold_gain":0.0,"event_name":"Back to Basics","player_choice":"Simplicity","floor":28.0,"gold_loss":0.0,"damage_taken":0.0,"cards_upgraded":["Strike_B","Strike_B","Strike_B","Defend_B","Defend_B","Defend_B","Defend_B"]},{"damage_healed":0.0,"max_hp_gain":0.0,"max_hp_loss":0.0,"gold_gain":0.0,"event_name":"Tomb of Lord Red Mask","player_choice":"Paid","floor":36.0,"gold_loss":58.0,"damage_taken":0.0,"relics_obtained":["Red Mask"]},{"damage_healed":0.0,"max_hp_gain":0.0,"max_hp_loss":0.0,"gold_gain":0.0,"event_name":"MindBloom","player_choice":"Fight","floor":37.0,"gold_loss":0.0,"damage_taken":0.0},{"damage_healed":0.0,"max_hp_gain":0.0,"max_hp_loss":0.0,"gold_gain":0.0,"event_name":"Mysterious Sphere","player_choice":"Fight","floor":38.0,"gold_loss":0.0,"damage_taken":0.0}],"is_beta":false,"boss_relics":[{"not_picked":["White Beast Statue","Philosopher\u0027s Stone"],"picked":"Ectoplasm"},{"not_picked":["Runic Pyramid","Tiny House"],"picked":"Inserter"}],"items_purged_floors":[],"is_endless":false,"potions_floor_spawned":[5,10,13,16,20,24,33,37,38,40,41],"killed_by":"Awakened One","ascension_level":15}