{"gold_per_floor":[116,49,68,79,79,113,113,133,160,173,191,191,206,239,239,335,335,347,358,370,386,386,413,427,458,458,458,458,557,557,568,568,670,670,684,684,78,0,0,0,33,33,104,104],"floor_reached":44,"playtime":2989,"items_purged":[],"score":513,"play_id":"acbaf006-0040-4506-8c0b-a5d5b81a9a17","local_time":"20181002232335","is_ascension_mode":false,"campfire_choices":[{"data":"Infinite Blades","floor":7,"key":"SMITH"},{"floor":12,"key":"REST"},{"floor":15,"key":"REST"},{"floor":28,"key":"REST"},{"floor":30,"key":"REST"},{"data":"Backstab","floor":32,"key":"SMITH"},{"data":"PiercingWail","floor":40,"key":"SMITH"},{"floor":42,"key":"REST"}],"neow_cost":"NONE","seed_source_timestamp":1388045130783251,"circlet_count":0,"master_deck":["Defend_G","Defend_G","Defend_G","Defend_G","Defend_G","Strike_G","Strike_G","Strike_G","Strike_G","Strike_G","Survivor","Neutralize","Crippling Poison","All Out Attack","Infinite Blades+1","Leg Sweep+1","Slice","Dagger Spray","Masterful Stab","Deadly Poison","Terror","Backflip","A Thousand Cuts","PiercingWail+1","Adrenaline","Dagger Throw","Backstab+1","PiercingWail+1","Deadly Poison+1","Poisoned Stab","Quick Slash","Dagger Throw","Backstab+1","Poisoned Stab+1","Bullet Time+1","Dagger Throw","Catalyst","Choke","PiercingWail","Deflect"],"relics":["Ring of the Serpent","Pen Nib","Anchor","Bag of Preparation","Dream Catcher","Omamori","Boot","Paper Crane","Mercury Hourglass","Blood Vial","StoneCalendar","Red Mask","Potion Belt","Darkstone Periapt"],"potions_floor_usage":[14,23,33,33,33],"damage_taken":[{"damage":0,"enemies":"Cultist","floor":1,"turns":5},{"damage":7,"enemies":"Small Slimes","floor":3,"turns":3},{"damage":0,"enemies":"2 Louse","floor":4,"turns":2},{"damage":33,"enemies":"Gremlin Nob","floor":6,"turns":6},{"damage":2,"enemies":"Gremlin Gang","floor":8,"turns":3},{"damage":0,"enemies":"Exordium Wildlife","floor":10,"turns":3},{"damage":0,"enemies":"Exordium Thugs","floor":11,"turns":2},{"damage":0,"enemies":"3 Louse","floor":13,"turns":2},{"damage":11,"enemies":"Lagavulin","floor":14,"turns":5},{"damage":17,"enemies":"Slime Boss","floor":16,"turns":6},{"damage":23,"enemies":"2 Thieves","floor":18,"turns":4},{"damage":0,"enemies":"Chosen","floor":19,"turns":3},{"damage":5,"enemies":"Centurion and Healer","floor":20,"turns":6},{"damage":0,"enemies":"Snake Plant","floor":21,"turns":4},{"damage":6,"enemies":"Slavers","floor":23,"turns":7},{"damage":2,"enemies":"Shelled Parasite and Fungi","floor":24,"turns":6},{"damage":13,"enemies":"Book of Stabbing","floor":25,"turns":7},{"damage":0,"enemies":"Chosen and Byrds","floor":31,"turns":4},{"damage":63,"enemies":"Automaton","floor":33,"turns":11},{"damage":10,"enemies":"3 Darklings","floor":35,"turns":4},{"damage":49,"enemies":"Nemesis","floor":41,"turns":5},{"damage":59,"enemies":"Giant Head","floor":44,"turns":8}],"seed_played":"5581247067400132285","potions_obtained":[{"floor":1,"key":"Strength Potion"},{"floor":6,"key":"Poison Potion"},{"floor":11,"key":"Regen Potion"},{"floor":14,"key":"FearPotion"},{"floor":18,"key":"Fire Potion"},{"floor":23,"key":"Dexterity Potion"},{"floor":25,"key":"EssenceOfSteel"},{"floor":41,"key":"LiquidBronze"}],"is_trial":false,"path_per_floor":["M","$","M","M","?","E","R","M","T","M","M","R","M","E","R","B",null,"M","M","M","M","?","E","M","E","T","T","R","?","R","M","R","B",null,"M","?","$","?","$","R","E","R","T"],"character_chosen":"THE_SILENT","items_purchased":["Infinite Blades","Catalyst","Choke","Blood Vial","StoneCalendar"],"campfire_rested":5,"item_purchase_floors":[2,37,37,37,37],"current_hp_per_floor":[70,70,63,63,63,30,30,28,28,28,28,49,49,38,59,42,70,47,47,42,42,42,36,34,21,21,21,42,42,63,63,63,15,70,60,60,60,60,60,60,13,34,34,0],"gold":104,"neow_bonus":"THREE_CARDS","is_prod":false,"is_daily":false,"chose_seed":false,"campfire_upgraded":3,"win_rate":0.0,"timestamp":1538515415,"path_taken":["M","?","M","M","?","E","R","M","T","M","M","R","M","E","R","BOSS","M","M","M","?","?","E","M","E","T","?","R","?","R","M","R","BOSS","M","?","$","?","$","R","E","R","T","E"],"build_version":"2018-09-27","purchased_purges":0,"victory":false,"max_hp_per_floor":[70,70,70,70,70,70,70,70,70,70,70,70,70,70,70,70,70,70,70,70,70,70,70,70,70,70,70,70,70,70,70,70,70,70,70,70,70,70,70,70,70,70,70,70],"card_choices":[{"not_picked":["Dagger Spray","PiercingWail"],"picked":"Crippling Poison","floor":0},{"not_picked":["Flechettes","Underhanded Strike"],"picked":"All Out Attack","floor":1},{"not_picked":["Riddle With Holes","Finisher"],"picked":"Leg Sweep","floor":3},{"not_picked":["Underhanded Strike","All Out Attack"],"picked":"Slice","floor":4},{"not_picked":["Distraction","Riddle With Holes"],"picked":"Dagger Spray","floor":6},{"not_picked":["Dodge and Roll","Tactician"],"picked":"Masterful Stab","floor":8},{"not_picked":["Dodge and Roll","Skewer"],"picked":"Deadly Poison","floor":10},{"not_picked":["Eviscerate","Prepared"],"picked":"Terror","floor":11},{"not_picked":["Acrobatics","Slice"],"picked":"Backflip","floor":13},{"not_picked":["Crippling Poison","Prepared"],"picked":"A Thousand Cuts","floor":14},{"not_picked":["Backflip","All Out Attack"],"picked":"PiercingWail","floor":15},{"not_picked":["Venomology","Burst"],"picked":"Adrenaline","floor":16},{"not_picked":["Deflect","Caltrops+1"],"picked":"Dagger Throw","floor":18},{"not_picked":["Flechettes","Backflip","Calculated Gamble"],"picked":"SKIP","floor":19},{"not_picked":["Escape Plan","Prepared+1"],"picked":"Backstab","floor":20},{"not_picked":["Distraction","Tactician"],"picked":"PiercingWail+1","floor":21},{"not_picked":["Quick Slash","Bane"],"picked":"Deadly Poison+1","floor":23},{"not_picked":["Backflip","Bane+1"],"picked":"Poisoned Stab","floor":24},{"not_picked":["Leg Sweep","Backflip"],"picked":"Quick Slash","floor":25},{"not_picked":["Poisoned Stab","Underhanded Strike"],"picked":"Dagger Throw","floor":28},{"not_picked":["Prepared+1","Venomology"],"picked":"Backstab+1","floor":30},{"not_picked":["Blade Dance","Flechettes"],"picked":"Poisoned Stab+1","floor":31},{"not_picked":["Unload","Malaise"],"picked":"Bullet Time","floor":33},{"not_picked":["Flechettes+1","Deadly Poison"],"picked":"Dagger Throw","floor":35},{"not_picked":["Caltrops+1","Acrobatics"],"picked":"PiercingWail","floor":41},{"not_picked":["Distraction","Tactician+1"],"picked":"Deflect","floor":42}],"player_experience":36955,"relics_obtained":[{"floor":6,"key":"Anchor"},{"floor":9,"key":"Bag of Preparation"},{"floor":14,"key":"Dream Catcher"},{"floor":23,"key":"Omamori"},{"floor":25,"key":"Boot"},{"floor":26,"key":"Paper Crane"},{"floor":27,"key":"Mercury Hourglass"},{"floor":41,"key":"Potion Belt"},{"floor":43,"key":"Darkstone Periapt"}],"event_choices":[{"event_name":"WeMeetAgain","player_choice":"Potion","floor":5,"damage_taken":0},{"event_name":"Upgrade Shrine","player_choice":"Upgraded","floor":22,"damage_taken":0},{"event_name":"Nest","player_choice":"Stole From Cult","floor":29,"damage_taken":0},{"event_name":"Upgrade Shrine","player_choice":"Upgraded","floor":36,"damage_taken":0},{"event_name":"Tomb of Lord Red Mask","player_choice":"Paid","floor":38,"damage_taken":0}],"is_beta":false,"boss_relics":[{"not_picked":["White Beast Statue","Astrolabe"],"picked":"Ring of the Serpent"},{"not_picked":["Velvet Choker","Coffee Dripper","Philosopher\u0027s Stone"]}],"items_purged_floors":[],"is_endless":false,"potions_floor_spawned":[1,6,11,14,18,21,23,24,25,41],"killed_by":"Giant Head","ascension_level":0}