{"gold_per_floor":[117,128,141,141,141,216,216,229,303,303,338,352,367,382,382,481,481,481,501,516,516,70,70,105,105,132,165,165,59,59,70,70,172,172,185,204,204,222,238,238,253,253,253,278,295,24,38,55,55,55],"floor_reached":51,"playtime":4777,"items_purged":["Defend_G"],"score":1171,"play_id":"2b22a615-f173-4716-ace7-88f6d4711912","local_time":"20180711115314","is_ascension_mode":true,"campfire_choices":[{"data":"Neutralize","floor":7.0,"key":"SMITH"},{"data":"Sucker Punch","floor":10.0,"key":"SMITH"},{"data":"Noxious Fumes","floor":15.0,"key":"SMITH"},{"data":"Tools of the Trade","floor":23,"key":"SMITH"},{"data":"Riddle With Holes","floor":25,"key":"SMITH"},{"data":"Footwork","floor":28,"key":"SMITH"},{"floor":32,"key":"REST"},{"data":"Cloak And Dagger","floor":40,"key":"SMITH"},{"data":"Leg Sweep","floor":42,"key":"SMITH"},{"floor":49,"key":"REST"}],"neow_cost":"NONE","seed_source_timestamp":9959812072204,"circlet_count":0,"master_deck":["Defend_G","Defend_G","Defend_G","Defend_G+1","Strike_G","Strike_G+1","Survivor","Neutralize+1","AscendersBane","Backflip+1","Sucker Punch+1","PiercingWail","Noxious Fumes+1","Riddle With Holes+1","Footwork+1","Leg Sweep+1","Tools of the Trade+1","Backflip+1","Acrobatics+1","Deflect+1","Heel Hook+1","Malaise+1","Dagger Throw+1","Backstab+1","Cloak And Dagger+1","Well Laid Plans","Backflip+1","Tactician","Distraction+1","Sucker Punch","Bane","Cloak And Dagger+1","Noxious Fumes+1","Choke","Panache","Infinite Blades","Backstab","Dagger Spray+1"],"special_seed":0,"relics":["Ring of the Snake","Orichalcum","Sundial","Paper Crane","Bag of Preparation","Astrolabe","Shuriken","Dead Branch","Ancient Tea Set","War Paint","Cursed Key","Strawberry"],"potions_floor_usage":[18,19,24,45,50],"damage_taken":[{"damage":3.0,"enemies":"Small Slimes","floor":1.0,"turns":5.0},{"damage":0.0,"enemies":"2 Louse","floor":2.0,"turns":5.0},{"damage":0.0,"enemies":"Jaw Worm","floor":3.0,"turns":5.0},{"damage":0.0,"enemies":"Blue Slaver","floor":8.0,"turns":5.0},{"damage":7.0,"enemies":"Lagavulin","floor":11.0,"turns":9.0},{"damage":0.0,"enemies":"3 Louse","floor":12.0,"turns":3.0},{"damage":0.0,"enemies":"Large Slime","floor":13.0,"turns":7.0},{"damage":0.0,"enemies":"Exordium Wildlife","floor":14.0,"turns":4.0},{"damage":14.0,"enemies":"Slime Boss","floor":16.0,"turns":13.0},{"damage":0,"enemies":"2 Thieves","floor":18,"turns":1},{"damage":0,"enemies":"Chosen","floor":19,"turns":7},{"damage":0,"enemies":"Snecko","floor":20,"turns":8},{"damage":1,"enemies":"Slavers","floor":24,"turns":11},{"damage":3,"enemies":"Book of Stabbing","floor":27,"turns":8},{"damage":1,"enemies":"Snake Plant","floor":31,"turns":5},{"damage":16,"enemies":"Champ","floor":33,"turns":12},{"damage":6,"enemies":"3 Darklings","floor":35,"turns":6},{"damage":0,"enemies":"Orb Walker","floor":36,"turns":3},{"damage":0,"enemies":"Sphere and 2 Shapes","floor":38,"turns":6},{"damage":0,"enemies":"4 Shapes","floor":39,"turns":6},{"damage":0,"enemies":"3 Darklings","floor":41,"turns":3},{"damage":0,"enemies":"Nemesis","floor":44,"turns":5},{"damage":0,"enemies":"Maw","floor":45,"turns":5},{"damage":0,"enemies":"4 Shapes","floor":47,"turns":4},{"damage":0,"enemies":"3 Darklings","floor":48,"turns":3},{"damage":10,"enemies":"Donu and Deca","floor":50,"turns":6}],"seed_played":"668045009520881544","potions_obtained":[{"floor":2.0,"key":"Fruit Juice"},{"floor":3.0,"key":"SmokeBomb"},{"floor":14.0,"key":"Ancient Potion"},{"floor":20,"key":"FairyPotion"},{"floor":24,"key":"Ancient Potion"}],"is_trial":false,"path_per_floor":["M","M","M","?","T","?","R","M","T","R","E","M","M","M","R","B",null,"M","M","M","?","$","R","E","R","T","E","R","$","?","M","R","B",null,"M","M","?","M","M","R","M","R","T","E","M","$","M","M","R","B"],"character_chosen":"THE_SILENT","items_purchased":["Shuriken","Strength Potion","Malaise","Cloak And Dagger","Well Laid Plans","Panache","Infinite Blades"],"campfire_rested":2,"item_purchase_floors":[22,22,22,29,29,46,46],"current_hp_per_floor":[60,60,65,50,50,39,39,39,39,39,32,32,32,32,32,18,61,61,61,61,47,47,47,46,46,46,43,43,43,43,42,66,50,73,67,67,59,59,59,59,59,59,59,66,66,66,66,66,87,77],"gold":55,"neow_bonus":"RANDOM_COMMON_RELIC","is_prod":false,"is_daily":false,"chose_seed":false,"campfire_upgraded":8,"win_rate":0,"timestamp":1531335194,"path_taken":["M","M","M","?","?","?","R","M","T","R","E","M","M","M","R","BOSS","M","M","M","?","$","R","E","R","T","E","R","$","?","M","R","BOSS","M","M","?","M","M","R","M","R","T","E","?","$","M","M","R","BOSS"],"build_version":"2018-07-05","purchased_purges":1,"victory":true,"max_hp_per_floor":[70,70,75,75,75,75,75,75,75,75,75,75,75,75,75,75,75,75,75,75,80,80,80,80,80,80,80,80,80,80,80,80,80,80,80,80,80,80,80,80,80,80,80,87,87,87,87,87,87,87],"card_choices":[{"not_picked":["Prepared","PiercingWail"],"picked":"Backflip","floor":1.0},{"not_picked":["Acrobatics","Poisoned Stab"],"picked":"Sucker Punch","floor":2.0},{"not_picked":["Catalyst","Prepared"],"picked":"PiercingWail","floor":3.0},{"not_picked":["Catalyst","Expertise"],"picked":"Noxious Fumes","floor":8.0},{"not_picked":["Choke","Slice"],"picked":"Riddle With Holes","floor":11.0},{"not_picked":["Distraction","Setup","Eviscerate"],"picked":"SKIP","floor":12.0},{"not_picked":["Bane","Outmaneuver"],"picked":"Footwork","floor":13.0},{"not_picked":["Finisher","Backflip"],"picked":"Leg Sweep","floor":14.0},{"not_picked":["Tactician","Doppelganger"],"picked":"Tools of the Trade","floor":16.0},{"not_picked":["Outmaneuver","Dodge and Roll","Deflect+1"],"picked":"SKIP","floor":19},{"not_picked":["Deadly Poison","Prepared"],"picked":"Heel Hook+1","floor":20},{"not_picked":["Blur","Distraction"],"picked":"Dagger Throw+1","floor":24},{"not_picked":["Poisoned Stab","Flying Knee"],"picked":"Backstab+1","floor":27},{"not_picked":["Concentrate","Dagger Throw+1"],"picked":"Backflip+1","floor":31},{"not_picked":["Wraith Form v2","Venomology"],"picked":"Tactician","floor":33},{"not_picked":["Endless Agony","Infinite Blades+1"],"picked":"Distraction+1","floor":35},{"not_picked":["Predator+1","Underhanded Strike"],"picked":"Sucker Punch","floor":36},{"not_picked":["Malaise+1","Dagger Spray"],"picked":"Bane","floor":38},{"not_picked":["Setup","Flechettes+1"],"picked":"Cloak And Dagger+1","floor":39},{"not_picked":["Leg Sweep+1","Reflex+1"],"picked":"Noxious Fumes+1","floor":41},{"not_picked":["Flying Knee+1","Glass Knife"],"picked":"Choke","floor":44},{"not_picked":["Cloak And Dagger+1","Backflip","Deflect+1"],"picked":"SKIP","floor":45},{"not_picked":["Choke+1","PiercingWail"],"picked":"Backstab","floor":47},{"not_picked":["PiercingWail+1","Well Laid Plans+1"],"picked":"Dagger Spray+1","floor":48}],"player_experience":727512,"relics_obtained":[{"floor":5.0,"key":"Sundial"},{"floor":9.0,"key":"Paper Crane"},{"floor":11.0,"key":"Bag of Preparation"},{"floor":24,"key":"Dead Branch"},{"floor":26,"key":"Ancient Tea Set"},{"floor":27,"key":"War Paint"},{"floor":44,"key":"Strawberry"}],"event_choices":[{"event_name":"Shining Light","player_choice":"Entered Light","floor":4.0,"damage_taken":0.0},{"event_name":"World of Goop","player_choice":"Gather Gold","floor":6.0,"damage_taken":0.0},{"event_name":"Forgotten Altar","player_choice":"Shed Blood","floor":21,"damage_taken":0},{"event_name":"Ghosts","player_choice":"Ignored","floor":30,"damage_taken":0},{"event_name":"Wheel of Change","player_choice":"Damage","floor":37,"damage_taken":0}],"boss_relics":[{"not_picked":["Orrery","Lizard Tail"],"picked":"Astrolabe"},{"not_picked":["Eternal Feather","Sozu"],"picked":"Cursed Key"}],"items_purged_floors":[22],"is_endless":false,"potions_floor_spawned":[2,3,14,16,20,24,36,38,41,45,48],"ascension_level":11}