{"gold_per_floor":[117,135,35,48,48,48,77,77,148,179,192,192,208,224,224,301,301,315,59,44,64,80,80],"floor_reached":23,"playtime":951,"items_purged":["Normality","Strike_B"],"score":359,"play_id":"dd40d38d-942b-4f91-bcca-a81fb11a50d7","local_time":"20181104213055","is_ascension_mode":true,"campfire_choices":[{"data":"Defragment","floor":6.0,"key":"SMITH"},{"floor":15.0,"key":"REST"}],"neow_cost":"CURSE","seed_source_timestamp":100065187800010,"circlet_count":0,"master_deck":["AscendersBane","Strike_B","Strike_B","Strike_B","Defend_B+1","Defend_B+1","Defend_B","Defend_B","Zap+1","Dualcast","Machine Learning","Defragment+1","Cold Snap","Steam","Coolheaded","Conserve Battery","Sweeping Beam","FTL","Melter","Rainbow","Glacier","Capacitor","Capacitor"],"special_seed":0,"relics":["Cracked Core","Boot","Bird Faced Urn","Cables","StoneCalendar","Fusion Hammer","Happy Flower"],"potions_floor_usage":[21,23],"damage_taken":[{"damage":12.0,"enemies":"Jaw Worm","floor":1.0,"turns":4.0},{"damage":5.0,"enemies":"2 Louse","floor":2.0,"turns":2.0},{"damage":0.0,"enemies":"Cultist","floor":4.0,"turns":3.0},{"damage":1.0,"enemies":"Lagavulin","floor":7.0,"turns":7.0},{"damage":13.0,"enemies":"3 Sentries","floor":10.0,"turns":8.0},{"damage":0.0,"enemies":"Large Slime","floor":11.0,"turns":5.0},{"damage":16.0,"enemies":"Exordium Wildlife","floor":13.0,"turns":4.0},{"damage":3.0,"enemies":"Exordium Thugs","floor":14.0,"turns":3.0},{"damage":13.0,"enemies":"Hexaghost","floor":16.0,"turns":9.0},{"damage":7.0,"enemies":"3 Byrds","floor":18.0,"turns":4.0},{"damage":6,"enemies":"2 Thieves","floor":20,"turns":4},{"damage":12,"enemies":"Chosen and Byrds","floor":21,"turns":6},{"damage":15,"enemies":"Snake Plant","floor":22,"turns":5},{"damage":46,"enemies":"Slavers","floor":23,"turns":3}],"seed_played":"617987722161732380","potions_obtained":[{"floor":2.0,"key":"EssenceOfSteel"},{"floor":4.0,"key":"GamblersBrew"},{"floor":11.0,"key":"Swift Potion"},{"floor":20,"key":"SteroidPotion"}],"is_trial":false,"path_per_floor":["M","M","$","M","?","R","E","?","T","E","M","?","M","M","R","B",null,"M","$","M","M","M","E"],"character_chosen":"DEFECT","items_purchased":["Steam","Happy Flower"],"campfire_rested":1,"item_purchase_floors":[3,19],"current_hp_per_floor":[52,47,47,47,42,42,41,20,20,11,15,15,3,4,25,16,57,54,54,50,44,35,0],"gold":80,"neow_bonus":"THREE_RARE_CARDS","is_prod":false,"is_daily":false,"chose_seed":false,"campfire_upgraded":1,"win_rate":0,"timestamp":1541395855,"path_taken":["M","M","$","M","?","R","E","?","T","E","M","?","M","M","R","BOSS","M","$","M","M","?","E"],"build_version":"2018-11-01","purchased_purges":2,"victory":false,"max_hp_per_floor":[71,71,71,71,71,71,71,71,71,71,71,71,71,71,71,71,71,71,71,71,71,71,71],"card_choices":[{"not_picked":["Reboot","Multi-Cast"],"picked":"Machine Learning","floor":0.0},{"not_picked":["Stack","Skim"],"picked":"Defragment","floor":1.0},{"not_picked":["Go for the Eyes","Force Field"],"picked":"Cold Snap","floor":2.0},{"not_picked":["Steam","Tempest"],"picked":"Coolheaded","floor":4.0},{"not_picked":["Steam","Redo","Rebound"],"picked":"SKIP","floor":7.0},{"not_picked":["Turbo","Beam Cell"],"picked":"Conserve Battery","floor":10.0},{"not_picked":["BootSequence","Fusion"],"picked":"Sweeping Beam","floor":11.0},{"not_picked":["Tempest","Rip and Tear"],"picked":"FTL","floor":13.0},{"not_picked":["Redo","All For One"],"picked":"Melter","floor":14.0},{"not_picked":["Hyperbeam","All For One"],"picked":"Rainbow","floor":16.0},{"not_picked":["Aggregate","Storm"],"picked":"Glacier","floor":18.0},{"not_picked":["Reinforced Body","Cold Snap"],"picked":"Capacitor","floor":20},{"not_picked":["Leap","Doom and Gloom","Redo"],"picked":"SKIP","floor":21},{"not_picked":["Chill","Sweeping Beam"],"picked":"Capacitor","floor":22}],"player_experience":1586188,"relics_obtained":[{"floor":7.0,"key":"Bird Faced Urn"},{"floor":9.0,"key":"Cables"},{"floor":10.0,"key":"StoneCalendar"}],"event_choices":[{"damage_healed":0.0,"max_hp_gain":0.0,"max_hp_loss":0.0,"gold_gain":0.0,"event_name":"Scrap Ooze","player_choice":"Success","floor":5.0,"gold_loss":0.0,"damage_taken":5.0,"relics_obtained":["Boot"]},{"damage_healed":0.0,"max_hp_gain":0.0,"max_hp_loss":0.0,"gold_gain":0.0,"event_name":"Shining Light","player_choice":"Entered Light","floor":8.0,"gold_loss":0.0,"damage_taken":21.0,"cards_upgraded":["Defend_B","Defend_B"]},{"damage_healed":0.0,"max_hp_gain":0.0,"max_hp_loss":0.0,"gold_gain":0.0,"event_name":"Accursed Blacksmith","player_choice":"Forge","floor":12.0,"gold_loss":0.0,"damage_taken":0.0,"cards_upgraded":["Zap"]}],"is_beta":false,"boss_relics":[{"not_picked":["Philosopher\u0027s Stone","Runic Pyramid"],"picked":"Fusion Hammer"}],"items_purged_floors":[3,19],"is_endless":false,"potions_floor_spawned":[2,4,11,14,20],"killed_by":"Slavers","ascension_level":15}