{"gold_per_floor":[116,131,131,143,143,168,1,20,90,116,128,166,196,220,232,318,330,354,384,396,425,456,468,511,523,535,563,607,322,322,333,333,409,409,425,437,50,50,0,33,33,49,74,106,122,138,138,168,168,168,168],"floor_reached":52,"playtime":2788,"items_purged":[],"score":2058,"play_id":"556da076-7488-4a0c-a4fb-36372b54f8cc","local_time":"20181009130038","daily_mods":["SealedDeck"],"is_ascension_mode":true,"campfire_choices":[{"data":"Terror","floor":15.0,"key":"SMITH"},{"data":"Malaise","floor":23.0,"key":"SMITH"},{"data":"Cloak And Dagger","floor":25.0,"key":"SMITH"},{"floor":32,"key":"REST"},{"data":"Cloak And Dagger","floor":41,"key":"SMITH"},{"floor":47,"key":"REST"},{"floor":49,"key":"REST"}],"neow_cost":"","seed_source_timestamp":0,"circlet_count":0,"master_deck":["AscendersBane","Slice","Dagger Throw","Escape Plan","Crippling Poison","Slice","Cloak And Dagger+1","Cloak And Dagger+1","Cloak And Dagger+1","Dagger Spray","Dagger Spray+1","Terror+1","Deflect","Corpse Explosion+1","Backstab","Backflip","Malaise+1","Leg Sweep","Dash","Envenom","Backflip","Panache","Adrenaline","Well Laid Plans","Crippling Poison+1"],"special_seed":0,"relics":["Ring of the Serpent","The Specimen","War Paint","Matryoshka","MawBank","Nunchaku","Busted Crown","Art of War","Lantern","Dodecahedron","Vajra","Paper Crane","Peace Pipe","Red Mask","Oddly Smooth Stone","Sundial","Blood Vial","Juzu Bracelet","Pen Nib"],"potions_floor_usage":[44,51],"damage_taken":[{"damage":0.0,"enemies":"2 Louse","floor":1.0,"turns":2.0},{"damage":0.0,"enemies":"Jaw Worm","floor":2.0,"turns":2.0},{"damage":0.0,"enemies":"Small Slimes","floor":4.0,"turns":1.0},{"damage":8.0,"enemies":"3 Sentries","floor":6.0,"turns":4.0},{"damage":5.0,"enemies":"Blue Slaver","floor":8.0,"turns":3.0},{"damage":11.0,"enemies":"Gremlin Nob","floor":10.0,"turns":3.0},{"damage":5.0,"enemies":"Lagavulin","floor":12.0,"turns":4.0},{"damage":0.0,"enemies":"3 Louse","floor":13.0,"turns":2.0},{"damage":0.0,"enemies":"Exordium Thugs","floor":14.0,"turns":2.0},{"damage":11.0,"enemies":"The Guardian","floor":16.0,"turns":9.0},{"damage":4.0,"enemies":"2 Thieves","floor":18.0,"turns":2.0},{"damage":0.0,"enemies":"3 Byrds","floor":19.0,"turns":1.0},{"damage":0.0,"enemies":"3 Cultists","floor":21.0,"turns":2.0},{"damage":0.0,"enemies":"Sentry and Sphere","floor":22.0,"turns":5.0},{"damage":1.0,"enemies":"Book of Stabbing","floor":24.0,"turns":5.0},{"damage":3.0,"enemies":"Snecko","floor":27.0,"turns":5.0},{"damage":0.0,"enemies":"Slavers","floor":28.0,"turns":2.0},{"damage":0,"enemies":"Centurion and Healer","floor":31,"turns":3},{"damage":19,"enemies":"Collector","floor":33,"turns":8},{"damage":0,"enemies":"3 Shapes","floor":35,"turns":1},{"damage":0,"enemies":"Orb Walker","floor":36,"turns":3},{"damage":0,"enemies":"Mind Bloom Boss Battle","floor":38,"turns":5},{"damage":4,"enemies":"Giant Head","floor":40,"turns":6},{"damage":4,"enemies":"Transient","floor":42,"turns":6},{"damage":17,"enemies":"Nemesis","floor":44,"turns":7},{"damage":10,"enemies":"3 Darklings","floor":45,"turns":3},{"damage":5,"enemies":"Reptomancer","floor":46,"turns":4},{"damage":0,"enemies":"Giant Head","floor":48,"turns":5},{"damage":1,"enemies":"Awakened One","floor":50,"turns":12},{"damage":12,"enemies":"Time Eater","floor":51,"turns":12}],"seed_played":"-5602002654842587057","potions_obtained":[{"floor":2.0,"key":"Dexterity Potion"},{"floor":4.0,"key":"GamblersBrew"},{"floor":12.0,"key":"SkillPotion"},{"floor":19.0,"key":"EssenceOfSteel"},{"floor":24.0,"key":"Strength Potion"},{"floor":28.0,"key":"Swift Potion"},{"floor":38,"key":"Explosive Potion"},{"floor":40,"key":"Strength Potion"},{"floor":45,"key":"SpeedPotion"}],"is_trial":true,"path_per_floor":["M","M","?","M","?","E","$","M","T","E","?","E","M","M","R","B",null,"M","M","?","M","M","R","E","R","T","M","E","$","?","M","R","B",null,"M","M","$","?","?","E","R","M","T","E","M","M","R","E","R","B","B"],"character_chosen":"THE_SILENT","items_purchased":["War Paint","Backflip","Panache","Paper Crane","Well Laid Plans"],"campfire_rested":3,"item_purchase_floors":[7,29,29,37,37],"current_hp_per_floor":[59,59,59,59,59,51,51,46,46,35,35,30,30,30,30,19,54,50,50,32,32,32,32,31,31,31,28,28,28,28,28,49,30,61,61,61,61,61,61,57,57,53,53,38,30,27,48,50,71,70,59],"gold":168,"neow_bonus":"","is_prod":false,"is_daily":false,"chose_seed":false,"campfire_upgraded":4,"win_rate":0,"timestamp":1539115238,"path_taken":["M","M","?","M","?","E","$","M","T","E","?","E","M","M","R","BOSS","M","M","?","M","M","R","E","R","T","M","E","$","?","M","R","BOSS","M","M","$","?","?","E","R","M","T","E","M","M","R","E","R","BOSS","BOSS"],"build_version":"2018-10-04v2","purchased_purges":0,"victory":true,"max_hp_per_floor":[66,66,66,66,66,66,66,66,66,66,66,66,66,66,66,66,66,66,66,71,71,71,71,71,71,71,71,71,71,71,71,71,71,71,71,71,71,71,71,71,71,71,71,71,71,71,71,71,71,71,71],"card_choices":[{"not_picked":["Catalyst","All Out Attack","Flechettes"],"picked":"SKIP","floor":1.0},{"not_picked":["Outmaneuver","Noxious Fumes"],"picked":"Terror","floor":2.0},{"not_picked":["Noxious Fumes","Backflip"],"picked":"Deflect","floor":4.0},{"not_picked":["Skewer","Masterful Stab","Corpse Explosion"],"picked":"SKIP","floor":6.0},{"not_picked":["Skewer","Masterful Stab"],"picked":"Corpse Explosion","floor":6.0},{"not_picked":["PiercingWail","Deflect"],"picked":"Backstab","floor":8.0},{"not_picked":["Crippling Poison","Masterful Stab","Concentrate"],"picked":"SKIP","floor":10.0},{"not_picked":["Tactician","Deflect"],"picked":"Backflip","floor":12.0},{"not_picked":["Choke","Cloak And Dagger","Setup"],"picked":"SKIP","floor":13.0},{"not_picked":["Backflip","Cloak And Dagger","Accuracy"],"picked":"SKIP","floor":14.0},{"not_picked":["Burst","Night Terror"],"picked":"Malaise","floor":16.0},{"not_picked":[],"picked":"Leg Sweep","floor":18.0},{"not_picked":["Slice"],"picked":"SKIP","floor":19.0},{"not_picked":[],"picked":"Dash","floor":21.0},{"not_picked":["Acrobatics"],"picked":"SKIP","floor":22.0},{"not_picked":["Bouncing Flask"],"picked":"SKIP","floor":24.0},{"not_picked":["Blade Dance"],"picked":"SKIP","floor":27.0},{"not_picked":[],"picked":"Envenom","floor":28.0},{"not_picked":["Acrobatics"],"picked":"SKIP","floor":31},{"not_picked":["Dagger Throw+1"],"picked":"SKIP","floor":35},{"not_picked":["Quick Slash"],"picked":"SKIP","floor":36},{"not_picked":["Heel Hook"],"picked":"SKIP","floor":40},{"not_picked":["Dagger Spray+1"],"picked":"SKIP","floor":42},{"not_picked":["Poisoned Stab"],"picked":"SKIP","floor":44},{"not_picked":["Masterful Stab"],"picked":"SKIP","floor":45},{"not_picked":["Deadly Poison"],"picked":"SKIP","floor":46},{"not_picked":[],"picked":"Crippling Poison+1","floor":48}],"player_experience":1315322,"relics_obtained":[{"floor":6.0,"key":"The Specimen"},{"floor":9.0,"key":"Matryoshka"},{"floor":10.0,"key":"MawBank"},{"floor":12.0,"key":"Nunchaku"},{"floor":24.0,"key":"Art of War"},{"floor":26.0,"key":"Lantern"},{"floor":26.0,"key":"Dodecahedron"},{"floor":28.0,"key":"Vajra"},{"floor":38,"key":"Peace Pipe"},{"floor":40,"key":"Oddly Smooth Stone"},{"floor":43,"key":"Sundial"},{"floor":43,"key":"Blood Vial"},{"floor":44,"key":"Juzu Bracelet"},{"floor":48,"key":"Pen Nib"}],"event_choices":[{"event_name":"Living Wall","player_choice":"Grow","floor":3.0,"damage_taken":0.0},{"event_name":"The Cleric","player_choice":"Leave","floor":5.0,"damage_taken":0.0},{"event_name":"Match and Keep!","player_choice":"0 cards matched","floor":11.0,"damage_taken":0.0},{"event_name":"Forgotten Altar","player_choice":"Shed Blood","floor":20.0,"damage_taken":0.0},{"event_name":"Match and Keep!","player_choice":"1 cards matched","floor":30,"damage_taken":0},{"event_name":"MindBloom","player_choice":"Fight","floor":38,"damage_taken":0},{"event_name":"Tomb of Lord Red Mask","player_choice":"Paid","floor":39,"damage_taken":0}],"is_beta":false,"boss_relics":[{"not_picked":["Astrolabe","Tiny House"],"picked":"Busted Crown"},{"not_picked":["Cursed Key","Empty Cage"],"picked":"Ring of the Serpent"}],"items_purged_floors":[],"is_endless":false,"potions_floor_spawned":[2,4,6,8,12,19,24,28,38,40,45,48],"ascension_level":20}