{"gold_per_floor":[116,130,130,280,17,17,51,9,9,39,50,79,89,105,105,179,179,194,204,105,105,205,231,231,265,313,342,371,384,384,400,400,475,475,495,33,0,12,30,92,126,181,227,227,258,133,133,164,164,164,164,164,164,14,44,44],"floor_reached":57,"playtime":4146,"items_purged":["Doubt","Sucker Punch+1","Masterful Stab","Defend_G"],"score":3778,"play_id":"521ed6d1-b5b0-40b7-af98-22327d1e7728","local_time":"20190330113630","is_ascension_mode":true,"campfire_choices":[{"data":"Apotheosis","floor":6.0,"key":"SMITH"},{"data":"Calculated Gamble","floor":15.0,"key":"SMITH"},{"floor":24.0,"key":"DIG"},{"floor":32,"key":"DIG"},{"floor":44,"key":"DIG"},{"floor":47,"key":"DIG"},{"floor":49,"key":"RECALL"},{"floor":53,"key":"DIG"}],"neow_cost":"NONE","seed_source_timestamp":0,"circlet_count":0,"master_deck":["AscendersBane","Defend_G","Defend_G","Defend_G","Survivor+1","Neutralize","Calculated Gamble+1","Apotheosis+1","Acrobatics","Eviscerate","Prepared+1","Footwork","Acrobatics","Malaise","Outmaneuver","After Image+1","After Image+1","A Thousand Cuts+1","Grand Finale","Acrobatics+1","Tools of the Trade+1","Well Laid Plans+1","Well Laid Plans+1","Tactician+1","Acrobatics+1","Tactician+1"],"special_seed":0,"relics":["Ring of the Snake","NeowsBlessing","Bottled Lightning","WingedGreaves","Matryoshka","Mummified Hand","Coffee Dripper","Shovel","Ninja Scroll","Frozen Egg 2","Orichalcum","Meat on the Bone","Omamori","Paper Crane","Oddly Smooth Stone","Toxic Egg 2","Astrolabe","Gremlin Horn","Red Mask","Tiny Chest","Vajra","Mango","Lantern","Bag of Marbles","War Paint","Singing Bowl","Kunai","Anchor","Ornamental Fan","Centennial Puzzle"],"potions_floor_usage":[56],"damage_taken":[{"damage":0.0,"enemies":"Small Slimes","floor":1.0,"turns":1.0},{"damage":0.0,"enemies":"2 Louse","floor":2.0,"turns":1.0},{"damage":0.0,"enemies":"3 Sentries","floor":7.0,"turns":2.0},{"damage":2.0,"enemies":"Gremlin Nob","floor":10.0,"turns":3.0},{"damage":0.0,"enemies":"Jaw Worm","floor":11.0,"turns":3.0},{"damage":2.0,"enemies":"3 Sentries","floor":12.0,"turns":5.0},{"damage":0.0,"enemies":"Red Slaver","floor":13.0,"turns":3.0},{"damage":0.0,"enemies":"Looter","floor":14.0,"turns":1.0},{"damage":31.0,"enemies":"Slime Boss","floor":16.0,"turns":12.0},{"damage":0.0,"enemies":"Shell Parasite","floor":18.0,"turns":5.0},{"damage":0.0,"enemies":"Spheric Guardian","floor":19.0,"turns":3.0},{"damage":4.0,"enemies":"Colosseum Slavers","floor":22.0,"turns":8.0},{"damage":16.0,"enemies":"Colosseum Nobs","floor":22.0,"turns":7.0},{"damage":17.0,"enemies":"Gremlin Leader","floor":23.0,"turns":7.0},{"damage":3.0,"enemies":"Slavers","floor":25.0,"turns":9.0},{"damage":0,"enemies":"Gremlin Leader","floor":27,"turns":7},{"damage":0,"enemies":"Book of Stabbing","floor":28,"turns":5},{"damage":0,"enemies":"Centurion and Healer","floor":29,"turns":6},{"damage":0,"enemies":"3 Cultists","floor":31,"turns":5},{"damage":0,"enemies":"Automaton","floor":33,"turns":10},{"damage":0,"enemies":"Orb Walker","floor":35,"turns":2},{"damage":0,"enemies":"3 Darklings","floor":38,"turns":2},{"damage":0,"enemies":"Sphere and 2 Shapes","floor":39,"turns":3},{"damage":0,"enemies":"Reptomancer","floor":40,"turns":2},{"damage":0,"enemies":"Giant Head","floor":41,"turns":4},{"damage":0,"enemies":"2 Orb Walkers","floor":42,"turns":2},{"damage":0,"enemies":"Reptomancer","floor":45,"turns":2},{"damage":0,"enemies":"Nemesis","floor":48,"turns":3},{"damage":0,"enemies":"Awakened One","floor":50,"turns":3},{"damage":0,"enemies":"Time Eater","floor":51,"turns":7},{"damage":0,"enemies":"Shield and Spear","floor":55,"turns":1},{"damage":14,"enemies":"The Heart","floor":56,"turns":6}],"seed_played":"8481075338250319929","potions_obtained":[{"floor":2.0,"key":"AttackPotion"},{"floor":7.0,"key":"Poison Potion"},{"floor":10.0,"key":"AttackPotion"},{"floor":16.0,"key":"FairyPotion"},{"floor":23.0,"key":"Weak Potion"},{"floor":25.0,"key":"FearPotion"},{"floor":40,"key":"Dexterity Potion"}],"is_trial":false,"path_per_floor":["M","M","?","?","$","R","E","$","T","E","M","E","M","M","R","B",null,"M","M","$","?","?","E","R","E","T","E","E","M","?","M","R","B",null,"M","$","?","M","M","E","E","?","T","R","E","$","R","E","R","B","B",null,"R","$","E","B",null],"character_chosen":"THE_SILENT","items_purchased":["Apotheosis","Acrobatics","Eviscerate","Outmaneuver","Gremlin Horn","Well Laid Plans+1"],"campfire_rested":0,"item_purchase_floors":[5,5,8,20,36,36],"current_hp_per_floor":[59,59,52,52,52,52,52,52,52,50,50,48,48,48,48,17,54,54,54,54,54,34,17,17,14,14,26,38,38,38,38,38,38,59,59,59,59,59,59,59,59,73,73,73,73,73,73,75,75,75,75,80,80,80,80,66],"gold":44,"neow_bonus":"THREE_ENEMY_KILL","is_prod":false,"is_daily":false,"chose_seed":false,"campfire_upgraded":2,"win_rate":0,"timestamp":1553916990,"path_taken":["M","M","?","?","$","R","E","?","T","E","M","E","M","M","R","BOSS","M","M","$","?","?","E","R","E","T","E","E","M","?","M","R","BOSS","M","$","?","M","M","E","E","?","T","R","E","?","R","E","R","BOSS","BOSS","R","$","E","BOSS"],"build_version":"2019-01-23","purchased_purges":4,"victory":true,"max_hp_per_floor":[66,66,66,66,66,66,66,66,66,66,66,66,66,66,66,66,66,66,66,66,66,66,66,66,66,66,66,66,66,66,66,66,66,66,66,66,66,66,66,66,66,80,80,80,80,80,80,82,82,82,82,82,82,82,82,82],"card_choices":[{"not_picked":["Prepared","Bane","Dodge and Roll"],"picked":"SKIP","floor":1.0},{"not_picked":["Poisoned Stab","Concentrate"],"picked":"Calculated Gamble","floor":2.0},{"not_picked":["Endless Agony","Noxious Fumes"],"picked":"Masterful Stab","floor":7.0},{"not_picked":["Bane","All Out Attack"],"picked":"Prepared","floor":10.0},{"not_picked":["Blur","Underhanded Strike","Outmaneuver"],"picked":"SKIP","floor":11.0},{"not_picked":["Dodge and Roll","Choke"],"picked":"Footwork","floor":12.0},{"not_picked":["PiercingWail","Calculated Gamble","Expertise"],"picked":"SKIP","floor":13.0},{"not_picked":["Dagger Spray","Crippling Poison"],"picked":"Acrobatics","floor":14.0},{"not_picked":["Doppelganger","Venomology"],"picked":"Malaise","floor":16.0},{"not_picked":["Expertise","Masterful Stab","Slice"],"picked":"SKIP","floor":18.0},{"not_picked":["Deadly Poison","Slice","Poisoned Stab"],"picked":"SKIP","floor":19.0},{"not_picked":["Eviscerate","Dodge and Roll","Sucker Punch"],"picked":"SKIP","floor":23.0},{"not_picked":["Eviscerate","Dodge and Roll","Sucker Punch"],"picked":"SKIP","floor":23.0},{"not_picked":["Distraction","Dodge and Roll"],"picked":"After Image+1","floor":25.0},{"not_picked":["Deflect","Blade Dance","Acrobatics"],"picked":"SKIP","floor":27},{"not_picked":["Deflect","Blade Dance","Acrobatics"],"picked":"SKIP","floor":27},{"not_picked":["Deadly Poison","Underhanded Strike","Quick Slash+1"],"picked":"SKIP","floor":28},{"not_picked":["Heel Hook+1","Expertise","Prepared"],"picked":"SKIP","floor":29},{"not_picked":["Sucker Punch","Acrobatics","Underhanded Strike"],"picked":"SKIP","floor":31},{"not_picked":["Glass Knife","Bullet Time+1"],"picked":"Grand Finale","floor":33},{"not_picked":["Cloak And Dagger+1","Setup+1","Slice"],"picked":"SKIP","floor":35},{"not_picked":["Dash","Sucker Punch","Choke"],"picked":"SKIP","floor":38},{"not_picked":["Dagger Spray+1","Bane","Distraction+1"],"picked":"SKIP","floor":39},{"not_picked":["Dodge and Roll+1","Bane","Slice+1"],"picked":"SKIP","floor":40},{"not_picked":["Cloak And Dagger+1","Backstab"],"picked":"Well Laid Plans+1","floor":41},{"not_picked":["Accuracy+1","Noxious Fumes+1"],"picked":"Tactician+1","floor":42},{"not_picked":["Backstab","Poisoned Stab+1"],"picked":"Acrobatics+1","floor":45},{"not_picked":["Cloak And Dagger+1","Poisoned Stab+1","Predator"],"picked":"Singing Bowl","floor":48},{"not_picked":["Malaise+1","Prepared+1"],"picked":"Tactician+1","floor":55}],"player_experience":2887509,"relics_obtained":[{"floor":7.0,"key":"Bottled Lightning"},{"floor":9.0,"key":"WingedGreaves"},{"floor":10.0,"key":"Matryoshka"},{"floor":12.0,"key":"Mummified Hand"},{"floor":22.0,"key":"Shovel"},{"floor":22.0,"key":"Ninja Scroll"},{"floor":23.0,"key":"Frozen Egg 2"},{"floor":24.0,"key":"Orichalcum"},{"floor":25.0,"key":"Meat on the Bone"},{"floor":26.0,"key":"Omamori"},{"floor":27,"key":"Paper Crane"},{"floor":28,"key":"Oddly Smooth Stone"},{"floor":32,"key":"Toxic Egg 2"},{"floor":40,"key":"Tiny Chest"},{"floor":41,"key":"Vajra"},{"floor":42,"key":"Mango"},{"floor":43,"key":"Lantern"},{"floor":43,"key":"Bag of Marbles"},{"floor":44,"key":"War Paint"},{"floor":45,"key":"Singing Bowl"},{"floor":47,"key":"Kunai"},{"floor":48,"key":"Anchor"},{"floor":53,"key":"Ornamental Fan"},{"floor":55,"key":"Centennial Puzzle"}],"event_choices":[{"cards_removed":["Strike_G"],"damage_healed":0.0,"max_hp_gain":0.0,"max_hp_loss":0.0,"gold_gain":0.0,"event_name":"Golden Wing","player_choice":"Card Removal","floor":3.0,"gold_loss":0.0,"damage_taken":7.0},{"damage_healed":0.0,"max_hp_gain":0.0,"max_hp_loss":0.0,"gold_gain":150.0,"event_name":"Liars Game","player_choice":"AGREE","floor":4.0,"gold_loss":0.0,"damage_taken":0.0,"cards_obtained":["Doubt"]},{"damage_healed":0.0,"max_hp_gain":0.0,"max_hp_loss":0.0,"gold_gain":0.0,"event_name":"Ghosts","player_choice":"Ignored","floor":21.0,"gold_loss":0.0,"damage_taken":0.0},{"damage_healed":0.0,"max_hp_gain":0.0,"max_hp_loss":0.0,"gold_gain":0.0,"event_name":"Colosseum","player_choice":"Fight","floor":22.0,"gold_loss":0.0,"damage_taken":0.0},{"damage_healed":0.0,"max_hp_gain":0.0,"max_hp_loss":0.0,"gold_gain":0.0,"event_name":"Colosseum","player_choice":"Fought Nobs","floor":22.0,"gold_loss":0.0,"damage_taken":0.0},{"damage_healed":0,"gold_gain":0,"cards_transformed":["Strike_G","Strike_G"],"player_choice":"Became Test Subject","damage_taken":0,"max_hp_gain":0,"max_hp_loss":0,"event_name":"Drug Dealer","floor":30,"gold_loss":0,"cards_obtained":["After Image","A Thousand Cuts"]},{"damage_healed":0,"gold_gain":0,"player_choice":"Paid","damage_taken":0,"relics_obtained":["Red Mask"],"max_hp_gain":0,"max_hp_loss":0,"event_name":"Tomb of Lord Red Mask","floor":37,"gold_loss":33},{"damage_healed":0,"gold_gain":0,"player_choice":"Fight","damage_taken":0,"max_hp_gain":0,"max_hp_loss":0,"event_name":"Mysterious Sphere","floor":42,"gold_loss":0}],"is_beta":false,"boss_relics":[{"not_picked":["Philosopher\u0027s Stone","Orrery"],"picked":"Coffee Dripper"},{"not_picked":["Eternal Feather","Fusion Hammer"],"picked":"Astrolabe"}],"items_purged_floors":[20,36,46,54],"is_endless":false,"potions_floor_spawned":[2,7,10,16,22,23,25,35,40,48],"ascension_level":20}