{"gold_per_floor":[112,129,146,156,156,156,182,192,192,221,55,70,82,109,109,183,183,198,142,142,172,112,137,150,180,259,259,275,300,332,371,383,469,481,512,746,445,445,460,460,489,489,489,515,62,72,72,85,85,85,85],"floor_reached":52,"playtime":2427,"items_purged":[],"score":2445,"play_id":"4b028b54-ae73-4291-8d50-e7c7ba49bef3","local_time":"20181014213644","daily_mods":["SealedDeck"],"is_ascension_mode":true,"campfire_choices":[{"data":"Go for the Eyes","floor":6.0,"key":"SMITH"},{"data":"Defragment","floor":15.0,"key":"SMITH"},{"data":"Beam Cell","floor":27.0,"key":"SMITH"},{"data":"Capacitor","floor":32.0,"key":"SMITH"},{"data":"Biased Cognition","floor":40,"key":"SMITH"},{"data":"Barrage","floor":42,"key":"SMITH"},{"floor":49,"key":"REST"}],"neow_cost":"","seed_source_timestamp":50959659497451,"circlet_count":0,"master_deck":["AscendersBane","Barrage+1","Reinforced Body","Gash+1","Compile Driver","Beam Cell+1","Defragment+1","Go for the Eyes+1","Cold Snap+1","Cold Snap","Glacier","Ball Lightning","Ball Lightning","FTL","Capacitor+1","Biased Cognition+1","Conserve Battery+1","Core Surge","Hologram+1","All For One"],"special_seed":0,"relics":["Cracked Core","Singing Bowl","Sundial","Toxic Egg 2","Anchor","Centennial Puzzle","Black Star","Red Mask","DataDisk","Bronze Scales","Cables","Blue Candle","Gremlin Horn","MawBank","Juzu Bracelet","Happy Flower","Whetstone","Inserter","Membership Card","Omamori","Mercury Hourglass","Kunai","Symbiotic Virus","Blood Vial","Dream Catcher","Mango","Orichalcum","HandDrill","FossilizedHelix"],"potions_floor_usage":[50,51],"damage_taken":[{"damage":0.0,"enemies":"Small Slimes","floor":1.0,"turns":3.0},{"damage":0.0,"enemies":"Jaw Worm","floor":2.0,"turns":2.0},{"damage":0.0,"enemies":"2 Louse","floor":3.0,"turns":3.0},{"damage":0.0,"enemies":"Blue Slaver","floor":4.0,"turns":3.0},{"damage":0.0,"enemies":"Gremlin Nob","floor":7.0,"turns":3.0},{"damage":0.0,"enemies":"Looter","floor":8.0,"turns":2.0},{"damage":0.0,"enemies":"Lagavulin","floor":10.0,"turns":6.0},{"damage":0.0,"enemies":"2 Fungi Beasts","floor":12.0,"turns":3.0},{"damage":0.0,"enemies":"Red Slaver","floor":13.0,"turns":2.0},{"damage":4.0,"enemies":"Gremlin Nob","floor":14.0,"turns":3.0},{"damage":17.0,"enemies":"Hexaghost","floor":16.0,"turns":7.0},{"damage":13.0,"enemies":"3 Byrds","floor":18.0,"turns":4.0},{"damage":0.0,"enemies":"Masked Bandits","floor":21.0,"turns":2.0},{"damage":7.0,"enemies":"Book of Stabbing","floor":23.0,"turns":4.0},{"damage":0.0,"enemies":"Spheric Guardian","floor":24.0,"turns":4.0},{"damage":23.0,"enemies":"Slavers","floor":25.0,"turns":7.0},{"damage":4.0,"enemies":"3 Cultists","floor":28.0,"turns":3.0},{"damage":5.0,"enemies":"Book of Stabbing","floor":29.0,"turns":4.0},{"damage":0.0,"enemies":"Centurion and Healer","floor":30.0,"turns":4.0},{"damage":0.0,"enemies":"Gremlin Leader","floor":31.0,"turns":4.0},{"damage":0.0,"enemies":"Collector","floor":33.0,"turns":9.0},{"damage":15.0,"enemies":"3 Darklings","floor":35.0,"turns":4.0},{"damage":0,"enemies":"3 Shapes","floor":39,"turns":4},{"damage":16,"enemies":"Giant Head","floor":41,"turns":6},{"damage":0,"enemies":"Nemesis","floor":44,"turns":5},{"damage":0,"enemies":"3 Darklings","floor":46,"turns":3},{"damage":0,"enemies":"Maw","floor":48,"turns":6},{"damage":16,"enemies":"Donu and Deca","floor":50,"turns":7},{"damage":12,"enemies":"Awakened One","floor":51,"turns":9}],"seed_played":"7315833437076883982","potions_obtained":[{"floor":1.0,"key":"PowerPotion"},{"floor":4.0,"key":"Energy Potion"},{"floor":8.0,"key":"FearPotion"},{"floor":16.0,"key":"Regen Potion"},{"floor":25.0,"key":"FearPotion"},{"floor":29.0,"key":"Weak Potion"}],"is_trial":true,"path_per_floor":["M","M","M","M","?","R","E","M","T","E","$","M","M","E","R","B",null,"M","$","?","?","$","E","M","E","T","R","M","E","M","E","R","B",null,"M","?","$","?","M","R","E","R","T","E","$","M","T","M","R","B","B"],"character_chosen":"DEFECT","items_purchased":["Anchor","Conserve Battery+1","Strength Potion","Membership Card","Omamori","Mango","All For One","Orichalcum","HandDrill","PowerPotion"],"campfire_rested":1,"item_purchase_floors":[11,19,22,37,37,45,45,45,45,45],"current_hp_per_floor":[64,64,64,64,64,64,64,66,66,66,66,68,70,66,66,49,70,59,59,59,61,61,56,58,52,52,52,50,47,47,49,49,51,84,69,69,69,69,71,71,57,57,57,59,73,77,77,81,118,104,94],"gold":85,"neow_bonus":"","is_prod":false,"is_daily":false,"chose_seed":false,"campfire_upgraded":6,"win_rate":0,"timestamp":1539578204,"path_taken":["M","M","M","M","?","R","E","M","T","E","$","M","M","E","R","BOSS","M","$","?","?","$","E","M","E","T","R","M","E","M","E","R","BOSS","M","?","$","?","M","R","E","R","T","E","$","M","?","M","R","BOSS","BOSS"],"build_version":"2018-10-11","purchased_purges":0,"victory":true,"max_hp_per_floor":[71,71,71,71,71,71,71,73,73,73,73,75,77,77,77,77,77,79,79,79,81,81,83,85,87,87,87,89,91,91,93,93,95,95,95,95,95,95,97,97,99,99,99,101,115,117,117,119,121,121,121],"card_choices":[{"not_picked":["Stack","Redo","Leap"],"picked":"SKIP","floor":1.0},{"not_picked":["Lockon","Loop","Melter"],"picked":"SKIP","floor":2.0},{"not_picked":["Leap","Streamline"],"picked":"Glacier","floor":3.0},{"not_picked":["Stack","Gash"],"picked":"Ball Lightning","floor":4.0},{"not_picked":["Turbo","Cold Snap"],"picked":"Ball Lightning","floor":7.0},{"not_picked":["Skim","Recycle","Echo Form"],"picked":"Singing Bowl","floor":8.0},{"not_picked":["Steam","Hello World"],"picked":"FTL","floor":10.0},{"not_picked":["Barrage","Compile Driver","Go for the Eyes"],"picked":"Singing Bowl","floor":12.0},{"not_picked":["Defragment","White Noise+1","Beam Cell"],"picked":"Singing Bowl","floor":13.0},{"not_picked":["Barrage","Cold Snap"],"picked":"Capacitor","floor":14.0},{"not_picked":["Fission+1","Seek+1"],"picked":"Biased Cognition","floor":16.0},{"not_picked":["Self Repair","Go for the Eyes","Double Energy+1"],"picked":"Singing Bowl","floor":18.0},{"not_picked":["Barrage+1","Rebound","Cold Snap"],"picked":"Singing Bowl","floor":21.0},{"not_picked":["Self Repair","BootSequence+1","Tempest+1"],"picked":"Singing Bowl","floor":23.0},{"not_picked":["Streamline","Turbo+1","Scrape+1"],"picked":"Singing Bowl","floor":24.0},{"not_picked":["Capacitor","Turbo+1","Recycle+1"],"picked":"Singing Bowl","floor":25.0},{"not_picked":["Beam Cell","Static Discharge","Turbo+1"],"picked":"Singing Bowl","floor":28.0},{"not_picked":["Redo+1","Compile Driver+1","Undo+1"],"picked":"Singing Bowl","floor":29.0},{"not_picked":["Coolheaded+1","Barrage+1"],"picked":"Core Surge","floor":30.0},{"not_picked":["Steam Power+1","Streamline","Capacitor"],"picked":"Singing Bowl","floor":31.0},{"not_picked":["Buffer","Multi-Cast+1","Fission+1"],"picked":"Singing Bowl","floor":33.0},{"not_picked":["Go for the Eyes","Sunder+1"],"picked":"Hologram+1","floor":35.0},{"not_picked":["Beam Cell","Streamline","Double Energy+1"],"picked":"Singing Bowl","floor":39},{"not_picked":["Barrage","Double Energy+1","BootSequence+1"],"picked":"Singing Bowl","floor":41},{"not_picked":["Ball Lightning","Turbo+1","BootSequence+1"],"picked":"Singing Bowl","floor":44},{"not_picked":["Stack+1","Rebound+1","Gash"],"picked":"Singing Bowl","floor":46},{"not_picked":["Steam+1","Turbo+1","Beam Cell"],"picked":"Singing Bowl","floor":48},{"not_picked":["Steam+1","Redo+1","Turbo+1"],"picked":"Singing Bowl","floor":49}],"player_experience":1354185,"relics_obtained":[{"floor":7.0,"key":"Singing Bowl"},{"floor":9.0,"key":"Sundial"},{"floor":10.0,"key":"Toxic Egg 2"},{"floor":14.0,"key":"Centennial Puzzle"},{"floor":21.0,"key":"Red Mask"},{"floor":23.0,"key":"DataDisk"},{"floor":23.0,"key":"Bronze Scales"},{"floor":25.0,"key":"Cables"},{"floor":25.0,"key":"Blue Candle"},{"floor":26.0,"key":"Gremlin Horn"},{"floor":29.0,"key":"MawBank"},{"floor":29.0,"key":"Juzu Bracelet"},{"floor":31.0,"key":"Happy Flower"},{"floor":31.0,"key":"Whetstone"},{"floor":41,"key":"Mercury Hourglass"},{"floor":41,"key":"Kunai"},{"floor":43,"key":"Symbiotic Virus"},{"floor":44,"key":"Blood Vial"},{"floor":44,"key":"Dream Catcher"},{"floor":47,"key":"FossilizedHelix"}],"event_choices":[{"event_name":"Liars Game","player_choice":"disagreed","floor":5.0,"damage_taken":0.0},{"event_name":"The Mausoleum","player_choice":"No","floor":20.0,"damage_taken":0.0},{"event_name":"Masked Bandits","player_choice":"Fought Bandits","floor":21.0,"damage_taken":0.0},{"event_name":"Tomb of Lord Red Mask","player_choice":"Wore Mask","floor":36.0,"damage_taken":0.0},{"event_name":"Falling","player_choice":"Removed Skill","floor":38,"damage_taken":0}],"is_beta":false,"boss_relics":[{"not_picked":["Tiny House","Coffee Dripper"],"picked":"Black Star"},{"not_picked":["White Beast Statue","Eternal Feather"],"picked":"Inserter"}],"items_purged_floors":[],"is_endless":false,"potions_floor_spawned":[1,4,8,12,16,18,25,29,31,35,48],"ascension_level":20}