{"gold_per_floor":[114,36,36,48,48,48,78,78,151,151,151,166,176,202,202,276,276,287,287],"floor_reached":19,"playtime":863,"items_purged":[],"score":350,"play_id":"d7ed62e5-2133-490d-a4f0-73775da18326","local_time":"20190413205444","is_ascension_mode":true,"campfire_choices":[{"data":"Bouncing Flask","floor":6.0,"key":"SMITH"},{"data":"Catalyst","floor":8.0,"key":"SMITH"},{"data":"Night Terror","floor":15,"key":"SMITH"}],"neow_cost":"TEN_PERCENT_HP_LOSS","seed_source_timestamp":0,"circlet_count":0,"master_deck":["AscendersBane","Defend_G+1","Defend_G","Defend_G+1","Defend_G","Strike_G","Strike_G","Strike_G","Survivor","Neutralize","Catalyst+1","Bouncing Flask+1","Calculated Gamble","Doppelganger","Setup","Night Terror+1","Burst"],"special_seed":0,"relics":["Ring of the Snake","Ornamental Fan","Shuriken","Boot","Snecko Eye"],"potions_floor_usage":[14,16],"damage_taken":[{"damage":0.0,"enemies":"2 Louse","floor":1.0,"turns":4.0},{"damage":0.0,"enemies":"Cultist","floor":4.0,"turns":3.0},{"damage":21.0,"enemies":"Gremlin Nob","floor":7.0,"turns":4.0},{"damage":0.0,"enemies":"Jaw Worm","floor":12.0,"turns":4.0},{"damage":2.0,"enemies":"Lots of Slimes","floor":13.0,"turns":2.0},{"damage":29,"enemies":"3 Sentries","floor":14,"turns":13},{"damage":1,"enemies":"Hexaghost","floor":16,"turns":4},{"damage":8,"enemies":"Shell Parasite","floor":18,"turns":3},{"damage":40,"enemies":"3 Byrds","floor":19,"turns":7}],"seed_played":"-4576070618429677835","potions_obtained":[{"floor":1.0,"key":"Dexterity Potion"},{"floor":7.0,"key":"Explosive Potion"},{"floor":14,"key":"PowerPotion"}],"is_trial":false,"path_per_floor":["M","$","?","M","?","R","E","R","T","?","?","M","M","E","R","B",null,"M","M"],"character_chosen":"THE_SILENT","items_purchased":["Bouncing Flask"],"campfire_rested":0,"item_purchase_floors":[2],"current_hp_per_floor":[59,59,41,41,60,60,39,39,39,39,39,39,37,8,8,7,47,39,0],"gold":287,"neow_bonus":"REMOVE_TWO","is_prod":false,"is_daily":false,"chose_seed":true,"campfire_upgraded":3,"win_rate":0,"timestamp":1555160084,"path_taken":["M","$","?","M","?","R","E","R","T","?","?","M","M","E","R","BOSS","M","M"],"build_version":"2019-01-23","purchased_purges":0,"victory":false,"max_hp_per_floor":[60,60,60,60,60,60,60,60,60,60,60,60,60,60,60,60,60,60,60],"card_choices":[{"not_picked":["Eviscerate","Well Laid Plans"],"picked":"Catalyst","floor":1.0},{"not_picked":["Sucker Punch","Flechettes","Outmaneuver"],"picked":"SKIP","floor":4.0},{"not_picked":["Poisoned Stab","Blur"],"picked":"Calculated Gamble","floor":7.0},{"not_picked":["Outmaneuver","Dodge and Roll","Flying Knee"],"picked":"SKIP","floor":12.0},{"not_picked":["Slice","Expertise","Sucker Punch"],"picked":"SKIP","floor":13.0},{"not_picked":["PiercingWail","Reflex"],"picked":"Night Terror","floor":14},{"not_picked":["Unload","Malaise"],"picked":"Burst","floor":16},{"not_picked":["Dagger Throw","Flying Knee","Underhanded Strike"],"picked":"SKIP","floor":18}],"player_experience":2967318,"relics_obtained":[{"floor":7.0,"key":"Ornamental Fan"},{"floor":9.0,"key":"Shuriken"},{"floor":14,"key":"Boot"}],"event_choices":[{"damage_healed":0.0,"max_hp_gain":0.0,"max_hp_loss":0.0,"gold_gain":0.0,"event_name":"Shining Light","player_choice":"Entered Light","floor":3.0,"gold_loss":0.0,"damage_taken":18.0,"cards_upgraded":["Defend_G","Defend_G"]},{"damage_healed":20.0,"max_hp_gain":0.0,"max_hp_loss":0.0,"gold_gain":0.0,"event_name":"Big Fish","player_choice":"Banana","floor":5.0,"gold_loss":0.0,"damage_taken":0.0},{"damage_healed":0.0,"max_hp_gain":0.0,"max_hp_loss":0.0,"gold_gain":0.0,"cards_transformed":["Strike_G"],"event_name":"Living Wall","player_choice":"Change","floor":10.0,"gold_loss":0.0,"damage_taken":0.0,"cards_obtained":["Doppelganger"]},{"damage_healed":0.0,"max_hp_gain":0.0,"max_hp_loss":0.0,"gold_gain":0.0,"event_name":"Match and Keep!","player_choice":"1 cards matched","floor":11.0,"gold_loss":0.0,"damage_taken":0.0,"cards_obtained":["Setup"]},{"damage_healed":0.0,"max_hp_gain":0.0,"max_hp_loss":0.0,"gold_gain":0.0,"event_name":"Match and Keep!","player_choice":"1 cards matched","floor":11.0,"gold_loss":0.0,"damage_taken":0.0,"cards_obtained":["Setup"]},{"damage_healed":0.0,"max_hp_gain":0.0,"max_hp_loss":0.0,"gold_gain":0.0,"event_name":"Match and Keep!","player_choice":"1 cards matched","floor":11.0,"gold_loss":0.0,"damage_taken":0.0,"cards_obtained":["Setup"]}],"is_beta":false,"boss_relics":[{"not_picked":["Runic Pyramid","Busted Crown"],"picked":"Snecko Eye"}],"items_purged_floors":[],"is_endless":false,"potions_floor_spawned":[1,7,12,14],"killed_by":"3 Byrds","ascension_level":15}