{"gold_per_floor":[116,191,191,204,84,84,103,103,126,51,51,67,101,119,119,195,195,211,211,230,230],"floor_reached":21,"playtime":712,"items_purged":["Strike_B"],"score":313,"play_id":"fa54611f-8c87-4393-b1db-b01ba8a05f54","local_time":"20180919160626","is_ascension_mode":true,"campfire_choices":[{"data":"Dualcast","floor":6,"key":"SMITH"},{"data":"Chill","floor":8,"key":"SMITH"},{"data":"Go for the Eyes","floor":15,"key":"SMITH"}],"neow_cost":"NONE","seed_source_timestamp":15970602975333,"circlet_count":0,"master_deck":["Strike_B","Strike_B","Strike_B","Defend_B","Defend_B","Defend_B","Defend_B","Zap+1","Dualcast+1","AscendersBane","Doom and Gloom","Cold Snap","Capacitor","Chill+1","Leap","Ball Lightning","Go for the Eyes+1","Creative AI","Conserve Battery+1","Leap"],"relics":["Cracked Core","Art of War","Juzu Bracelet","Oddly Smooth Stone","Runic Dome"],"potions_floor_usage":[16,20],"damage_taken":[{"damage":0,"enemies":"Small Slimes","floor":1,"turns":2},{"damage":0,"enemies":"2 Louse","floor":4,"turns":2},{"damage":1,"enemies":"Cultist","floor":7,"turns":4},{"damage":6,"enemies":"Exordium Thugs","floor":12,"turns":6},{"damage":6,"enemies":"Lagavulin","floor":13,"turns":6},{"damage":1,"enemies":"Looter","floor":14,"turns":3},{"damage":4,"enemies":"Hexaghost","floor":16,"turns":10},{"damage":31,"enemies":"Chosen","floor":18,"turns":6},{"damage":20,"enemies":"Spheric Guardian","floor":20,"turns":6},{"damage":18,"enemies":"Masked Bandits","floor":21,"turns":3}],"seed_played":"-3870064681611521988","potions_obtained":[{"floor":1,"key":"SkillPotion"},{"floor":4,"key":"SpeedPotion"}],"is_trial":false,"path_per_floor":["M","?","?","M","$","R","M","R","T","$","?","M","E","M","R","B",null,"M","?","M"],"character_chosen":"DEFECT","items_purchased":["Capacitor","Chill"],"campfire_rested":0,"item_purchase_floors":[5,5],"current_hp_per_floor":[64,53,53,53,53,53,52,52,52,52,52,46,40,39,39,35,62,31,31,11,0],"gold":230,"neow_bonus":"RANDOM_COMMON_RELIC","is_prod":false,"is_daily":false,"chose_seed":false,"campfire_upgraded":3,"win_rate":0,"timestamp":1537398386,"path_taken":["M","?","?","M","$","R","M","R","T","$","?","M","E","M","R","BOSS","M","?","M","?"],"build_version":"2018-09-06","purchased_purges":1,"victory":false,"max_hp_per_floor":[71,71,71,71,71,71,71,71,71,71,71,71,71,71,71,71,71,71,71,71,71],"card_choices":[{"not_picked":["Rebound","Scrape"],"picked":"Doom and Gloom","floor":1},{"not_picked":["Capacitor","Rebound"],"picked":"Cold Snap","floor":4},{"not_picked":["Beam Cell","Reinforced Body"],"picked":"Leap","floor":7},{"not_picked":["Beam Cell","Hologram"],"picked":"Ball Lightning","floor":12},{"not_picked":["Darkness","Cold Snap","Force Field"],"picked":"SKIP","floor":13},{"not_picked":["Sunder","Leap"],"picked":"Go for the Eyes","floor":14},{"not_picked":["Buffer","Multi-Cast"],"picked":"Creative AI","floor":16},{"not_picked":["Streamline+1","Doom and Gloom"],"picked":"Conserve Battery+1","floor":18},{"not_picked":["Hello World","Skim"],"picked":"Leap","floor":20}],"player_experience":1169441,"relics_obtained":[{"floor":9,"key":"Juzu Bracelet"},{"floor":13,"key":"Oddly Smooth Stone"}],"event_choices":[{"event_name":"World of Goop","player_choice":"Gather Gold","floor":2,"damage_taken":0},{"event_name":"Living Wall","player_choice":"Grow","floor":3,"damage_taken":0},{"event_name":"The Cleric","player_choice":"Leave","floor":11,"damage_taken":0},{"event_name":"Beggar","player_choice":"Ignored","floor":19,"damage_taken":0},{"event_name":"Masked Bandits","player_choice":"Fought Bandits","floor":21,"damage_taken":0}],"is_beta":false,"boss_relics":[{"not_picked":["Pandora\u0027s Box","Black Star"],"picked":"Runic Dome"}],"items_purged_floors":[10],"is_endless":false,"potions_floor_spawned":[1,4,13],"killed_by":"Masked Bandits","ascension_level":15}