{"gold_per_floor":[113,113,113,113,38,38,65,11,36,36,48,58,78,108,108,183,183,196,196,196,196,216,216,226,251,251,276,201,269,5,55,55,129,129,147,147,160,160,186,214,214,214,239,252,127,155,155,170,170,170,170,170,170,20,54,54],"floor_reached":57,"playtime":3787,"items_purged":["Strike_G","Strike_G","Finisher","Leg Sweep+1"],"score":3454,"play_id":"9ac4b0eb-8f4b-4e99-93fe-d80402dd699c","local_time":"20190408160636","is_ascension_mode":true,"campfire_choices":[{"floor":6.0,"key":"REST"},{"floor":10.0,"key":"REST"},{"floor":15.0,"key":"REST"},{"floor":23.0,"key":"REST"},{"floor":32.0,"key":"RECALL"},{"data":"Eviscerate","floor":41.0,"key":"SMITH"},{"data":"Survivor","floor":47,"key":"SMITH"},{"data":"Predator","floor":49,"key":"SMITH"},{"floor":53,"key":"REST"}],"neow_cost":"PERCENT_DAMAGE","seed_source_timestamp":2648339644900,"circlet_count":0,"master_deck":["AscendersBane","Survivor+1","Neutralize+1","Bouncing Flask+1","Acrobatics+1","Escape Plan+1","Crippling Poison+1","PiercingWail+1","Backflip+1","Venomology+1","Calculated Gamble+1","Tactician+1","Prepared+1","Deflect+1","Burst+1","Backstab","Predator+1","Accuracy","Dodge and Roll+1","Setup+1","Eviscerate+1","Concentrate+1","Expertise+1","Malaise+1"],"special_seed":0,"relics":["Ring of the Snake","Shuriken","Toxic Egg 2","Anchor","Whetstone","Runic Pyramid","Paper Crane","Gremlin Horn","War Paint","Mercury Hourglass","Potion Belt","Pandora\u0027s Box","Torii","Pen Nib","Bottled Lightning","Strawberry"],"potions_floor_usage":[44,46,48,50,51,51,55,56,56,56,56,56,56,56,56,56],"damage_taken":[{"damage":0.0,"enemies":"Small Slimes","floor":1.0,"turns":5.0},{"damage":17.0,"enemies":"Lagavulin","floor":7.0,"turns":6.0},{"damage":0.0,"enemies":"2 Louse","floor":11.0,"turns":3.0},{"damage":0.0,"enemies":"Jaw Worm","floor":12.0,"turns":3.0},{"damage":7.0,"enemies":"2 Fungi Beasts","floor":13.0,"turns":3.0},{"damage":34.0,"enemies":"3 Sentries","floor":14.0,"turns":11.0},{"damage":24.0,"enemies":"Slime Boss","floor":16.0,"turns":6.0},{"damage":2.0,"enemies":"2 Thieves","floor":18.0,"turns":5.0},{"damage":0.0,"enemies":"Shell Parasite","floor":22.0,"turns":4.0},{"damage":0.0,"enemies":"Centurion and Healer","floor":24.0,"turns":6.0},{"damage":10.0,"enemies":"Slavers","floor":25.0,"turns":5.0},{"damage":0.0,"enemies":"Book of Stabbing","floor":27.0,"turns":6.0},{"damage":0.0,"enemies":"Automaton","floor":33.0,"turns":10.0},{"damage":0.0,"enemies":"3 Darklings","floor":35.0,"turns":2.0},{"damage":0.0,"enemies":"3 Shapes","floor":37.0,"turns":3.0},{"damage":0.0,"enemies":"Reptomancer","floor":40.0,"turns":4.0},{"damage":14,"enemies":"Spire Growth","floor":44,"turns":5},{"damage":0,"enemies":"Giant Head","floor":46,"turns":4},{"damage":0,"enemies":"Jaw Worm Horde","floor":48,"turns":3},{"damage":0,"enemies":"Awakened One","floor":50,"turns":5},{"damage":0,"enemies":"Donu and Deca","floor":51,"turns":5},{"damage":0,"enemies":"Shield and Spear","floor":55,"turns":5},{"damage":77,"enemies":"The Heart","floor":56,"turns":9}],"seed_played":"-7916338978619145285","potions_obtained":[{"floor":1.0,"key":"SpeedPotion"},{"floor":14.0,"key":"EssenceOfSteel"},{"floor":16.0,"key":"Poison Potion"},{"floor":33.0,"key":"Fire Potion"},{"floor":55,"key":"SteroidPotion"}],"is_trial":false,"path_per_floor":["M","?","?","?","?","R","E","$","T","R","M","M","M","E","R","B",null,"M","?","?","?","M","R","M","E","T","E","$","T","$","?","R","B",null,"M","?","M","?","T","E","R","?","T","M","$","E","R","M","R","B","B",null,"R","$","E","B",null],"character_chosen":"THE_SILENT","items_purchased":["AttackPotion","Potion Belt"],"campfire_rested":5,"item_purchase_floors":[8,30],"current_hp_per_floor":[56,61,36,25,25,49,32,32,32,56,56,56,49,15,39,15,66,64,64,64,64,64,83,83,73,73,73,73,73,73,73,73,73,81,81,81,81,79,79,79,79,79,79,65,65,65,65,65,65,65,65,76,79,79,86,9],"gold":54,"neow_bonus":"TWENTY_PERCENT_HP_BONUS","is_prod":false,"is_daily":false,"chose_seed":false,"campfire_upgraded":3,"win_rate":0,"timestamp":1554710796,"path_taken":["M","?","?","?","?","R","E","?","T","R","M","M","?","E","R","BOSS","M","?","?","?","M","R","M","E","T","E","?","?","$","?","R","BOSS","M","?","?","?","?","E","R","?","T","M","$","E","R","?","R","BOSS","BOSS","R","$","E","BOSS"],"build_version":"2019-04-04","purchased_purges":4,"victory":true,"max_hp_per_floor":[78,83,83,83,83,83,83,83,83,83,83,83,83,83,83,83,83,83,83,83,83,83,83,83,83,83,83,83,83,83,83,83,83,83,83,83,83,79,79,79,79,79,79,79,79,79,79,79,79,79,79,79,79,79,86,86],"card_choices":[{"not_picked":["Crippling Poison","Underhanded Strike"],"picked":"Bouncing Flask","floor":1.0},{"not_picked":["Eviscerate","Quick Slash"],"picked":"Acrobatics","floor":7.0},{"not_picked":["Poisoned Stab","Deadly Poison+1"],"picked":"Escape Plan+1","floor":11.0},{"not_picked":["Outmaneuver+1","Prepared+1"],"picked":"Crippling Poison+1","floor":12.0},{"not_picked":["Deadly Poison+1","All Out Attack"],"picked":"PiercingWail+1","floor":13.0},{"not_picked":["Poisoned Stab","Dagger Throw"],"picked":"Backflip+1","floor":14.0},{"not_picked":["Envenom","A Thousand Cuts"],"picked":"Venomology+1","floor":16.0},{"not_picked":["Dodge and Roll+1","Blade Dance+1"],"picked":"Calculated Gamble+1","floor":18.0},{"not_picked":["Quick Slash+1","Flying Knee"],"picked":"Prepared+1","floor":22.0},{"not_picked":["Deadly Poison+1","Bane"],"picked":"Deflect+1","floor":24.0},{"not_picked":["Underhanded Strike+1","Bouncing Flask+1","Prepared+1"],"picked":"SKIP","floor":25.0},{"not_picked":["Tactician+1","Backflip+1","Expertise+1"],"picked":"SKIP","floor":27.0},{"not_picked":["After Image","Envenom"],"picked":"Burst+1","floor":33.0},{"not_picked":["All Out Attack+1","Bane+1"],"picked":"Concentrate+1","floor":35.0},{"not_picked":["Accuracy","Escape Plan+1","Bouncing Flask+1"],"picked":"SKIP","floor":37.0},{"not_picked":["Deadly Poison+1","Infinite Blades"],"picked":"Expertise+1","floor":40.0},{"not_picked":["Dagger Spray","Prepared+1","Flying Knee"],"picked":"SKIP","floor":44},{"not_picked":["Well Laid Plans","Setup+1","Backflip+1"],"picked":"SKIP","floor":46},{"not_picked":["Well Laid Plans","Setup+1","Backflip+1"],"picked":"SKIP","floor":46},{"not_picked":["Terror+1","Noxious Fumes","Deflect+1"],"picked":"SKIP","floor":48},{"not_picked":["Quick Slash","Finisher+1","Outmaneuver+1"],"picked":"SKIP","floor":55}],"player_experience":1359574,"relics_obtained":[{"floor":7.0,"key":"Toxic Egg 2"},{"floor":9.0,"key":"Anchor"},{"floor":14.0,"key":"Whetstone"},{"floor":25.0,"key":"Paper Crane"},{"floor":26.0,"key":"Gremlin Horn"},{"floor":27.0,"key":"War Paint"},{"floor":29.0,"key":"Mercury Hourglass"},{"floor":40.0,"key":"Torii"},{"floor":43,"key":"Pen Nib"},{"floor":46,"key":"Bottled Lightning"},{"floor":55,"key":"Strawberry"}],"event_choices":[{"damage_healed":0.0,"max_hp_gain":5.0,"max_hp_loss":0.0,"gold_gain":0.0,"event_name":"Big Fish","player_choice":"Donut","floor":2.0,"gold_loss":0.0,"damage_taken":0.0},{"damage_healed":0.0,"max_hp_gain":0.0,"max_hp_loss":0.0,"gold_gain":0.0,"event_name":"Shining Light","player_choice":"Entered Light","floor":3.0,"gold_loss":0.0,"damage_taken":25.0,"cards_upgraded":["Bouncing Flask","Strike_G"]},{"damage_healed":0.0,"max_hp_gain":0.0,"max_hp_loss":0.0,"gold_gain":0.0,"event_name":"Scrap Ooze","player_choice":"Success","floor":4.0,"gold_loss":0.0,"damage_taken":11.0,"relics_obtained":["Shuriken"]},{"damage_healed":0.0,"max_hp_gain":0.0,"max_hp_loss":0.0,"gold_gain":0.0,"event_name":"World of Goop","player_choice":"Left Gold","floor":5.0,"gold_loss":75.0,"damage_taken":0.0},{"damage_healed":0.0,"max_hp_gain":0.0,"max_hp_loss":0.0,"gold_gain":0.0,"event_name":"Vampires","player_choice":"Ignored","floor":19.0,"gold_loss":0.0,"damage_taken":0.0},{"damage_healed":0.0,"max_hp_gain":0.0,"max_hp_loss":0.0,"gold_gain":0.0,"event_name":"The Library","player_choice":"Read","floor":20.0,"gold_loss":0.0,"damage_taken":0.0,"cards_obtained":["Tactician"]},{"damage_healed":0.0,"max_hp_gain":0.0,"max_hp_loss":0.0,"gold_gain":0.0,"event_name":"The Mausoleum","player_choice":"Ignored","floor":21.0,"gold_loss":0.0,"damage_taken":0.0},{"damage_healed":0.0,"max_hp_gain":0.0,"max_hp_loss":0.0,"gold_gain":50.0,"event_name":"Nest","player_choice":"Stole From Cult","floor":31.0,"gold_loss":0.0,"damage_taken":0.0},{"damage_healed":0.0,"max_hp_gain":0.0,"max_hp_loss":0.0,"gold_gain":0.0,"event_name":"Duplicator","player_choice":"Ignored","floor":36.0,"gold_loss":0.0,"damage_taken":0.0},{"damage_healed":0.0,"max_hp_gain":0.0,"max_hp_loss":4.0,"gold_gain":0.0,"event_name":"Winding Halls","player_choice":"Max HP","floor":38.0,"gold_loss":0.0,"damage_taken":0.0},{"damage_healed":0,"gold_gain":0,"player_choice":"1 cards matched","damage_taken":0,"max_hp_gain":0,"max_hp_loss":0,"event_name":"Match and Keep!","floor":42,"gold_loss":0,"cards_obtained":["Malaise"]}],"is_beta":true,"boss_relics":[{"not_picked":["Orrery","Tiny House"],"picked":"Runic Pyramid"},{"not_picked":["Astrolabe","Black Star"],"picked":"Pandora\u0027s Box"}],"items_purged_floors":[28,30,45,54],"is_endless":false,"potions_floor_spawned":[1,12,14,16,22,24,27,33,46,55],"ascension_level":20}