{"gold_per_floor":[117,132,102,121,6,6,25,25,25,60,60,80,94,129,129,204,204,219,269,287,287,287,287,287,287,287,287],"floor_reached":27,"playtime":903,"items_purged":["Strike_B"],"score":542,"play_id":"f62bae5e-4191-4180-8126-69d15719aee4","local_time":"20190107191802","is_ascension_mode":true,"campfire_choices":[{"data":"Doom and Gloom","floor":6.0,"key":"SMITH"},{"data":"Dualcast","floor":8.0,"key":"SMITH"},{"data":"Consume","floor":11.0,"key":"SMITH"},{"data":"Lockon","floor":15.0,"key":"SMITH"},{"data":"Sunder","floor":23.0,"key":"SMITH"}],"neow_cost":"PERCENT_DAMAGE","seed_source_timestamp":15438584658960,"circlet_count":0,"master_deck":["AscendersBane","Strike_B","Strike_B","Strike_B","Defend_B","Defend_B","Defend_B","Defend_B","Zap","Dualcast+1","Coolheaded","Consume+1","Doom and Gloom+1","Compile Driver","Sunder+1","Lockon+1","Creative AI","Recycle","Decay","Writhe"],"special_seed":0,"relics":["Cracked Core","Bottled Lightning","StoneCalendar","FossilizedHelix","Snecko Eye","Cables","Darkstone Periapt"],"potions_floor_usage":[27],"damage_taken":[{"damage":7.0,"enemies":"Jaw Worm","floor":1.0,"turns":3.0},{"damage":0.0,"enemies":"Cultist","floor":2.0,"turns":4.0},{"damage":15.0,"enemies":"2 Louse","floor":4.0,"turns":4.0},{"damage":2.0,"enemies":"Looter","floor":7.0,"turns":3.0},{"damage":11.0,"enemies":"3 Sentries","floor":10.0,"turns":6.0},{"damage":4.0,"enemies":"2 Fungi Beasts","floor":12.0,"turns":3.0},{"damage":3.0,"enemies":"Exordium Thugs","floor":13.0,"turns":5.0},{"damage":15.0,"enemies":"Gremlin Nob","floor":14.0,"turns":4.0},{"damage":0.0,"enemies":"Slime Boss","floor":16.0,"turns":7.0},{"damage":11.0,"enemies":"2 Thieves","floor":18.0,"turns":2.0},{"damage":0.0,"enemies":"Chosen","floor":20.0,"turns":3.0},{"damage":29.0,"enemies":"Colosseum Slavers","floor":21.0,"turns":4.0},{"damage":29,"enemies":"Slavers","floor":27,"turns":3}],"seed_played":"-4786594897846335434","potions_obtained":[{"floor":3.0,"key":"Block Potion"},{"floor":3.0,"key":"Fire Potion"},{"floor":7.0,"key":"Weak Potion"},{"floor":12.0,"key":"Energy Potion"},{"floor":16.0,"key":"Strength Potion"},{"floor":20.0,"key":"SkillPotion"}],"is_trial":false,"path_per_floor":["M","M","?","M","$","R","M","R","T","E","R","M","M","E","R","B",null,"M","?","M","?","?","R","?","?","T","E"],"character_chosen":"DEFECT","items_purchased":["Doom and Gloom"],"campfire_rested":0,"item_purchase_floors":[5],"current_hp_per_floor":[53,53,53,38,38,38,36,36,36,25,25,21,18,3,3,3,65,54,54,54,25,25,25,25,25,25,0],"gold":287,"neow_bonus":"TWENTY_PERCENT_HP_BONUS","is_prod":false,"is_daily":false,"chose_seed":false,"campfire_upgraded":5,"win_rate":0,"timestamp":1546859882,"path_taken":["M","M","?","M","$","R","M","R","T","E","R","?","M","E","R","BOSS","M","?","M","?","?","R","?","?","T","E"],"build_version":"2019-01-03v4","purchased_purges":1,"victory":false,"max_hp_per_floor":[85,85,85,85,85,85,85,85,85,85,85,85,85,85,85,85,85,85,85,85,85,85,85,85,85,85,85],"card_choices":[{"not_picked":["Steam","Go for the Eyes","Coolheaded"],"picked":"SKIP","floor":1.0},{"not_picked":["Steam","Go for the Eyes"],"picked":"Coolheaded","floor":1.0},{"not_picked":["Compile Driver","Sweeping Beam"],"picked":"Consume","floor":2.0},{"not_picked":["Tempest","Steam","Fusion"],"picked":"SKIP","floor":4.0},{"not_picked":["Steam Power","Stack","Streamline"],"picked":"SKIP","floor":7.0},{"not_picked":["Steam","Undo"],"picked":"Compile Driver","floor":10.0},{"not_picked":["Sweeping Beam","Turbo"],"picked":"Sunder","floor":12.0},{"not_picked":["Lockon","Rebound","Turbo"],"picked":"SKIP","floor":13.0},{"not_picked":["Rebound","Turbo"],"picked":"Lockon","floor":13.0},{"not_picked":["Fusion","Sunder","Turbo"],"picked":"SKIP","floor":14.0},{"not_picked":["Reboot","All For One"],"picked":"Creative AI","floor":16.0},{"not_picked":["Go for the Eyes","Sweeping Beam+1","Steam Power"],"picked":"SKIP","floor":18.0},{"not_picked":["Turbo","Stack"],"picked":"Recycle","floor":20.0}],"player_experience":2505490,"relics_obtained":[{"floor":9.0,"key":"Bottled Lightning"},{"floor":10.0,"key":"StoneCalendar"},{"floor":14.0,"key":"FossilizedHelix"},{"floor":26.0,"key":"Darkstone Periapt"}],"event_choices":[{"damage_healed":0.0,"max_hp_gain":0.0,"max_hp_loss":0.0,"gold_gain":0.0,"event_name":"The Woman in Blue","player_choice":"Bought 2 Potions","floor":3.0,"gold_loss":0.0,"damage_taken":0.0},{"damage_healed":0.0,"max_hp_gain":0.0,"max_hp_loss":0.0,"gold_gain":50.0,"event_name":"Nest","player_choice":"Stole From Cult","floor":19.0,"gold_loss":0.0,"damage_taken":0.0},{"damage_healed":0.0,"max_hp_gain":0.0,"max_hp_loss":0.0,"gold_gain":0.0,"event_name":"Colosseum","player_choice":"Fight","floor":21.0,"gold_loss":0.0,"damage_taken":0.0},{"damage_healed":0.0,"max_hp_gain":0.0,"max_hp_loss":0.0,"gold_gain":0.0,"event_name":"Colosseum","player_choice":"Fled From Nobs","floor":21.0,"gold_loss":0.0,"damage_taken":0.0},{"damage_healed":0.0,"max_hp_gain":0.0,"max_hp_loss":0.0,"gold_gain":0.0,"event_name":"Vampires","player_choice":"Ignored","floor":22.0,"gold_loss":0.0,"damage_taken":0.0},{"damage_healed":0.0,"max_hp_gain":0.0,"max_hp_loss":0.0,"gold_gain":0.0,"event_name":"Forgotten Altar","player_choice":"Smashed Altar","floor":24.0,"gold_loss":0.0,"damage_taken":0.0,"cards_obtained":["Decay"]},{"damage_healed":0.0,"max_hp_gain":0.0,"max_hp_loss":0.0,"gold_gain":0.0,"event_name":"The Mausoleum","player_choice":"Opened","floor":25.0,"gold_loss":0.0,"damage_taken":0.0,"relics_obtained":["Cables"],"cards_obtained":["Writhe"]}],"is_beta":false,"boss_relics":[{"not_picked":["Cursed Key","Runic Dome"],"picked":"Snecko Eye"}],"items_purged_floors":[5],"is_endless":false,"potions_floor_spawned":[4,7,12,16,20],"killed_by":"Slavers","ascension_level":20}