{"gold_per_floor":[111,129,129,147,1,1,36,36,81,41,41,52,52,86,86,185,185,195,55,69,83,83,83,100,100,127,127,127,146,21,21,21,125,125,138,138,184,184,184,214,224,224,247,97,115,115,115,45,45,45],"floor_reached":51,"playtime":4943,"items_purged":["Strike_G","Strike_G","Defend_G","Madness"],"score":729,"play_id":"bcc26e94-f687-4dbf-937a-3bc7484b3bca","local_time":"20180705014827","is_ascension_mode":false,"campfire_choices":[{"floor":6,"key":"REST"},{"data":"Noxious Fumes","floor":11,"key":"SMITH"},{"floor":13,"key":"REST"},{"data":"Blur","floor":15,"key":"SMITH"},{"floor":23,"key":"REST"},{"data":"Adrenaline","floor":27,"key":"SMITH"},{"floor":32,"key":"REST"},{"data":"Madness","floor":42,"key":"SMITH"},{"data":"Mind Blast","floor":47,"key":"SMITH"},{"data":"Bouncing Flask","floor":49,"key":"SMITH"}],"neow_cost":"","seed_source_timestamp":0,"circlet_count":0,"master_deck":["Defend_G+1","Defend_G+1","Defend_G+1","Defend_G+1","Strike_G+1","Survivor","Neutralize","Poisoned Stab","Blur+1","Backflip","Crippling Poison+1","Cloak And Dagger","Noxious Fumes+1","Poisoned Stab","Backflip","Adrenaline+1","Backstab","Distraction","Catalyst","Catalyst","Escape Plan+1","Footwork+1","After Image","Calculated Gamble+1","Mind Blast+1","Bandage Up","Madness+1","Endless Agony+1","Deadly Poison+1","Backflip+1","Bouncing Flask+1"],"special_seed":0,"relics":["Ring of the Snake","Regal Pillow","Lantern","Dream Catcher","Gremlin Horn","Eternal Feather","Bag of Preparation","Enchiridion","Empty Cage","Gambling Chip","Du-Vu Doll","Happy Flower"],"potions_floor_usage":[33,50,50],"damage_taken":[{"damage":0.0,"enemies":"2 Louse","floor":1.0,"turns":4.0},{"damage":1.0,"enemies":"Cultist","floor":2.0,"turns":4.0},{"damage":0,"enemies":"Small Slimes","floor":4,"turns":4},{"damage":18,"enemies":"Lagavulin","floor":7,"turns":9},{"damage":3,"enemies":"Gremlin Gang","floor":12,"turns":4},{"damage":3,"enemies":"3 Sentries","floor":14,"turns":7},{"damage":21,"enemies":"Slime Boss","floor":16,"turns":13},{"damage":0,"enemies":"3 Byrds","floor":18,"turns":3},{"damage":9,"enemies":"Spheric Guardian","floor":20,"turns":6},{"damage":13,"enemies":"3 Cultists","floor":21,"turns":6},{"damage":0,"enemies":"Snecko","floor":24,"turns":5},{"damage":17,"enemies":"Sentry and Sphere","floor":29,"turns":7},{"damage":0,"enemies":"Champ","floor":33,"turns":15},{"damage":0,"enemies":"3 Shapes","floor":35,"turns":4},{"damage":5,"floor":37,"turns":6},{"damage":0,"enemies":"Nemesis","floor":40,"turns":7},{"damage":9,"enemies":"3 Darklings","floor":41,"turns":5},{"damage":8,"enemies":"Sphere and 2 Shapes","floor":45,"turns":4},{"damage":10,"enemies":"Donu and Deca","floor":50,"turns":9}],"seed_played":"5154173800798368587","potions_obtained":[{"floor":7,"key":"Swift Potion"},{"floor":12,"key":"FearPotion"},{"floor":20,"key":"SteroidPotion"},{"floor":24,"key":"GhostInAJar"},{"floor":33,"key":"Explosive Potion"}],"is_trial":false,"path_per_floor":["M","M","?","M","$","R","E","?","T","$","R","M","R","E","R","B",null,"M","$","M","M","?","R","M","?","T","R","?","M","$","?","R","B",null,"M","$","?","?","?","E","M","R","T","$","M","?","R","$","R","B"],"character_chosen":"THE_SILENT","items_purchased":["Crippling Poison","Noxious Fumes","Backstab","Bouncing Flask"],"campfire_rested":4,"item_purchase_floors":[5,10,19,48],"current_hp_per_floor":[70,69,44,44,44,70,52,52,52,52,52,49,70,67,67,46,70,70,70,61,48,48,70,70,70,70,70,54,37,37,37,70,70,70,70,70,65,60,51,55,50,62,62,62,58,58,70,70,70,64],"gold":45,"neow_bonus":"","is_prod":false,"is_daily":false,"chose_seed":false,"campfire_upgraded":6,"win_rate":0.0,"timestamp":1530748107,"path_taken":["M","M","?","M","?","R","E","?","T","?","R","M","R","E","R","BOSS","M","$","M","M","?","R","M","?","T","R","?","?","?","?","R","BOSS","M","?","?","?","?","E","M","R","T","$","M","?","R","$","R","BOSS"],"build_version":"2018-06-28","purchased_purges":4,"victory":true,"max_hp_per_floor":[70,70,70,70,70,70,70,70,70,70,70,70,70,70,70,70,70,70,70,70,70,70,70,70,70,70,70,70,70,70,70,70,70,70,70,70,70,70,70,70,70,70,70,70,70,70,70,70,70,70],"card_choices":[{"not_picked":["Prepared","Underhanded Strike"],"picked":"Poisoned Stab","floor":1.0},{"not_picked":["Outmaneuver","All Out Attack"],"picked":"Blur","floor":2.0},{"not_picked":["Glass Knife","Prepared"],"picked":"Backflip","floor":4},{"not_picked":["Tools of the Trade","Dodge and Roll"],"picked":"Cloak And Dagger","floor":7},{"not_picked":["Backflip","Slice"],"picked":"Poisoned Stab","floor":12},{"not_picked":["Bane","Eviscerate"],"picked":"Backflip","floor":13},{"not_picked":["Finisher","Flying Knee","Outmaneuver"],"picked":"SKIP","floor":14},{"not_picked":["After Image","Envenom"],"picked":"Adrenaline","floor":16},{"not_picked":["Bane+1","Quick Slash"],"picked":"Distraction","floor":20},{"not_picked":["Outmaneuver","Sucker Punch","Predator"],"picked":"SKIP","floor":21},{"not_picked":["All Out Attack+1","Sucker Punch"],"picked":"Catalyst","floor":23},{"not_picked":["PiercingWail","Dagger Throw"],"picked":"Catalyst","floor":24},{"not_picked":["Infinite Blades","Bane"],"picked":"Escape Plan+1","floor":29},{"not_picked":["Flying Knee","Endless Agony+1"],"picked":"Footwork+1","floor":32},{"not_picked":["Doppelganger","Die Die Die"],"picked":"After Image","floor":33},{"not_picked":["Deflect","Dodge and Roll"],"picked":"Calculated Gamble+1","floor":35},{"not_picked":["Blind","Panache"],"picked":"Mind Blast","floor":38},{"not_picked":["Flash of Steel","Madness"],"picked":"Bandage Up","floor":38},{"not_picked":["PiercingWail","Infinite Blades"],"picked":"Endless Agony+1","floor":40},{"not_picked":["Poisoned Stab+1","Endless Agony+1"],"picked":"Deadly Poison+1","floor":41},{"not_picked":["Deadly Poison","Dagger Spray"],"picked":"Backflip+1","floor":45}],"player_experience":77396,"relics_obtained":[{"floor":7,"key":"Lantern"},{"floor":9,"key":"Dream Catcher"},{"floor":14,"key":"Gremlin Horn"},{"floor":26,"key":"Bag of Preparation"},{"floor":28,"key":"Enchiridion"},{"floor":37,"key":"Gambling Chip"},{"floor":40,"key":"Du-Vu Doll"},{"floor":43,"key":"Happy Flower"}],"event_choices":[{"event_name":"Scrap Ooze","player_choice":"success","floor":3,"damage_taken":25},{"event_name":"Living Wall","player_choice":"Grow","floor":8,"damage_taken":0},{"event_name":"Ghosts","player_choice":"Ignored","floor":22,"damage_taken":0},{"event_name":"Drug Dealer","player_choice":"Ignored","floor":25,"damage_taken":0},{"event_name":"Cursed Tome","player_choice":"Obtained Book","floor":28,"damage_taken":0},{"event_name":"Back to Basics","player_choice":"Simplicity","floor":31,"damage_taken":0},{"event_name":"Mysterious Sphere","player_choice":"Fight","floor":37,"damage_taken":0},{"event_name":"SensoryStone","player_choice":"Memory 2","floor":38,"damage_taken":0},{"event_name":"Winding Halls","player_choice":"Embrace Madness","floor":39,"damage_taken":0},{"event_name":"SecretPortal","player_choice":"Rejected Portal.","floor":46,"damage_taken":0}],"boss_relics":[{"not_picked":["Velvet Choker","Runic Dome"],"picked":"Eternal Feather"},{"not_picked":["Philosopher\u0027s Stone","Snecko Eye"],"picked":"Empty Cage"}],"items_purged_floors":[5,19,30,44],"is_endless":false,"potions_floor_spawned":[7,12,20,24,33,35],"ascension_level":0}