{"gold_per_floor":[115,134,161,177,21,48,48,83,83,100,120,155,155,190,190,264,264,274,292,292,242,256,256],"floor_reached":23,"playtime":974,"items_purged":["Normality"],"score":387,"play_id":"e8f0ecf7-a101-4454-8b31-03818bd42e8f","local_time":"20190302233545","is_ascension_mode":true,"campfire_choices":[{"data":"Apotheosis","floor":7,"key":"SMITH"},{"data":"Feel No Pain","floor":15,"key":"SMITH"}],"neow_cost":"CURSE","seed_source_timestamp":10460497421900,"circlet_count":0,"master_deck":["AscendersBane","Strike_R","Strike_R","Strike_R","Strike_R","Strike_R","Defend_R","Defend_R","Defend_R","Defend_R","Bash","Apotheosis+1","PanicButton","Cleave","Reckless Charge","Second Wind","Evolve+1","Feel No Pain+1","Dual Wield","Dark Embrace","Power Through","Necronomicurse"],"relics":["Burning Blood","Pen Nib","Dream Catcher","Blood Vial","Self Forming Clay","Darkstone Periapt","Smiling Mask","Runic Dome","Necronomicon"],"potions_floor_usage":[16,23,23],"damage_taken":[{"damage":8,"enemies":"Cultist","floor":1,"turns":4},{"damage":0,"enemies":"Small Slimes","floor":2,"turns":3},{"damage":7,"enemies":"Jaw Worm","floor":4,"turns":3},{"damage":22,"enemies":"3 Sentries","floor":6,"turns":7},{"damage":12,"enemies":"Lagavulin","floor":8,"turns":7},{"damage":4,"enemies":"Exordium Thugs","floor":10,"turns":4},{"damage":17,"enemies":"Exordium Wildlife","floor":11,"turns":5},{"damage":18,"enemies":"3 Sentries","floor":12,"turns":6},{"damage":14,"enemies":"Lagavulin","floor":14,"turns":8},{"damage":18,"enemies":"Hexaghost","floor":16,"turns":7},{"damage":22,"enemies":"2 Thieves","floor":18,"turns":4},{"damage":0,"enemies":"Chosen","floor":19,"turns":5},{"damage":38,"enemies":"Snake Plant","floor":22,"turns":6},{"damage":20,"enemies":"Gremlin Leader","floor":23,"turns":3}],"seed_played":"-6980461789997916467","potions_obtained":[{"floor":4,"key":"Explosive Potion"},{"floor":10,"key":"Energy Potion"},{"floor":12,"key":"LiquidBronze"},{"floor":22,"key":"Swift Potion"}],"is_trial":false,"path_per_floor":["M","M","T","M","$","E","R","E","T","M","M","E","?","E","R","B",null,"M","M","?","?","M","E"],"character_chosen":"IRONCLAD","items_purchased":["Evolve"],"campfire_rested":0,"item_purchase_floors":[5],"current_hp_per_floor":[66,72,72,71,71,55,55,49,49,53,44,34,34,28,28,18,61,47,55,40,40,10,0],"gold":256,"neow_bonus":"RANDOM_COLORLESS_2","is_prod":false,"is_daily":false,"chose_seed":false,"campfire_upgraded":2,"win_rate":0,"timestamp":1551540945,"path_taken":["M","M","?","M","$","E","R","E","T","M","?","E","?","E","R","BOSS","M","?","?","?","?","E"],"build_version":"2019-01-23","purchased_purges":1,"victory":false,"max_hp_per_floor":[75,75,75,75,75,75,75,75,75,75,75,75,75,75,75,75,75,75,75,81,81,81,81],"card_choices":[{"not_picked":["Carnage","Havoc"],"picked":"Cleave","floor":1},{"not_picked":["Iron Wave","Uppercut"],"picked":"Reckless Charge","floor":2},{"not_picked":["Corruption","Perfected Strike"],"picked":"Second Wind","floor":4},{"not_picked":["Cleave","Pommel Strike","Reckless Charge"],"picked":"SKIP","floor":6},{"not_picked":["Clothesline","Sword Boomerang"],"picked":"Feel No Pain","floor":8},{"not_picked":["Wild Strike","Warcry","Brutality"],"picked":"SKIP","floor":10},{"not_picked":["Warcry","Uppercut"],"picked":"Dual Wield","floor":11},{"not_picked":["Carnage","Flex","Perfected Strike"],"picked":"SKIP","floor":12},{"not_picked":["Carnage","Flex","Perfected Strike"],"picked":"SKIP","floor":12},{"not_picked":["Entrench","Searing Blow","Exhume"],"picked":"SKIP","floor":14},{"not_picked":["Impervious","Exhume"],"picked":"Dark Embrace","floor":16},{"not_picked":["Body Slam","Carnage","Sword Boomerang"],"picked":"SKIP","floor":18},{"not_picked":["Armaments+1","Pommel Strike"],"picked":"Power Through","floor":19},{"not_picked":["Sword Boomerang","Spot Weakness","Anger"],"picked":"SKIP","floor":22}],"player_experience":2679307,"relics_obtained":[{"floor":3,"key":"Pen Nib"},{"floor":6,"key":"Dream Catcher"},{"floor":8,"key":"Blood Vial"},{"floor":9,"key":"Self Forming Clay"},{"floor":12,"key":"Darkstone Periapt"},{"floor":14,"key":"Smiling Mask"},{"floor":20,"key":"Necronomicon"}],"event_choices":[{"damage_healed":0,"gold_gain":0,"player_choice":"Forge","damage_taken":0,"max_hp_gain":0,"max_hp_loss":0,"event_name":"Accursed Blacksmith","floor":13,"gold_loss":0,"cards_upgraded":["Evolve"]},{"damage_healed":0,"gold_gain":0,"player_choice":"Obtained Book","damage_taken":21,"max_hp_gain":0,"max_hp_loss":0,"event_name":"Cursed Tome","floor":20,"gold_loss":0},{"damage_healed":0,"gold_gain":0,"player_choice":"Bet on Murderer","damage_taken":0,"max_hp_gain":0,"max_hp_loss":0,"event_name":"The Joust","floor":21,"gold_loss":50}],"is_beta":false,"boss_relics":[{"not_picked":["Snecko Eye","Busted Crown"],"picked":"Runic Dome"}],"items_purged_floors":[5],"is_endless":false,"potions_floor_spawned":[4,10,12,14,22],"killed_by":"Gremlin Leader","ascension_level":15}