{"gold_per_floor":[109,127,9,9,9,9,37,37,37,68,80,97,115,135,135,135],"floor_reached":16,"playtime":540,"items_purged":[],"score":257,"play_id":"f04f3f07-dec9-4d49-9e22-28f387113dcb","local_time":"20190427093128","is_ascension_mode":true,"campfire_choices":[{"data":"Inflame","floor":6,"key":"SMITH"},{"data":"Bash","floor":8,"key":"SMITH"},{"data":"True Grit","floor":15,"key":"SMITH"}],"neow_cost":"NONE","seed_source_timestamp":69056156797200,"circlet_count":0,"master_deck":["AscendersBane","Strike_R","Strike_R","Strike_R","Strike_R","Strike_R","Defend_R","Defend_R","Defend_R","Defend_R","Bash+1","Cleave","Inflame+1","Shrug It Off","Feel No Pain","Headbutt","Iron Wave","Burning Pact","True Grit+1"],"relics":["Burning Blood","NeowsBlessing","Bag of Marbles","Bag of Preparation","Pantograph","Odd Mushroom"],"potions_floor_usage":[16,16],"damage_taken":[{"damage":0,"enemies":"Cultist","floor":1,"turns":1},{"damage":0,"enemies":"Small Slimes","floor":2,"turns":1},{"damage":0,"enemies":"Gremlin Nob","floor":7,"turns":1},{"damage":34,"enemies":"3 Sentries","floor":10,"turns":7},{"damage":5,"enemies":"Jaw Worm","floor":11,"turns":4},{"damage":1,"enemies":"2 Fungi Beasts","floor":12,"turns":2},{"damage":13,"enemies":"3 Louse","floor":13,"turns":4},{"damage":9,"enemies":"The Mushroom Lair","floor":14,"turns":4},{"damage":91,"enemies":"Hexaghost","floor":16,"turns":14}],"seed_played":"-5910404863710757249","potions_obtained":[{"floor":10,"key":"EssenceOfSteel"},{"floor":12,"key":"FearPotion"},{"floor":14,"key":"Regen Potion"}],"is_trial":false,"path_per_floor":["M","M","$","?","?","R","E","R","T","E","M","M","M","?","R","B"],"character_chosen":"IRONCLAD","items_purchased":["Inflame","Shrug It Off"],"campfire_rested":0,"item_purchase_floors":[3,3],"current_hp_per_floor":[74,75,75,75,80,80,80,80,80,52,53,58,51,48,48,0],"gold":135,"neow_bonus":"THREE_ENEMY_KILL","is_prod":false,"is_daily":false,"chose_seed":false,"campfire_upgraded":3,"win_rate":0,"timestamp":1556346688,"path_taken":["M","?","$","?","?","R","E","R","T","E","M","M","M","?","R","BOSS"],"build_version":"2019-01-23","purchased_purges":0,"victory":false,"max_hp_per_floor":[75,75,75,75,80,80,80,80,80,80,80,80,80,80,80,80],"card_choices":[{"not_picked":["Clothesline","Sword Boomerang"],"picked":"Cleave","floor":1},{"not_picked":["Thunderclap","Wild Strike","Searing Blow"],"picked":"SKIP","floor":2},{"not_picked":["Anger","Seeing Red","Reckless Charge"],"picked":"SKIP","floor":7},{"not_picked":["True Grit","Exhume"],"picked":"Feel No Pain","floor":10},{"not_picked":["Cleave","Evolve"],"picked":"Headbutt","floor":11},{"not_picked":["Carnage","Inflame"],"picked":"Iron Wave","floor":12},{"not_picked":["Sword Boomerang","Cleave"],"picked":"Burning Pact","floor":13},{"not_picked":["Bloodletting","Thunderclap"],"picked":"True Grit","floor":14}],"player_experience":336274,"relics_obtained":[{"floor":7,"key":"Bag of Marbles"},{"floor":9,"key":"Bag of Preparation"},{"floor":10,"key":"Pantograph"},{"floor":14,"key":"Odd Mushroom"}],"event_choices":[{"damage_healed":0,"gold_gain":0,"player_choice":"Leave","damage_taken":0,"max_hp_gain":0,"max_hp_loss":0,"event_name":"The Cleric","floor":4,"gold_loss":0},{"damage_healed":0,"gold_gain":0,"player_choice":"Donut","damage_taken":0,"max_hp_gain":5,"max_hp_loss":0,"event_name":"Big Fish","floor":5,"gold_loss":0},{"damage_healed":0,"gold_gain":0,"player_choice":"Fought Mushrooms","damage_taken":0,"max_hp_gain":0,"max_hp_loss":0,"event_name":"Mushrooms","floor":14,"gold_loss":0}],"is_beta":false,"boss_relics":[],"items_purged_floors":[],"is_endless":false,"potions_floor_spawned":[10,12,14],"killed_by":"Hexaghost","ascension_level":18}