{"gold_per_floor":[119,130,280,25,25,25,50,50,50,85,85,22,57,77,77,155,155,144,59,59,59,59,91,91,122,169,169,183,207,223,253,253,253],"floor_reached":33,"playtime":1186,"items_purged":["Doubt"],"score":599,"play_id":"22701509-8fef-4128-9af0-cfe4ac0d5004","local_time":"20181026203104","is_ascension_mode":true,"campfire_choices":[{"data":"Neutralize","floor":6.0,"key":"SMITH"},{"data":"Calculated Gamble","floor":8.0,"key":"SMITH"},{"data":"Poisoned Stab","floor":11.0,"key":"SMITH"},{"data":"Sucker Punch","floor":15,"key":"SMITH"},{"data":"Leg Sweep","floor":24,"key":"SMITH"},{"floor":27,"key":"REST"},{"floor":32,"key":"REST"}],"neow_cost":"NONE","seed_source_timestamp":152034333224697,"circlet_count":0,"master_deck":["Defend_G","Defend_G","Defend_G","Defend_G","Defend_G","Strike_G","Strike_G","Survivor","Neutralize+1","AscendersBane","Noxious Fumes+1","Grand Finale+1","Predator+1","Bane","All Out Attack","Calculated Gamble+1","Deflect","Escape Plan","Poisoned Stab+1","Sucker Punch+1","Dagger Throw","Burst","Bouncing Flask","Leg Sweep+1","Backflip","Backstab","Footwork","Backflip","Bane"],"special_seed":0,"relics":["Astrolabe","Juzu Bracelet","FossilizedHelix","Lantern","Orichalcum","Sozu","Dream Catcher","Bottled Tornado","Bag of Preparation","Vajra","Centennial Puzzle","Meat on the Bone"],"potions_floor_usage":[16,23,31],"damage_taken":[{"damage":0.0,"enemies":"Small Slimes","floor":1.0,"turns":7.0},{"damage":5.0,"enemies":"2 Louse","floor":2.0,"turns":4.0},{"damage":34.0,"enemies":"Gremlin Nob","floor":7.0,"turns":5.0},{"damage":4.0,"enemies":"3 Sentries","floor":10.0,"turns":6.0},{"damage":15,"enemies":"Lagavulin","floor":13,"turns":4},{"damage":0,"enemies":"Jaw Worm","floor":14,"turns":3},{"damage":10,"enemies":"The Guardian","floor":16,"turns":10},{"damage":0,"enemies":"2 Thieves","floor":18,"turns":4},{"damage":0,"enemies":"Gremlin Leader","floor":23,"turns":3},{"damage":26,"enemies":"Book of Stabbing","floor":25,"turns":6},{"damage":0,"enemies":"3 Byrds","floor":28,"turns":5},{"damage":7,"enemies":"Sentry and Sphere","floor":30,"turns":5},{"damage":11,"enemies":"Gremlin Leader","floor":31,"turns":5},{"damage":45,"enemies":"Collector","floor":33,"turns":7}],"seed_played":"-2046302205537301447","potions_obtained":[{"floor":7.0,"key":"Regen Potion"},{"floor":10.0,"key":"Explosive Potion"},{"floor":14,"key":"Regen Potion"},{"floor":16,"key":"Explosive Potion"}],"is_trial":false,"path_per_floor":["M","M","?","$","?","R","E","R","T","E","R","?","E","M","R","B",null,"M","?","?","?","$","E","R","E","T","R","M","T","M","E","R"],"character_chosen":"THE_SILENT","items_purchased":["All Out Attack","Calculated Gamble","Deflect"],"campfire_rested":2,"item_purchase_floors":[4,4,4],"current_hp_per_floor":[59,54,54,54,54,54,20,20,20,31,31,31,16,16,16,21,55,55,55,49,49,49,49,49,23,23,42,42,42,35,24,43,0],"gold":253,"neow_bonus":"BOSS_RELIC","is_prod":false,"is_daily":false,"chose_seed":false,"campfire_upgraded":5,"win_rate":0,"timestamp":1540611064,"path_taken":["M","M","?","$","?","R","E","R","T","E","R","?","E","M","R","BOSS","M","?","?","?","$","E","R","E","T","R","M","?","M","E","R","BOSS"],"build_version":"2018-10-25v2","purchased_purges":1,"victory":false,"max_hp_per_floor":[66,66,66,66,66,66,66,66,66,66,66,66,66,66,66,66,66,66,66,66,66,66,66,66,66,66,66,66,66,66,66,66,66],"card_choices":[{"not_picked":["Underhanded Strike","Prepared","Deadly Poison"],"picked":"SKIP","floor":1.0},{"not_picked":["PiercingWail","Backflip"],"picked":"Bane","floor":2.0},{"not_picked":["All Out Attack","Dodge and Roll"],"picked":"Escape Plan","floor":7.0},{"not_picked":["Doppelganger","PiercingWail"],"picked":"Poisoned Stab","floor":10.0},{"not_picked":["Terror","Predator","Sucker Punch"],"picked":"SKIP","floor":13},{"not_picked":["Terror","Predator"],"picked":"Sucker Punch","floor":13},{"not_picked":["Dagger Spray","Deflect"],"picked":"Dagger Throw","floor":14},{"not_picked":["Envenom","Unload"],"picked":"Burst","floor":16},{"not_picked":["Eviscerate","Prepared"],"picked":"Bouncing Flask","floor":18},{"not_picked":["Cloak And Dagger","Calculated Gamble"],"picked":"Leg Sweep","floor":23},{"not_picked":["Sucker Punch","Dodge and Roll","Quick Slash"],"picked":"SKIP","floor":25},{"not_picked":["Reflex","Quick Slash"],"picked":"Backflip","floor":27},{"not_picked":["Bane","Endless Agony+1"],"picked":"Backstab","floor":28},{"not_picked":["Noxious Fumes","Caltrops"],"picked":"Footwork","floor":30},{"not_picked":["Eviscerate","Malaise"],"picked":"Backflip","floor":31},{"not_picked":["Outmaneuver","Infinite Blades"],"picked":"Bane","floor":32}],"player_experience":1489196,"relics_obtained":[{"floor":7.0,"key":"Juzu Bracelet"},{"floor":9.0,"key":"FossilizedHelix"},{"floor":10.0,"key":"Lantern"},{"floor":13,"key":"Orichalcum"},{"floor":23,"key":"Bottled Tornado"},{"floor":25,"key":"Bag of Preparation"},{"floor":26,"key":"Vajra"},{"floor":29,"key":"Centennial Puzzle"},{"floor":31,"key":"Meat on the Bone"}],"event_choices":[{"damage_healed":0.0,"max_hp_gain":0.0,"max_hp_loss":0.0,"gold_gain":150.0,"event_name":"Liars Game","player_choice":"AGREE","floor":3.0,"gold_loss":0.0,"damage_taken":0.0,"cards_obtained":["Doubt"]},{"damage_healed":0.0,"max_hp_gain":0.0,"max_hp_loss":0.0,"gold_gain":0.0,"event_name":"Golden Idol","player_choice":"Ignored","floor":5.0,"gold_loss":0.0,"damage_taken":0.0},{"damage_healed":0.0,"max_hp_gain":0.0,"max_hp_loss":0.0,"gold_gain":0.0,"event_name":"World of Goop","player_choice":"Left Gold","floor":12.0,"gold_loss":63.0,"damage_taken":0.0},{"damage_healed":0,"gold_gain":0,"player_choice":"Obtained Relic","damage_taken":0,"relics_obtained":["Dream Catcher"],"max_hp_gain":0,"max_hp_loss":0,"event_name":"Addict","floor":19,"gold_loss":85},{"damage_healed":0,"gold_gain":0,"player_choice":"","damage_taken":6,"max_hp_gain":0,"max_hp_loss":0,"event_name":"Knowing Skull","floor":20,"potions_obtained":[],"gold_loss":0,"cards_obtained":[]},{"damage_healed":0,"gold_gain":0,"player_choice":"Ignored","damage_taken":0,"max_hp_gain":0,"max_hp_loss":0,"event_name":"Beggar","floor":21,"gold_loss":0}],"is_beta":false,"boss_relics":[{"not_picked":["Coffee Dripper","Velvet Choker"],"picked":"Sozu"}],"items_purged_floors":[4],"is_endless":false,"potions_floor_spawned":[7,10,14,16,18,23],"killed_by":"Collector","ascension_level":15}