{"gold_per_floor":[109,129,144,144,157,157,169,195,195,195,205,236,248,276,276,352,352,363,379,390,390,403,403,437,5,5,5,39,39,66,79,79,157,157,174,174,190,207,226,254,254,204,227,65,65,97,97,108,108,108,108,108,108,3,33,33],"floor_reached":56,"playtime":5505,"items_purged":["Strike_R"],"score":2003,"play_id":"9bf8eb38-fdbb-4980-8afd-d770064e333d","local_time":"20190415122211","is_ascension_mode":true,"campfire_choices":[{"data":"Bash","floor":6,"key":"SMITH"},{"floor":10,"key":"REST"},{"data":"Armaments","floor":15,"key":"SMITH"},{"data":"Flame Barrier","floor":23,"key":"SMITH"},{"data":"Combust","floor":27,"key":"SMITH"},{"floor":32,"key":"REST"},{"floor":41,"key":"RECALL"},{"data":"Entrench","floor":45,"key":"SMITH"},{"data":"Demon Form","floor":47,"key":"SMITH"},{"data":"Entrench","floor":49,"key":"SMITH"},{"data":"Pommel Strike","floor":53,"key":"SMITH"}],"neow_cost":"NONE","seed_source_timestamp":2262610420281600,"circlet_count":0,"master_deck":["AscendersBane","Strike_R","Strike_R+1","Strike_R+1","Defend_R+1","Defend_R","Defend_R","Defend_R","Bash+1","Pommel Strike","Armaments+1","Pommel Strike+1","Flame Barrier+1","Reaper","Shockwave","Reckless Charge","Combust+1","Feed","Battle Trance+1","Shrug It Off+1","Shrug It Off","Exhume","True Grit+1","Rupture","Body Slam+1","Sword Boomerang","Reaper","Entrench+1","Disarm","Entrench+1","True Grit+1","Spot Weakness","Disarm+1","Battle Trance+1","Corruption","Demon Form+1","Body Slam+1","Rage","Body Slam+1"],"relics":["Burning Blood","PreservedInsect","Orichalcum","Bottled Flame","Unceasing Top","Bird Faced Urn","Velvet Choker","Mercury Hourglass","Membership Card","Pantograph","Potion Belt","Mango","Bottled Tornado","Meat on the Bone","Orrery","Vajra","Centennial Puzzle","War Paint","Art of War","Pear"],"potions_floor_usage":[5,16,20,22,24,55,55,56,56],"damage_taken":[{"damage":4,"enemies":"2 Louse","floor":1,"turns":4},{"damage":6,"enemies":"Cultist","floor":2,"turns":3},{"damage":7,"enemies":"Jaw Worm","floor":3,"turns":3},{"damage":26,"enemies":"Exordium Thugs","floor":5,"turns":6},{"damage":15,"enemies":"Gremlin Gang","floor":7,"turns":7},{"damage":20,"enemies":"Lagavulin","floor":8,"turns":7},{"damage":11,"enemies":"Looter","floor":11,"turns":3},{"damage":25,"enemies":"Gremlin Nob","floor":12,"turns":4},{"damage":14,"enemies":"Lots of Slimes","floor":13,"turns":5},{"damage":19,"enemies":"Lagavulin","floor":14,"turns":7},{"damage":35,"enemies":"The Guardian","floor":16,"turns":13},{"damage":2,"enemies":"3 Byrds","floor":18,"turns":3},{"damage":20,"enemies":"Spheric Guardian","floor":19,"turns":6},{"damage":18,"enemies":"Snake Plant","floor":20,"turns":4},{"damage":17,"enemies":"Cultist and Chosen","floor":22,"turns":8},{"damage":37,"enemies":"Gremlin Leader","floor":24,"turns":7},{"damage":25,"enemies":"Slavers","floor":28,"turns":4},{"damage":24,"enemies":"Book of Stabbing","floor":30,"turns":5},{"damage":14,"enemies":"Snecko","floor":31,"turns":6},{"damage":39,"enemies":"Champ","floor":33,"turns":9},{"damage":40,"enemies":"3 Darklings","floor":35,"turns":5},{"damage":11,"enemies":"Orb Walker","floor":37,"turns":4},{"damage":13,"enemies":"3 Darklings","floor":38,"turns":4},{"damage":7,"enemies":"4 Shapes","floor":39,"turns":5},{"damage":38,"enemies":"Reptomancer","floor":40,"turns":6},{"damage":44,"enemies":"Giant Head","floor":46,"turns":7},{"damage":17,"enemies":"Maw","floor":48,"turns":8},{"damage":142,"enemies":"Time Eater","floor":50,"turns":13},{"damage":103,"enemies":"Awakened One","floor":51,"turns":16},{"damage":139,"enemies":"Shield and Spear","floor":55,"turns":6},{"damage":131,"enemies":"The Heart","floor":56,"turns":6}],"seed_played":"6733757607272645194","potions_obtained":[{"floor":1,"key":"FearPotion"},{"floor":3,"key":"Dexterity Potion"},{"floor":12,"key":"Strength Potion"},{"floor":13,"key":"SpeedPotion"},{"floor":16,"key":"SpeedPotion"},{"floor":20,"key":"Poison Potion"},{"floor":33,"key":"Strength Potion"},{"floor":39,"key":"Strength Potion"},{"floor":40,"key":"Fire Potion"},{"floor":46,"key":"Strength Potion"}],"is_trial":false,"path_per_floor":["M","M","M","?","M","R","M","E","T","R","M","E","M","E","R","B",null,"M","M","M","?","M","R","E","$","T","R","E","$","E","M","R","B",null,"M","?","M","M","M","E","R","?","T","$","R","E","R","M","R","B","B",null,"R","$","E","B"],"character_chosen":"IRONCLAD","items_purchased":["Membership Card","Pantograph","Potion Belt","Corruption","Centennial Puzzle","Art of War","Rage"],"campfire_rested":2,"item_purchase_floors":[25,25,25,44,44,54,54],"current_hp_per_floor":[77,77,76,76,56,56,47,33,33,57,52,39,43,30,30,13,65,74,62,52,52,46,46,44,44,58,58,44,44,28,39,72,68,101,75,75,74,110,113,116,116,116,116,116,116,109,109,119,119,87,112,120,120,120,59,0],"gold":33,"neow_bonus":"TEN_PERCENT_HP_BONUS","is_prod":false,"is_daily":false,"chose_seed":false,"campfire_upgraded":8,"win_rate":0,"timestamp":1555327331,"path_taken":["M","M","M","?","?","R","?","E","T","R","M","E","M","E","R","BOSS","M","M","?","?","M","R","E","$","T","R","E","?","E","M","R","BOSS","M","?","?","M","M","E","R","?","T","$","R","E","R","M","R","BOSS","BOSS","R","$","E","BOSS"],"build_version":"2019-01-23","purchased_purges":1,"victory":false,"max_hp_per_floor":[82,82,82,82,82,82,82,82,82,82,82,82,82,82,82,82,82,85,85,85,85,88,88,92,92,106,106,109,109,109,112,112,112,112,116,116,116,116,116,116,116,116,116,116,116,116,116,119,119,119,122,122,122,122,135,135],"card_choices":[{"not_picked":["Flex","Headbutt"],"picked":"Pommel Strike","floor":1},{"not_picked":["Warcry","Sentinel","Body Slam"],"picked":"SKIP","floor":2},{"not_picked":["Flex","Searing Blow"],"picked":"Armaments","floor":3},{"not_picked":["Seeing Red","Flex"],"picked":"Pommel Strike","floor":5},{"not_picked":["Flex","Corruption"],"picked":"Flame Barrier","floor":7},{"not_picked":["Dual Wield","Body Slam","Rupture"],"picked":"SKIP","floor":8},{"not_picked":["Spot Weakness","Perfected Strike"],"picked":"Reaper","floor":11},{"not_picked":["Havoc","Corruption"],"picked":"Shockwave","floor":12},{"not_picked":["Anger","Carnage"],"picked":"Reckless Charge","floor":13},{"not_picked":["Blood for Blood","Clash"],"picked":"Combust","floor":14},{"not_picked":["Limit Break","Exhume"],"picked":"Feed","floor":16},{"not_picked":["Cleave","Thunderclap"],"picked":"Battle Trance","floor":18},{"not_picked":["Dual Wield","Pommel Strike"],"picked":"Shrug It Off+1","floor":19},{"not_picked":["Headbutt","Sword Boomerang"],"picked":"Shrug It Off","floor":20},{"not_picked":["Heavy Blade","Flame Barrier","Wild Strike+1"],"picked":"SKIP","floor":22},{"not_picked":["Wild Strike","Exhume"],"picked":"True Grit+1","floor":24},{"not_picked":["Pummel","Anger"],"picked":"Rupture","floor":28},{"not_picked":["Perfected Strike","Flex+1"],"picked":"Body Slam+1","floor":30},{"not_picked":["Flex","Warcry"],"picked":"Sword Boomerang","floor":31},{"not_picked":["Juggernaut","Impervious"],"picked":"Reaper","floor":33},{"not_picked":["Clash","Infernal Blade"],"picked":"Entrench","floor":34},{"not_picked":["Shrug It Off","Clothesline"],"picked":"Disarm","floor":34},{"not_picked":["Headbutt","Armaments"],"picked":"Entrench","floor":34},{"not_picked":["Wild Strike+1","Headbutt","Perfected Strike+1"],"picked":"SKIP","floor":35},{"not_picked":["Warcry+1","Iron Wave+1"],"picked":"Spot Weakness","floor":37},{"not_picked":["Power Through","Thunderclap"],"picked":"Disarm+1","floor":38},{"not_picked":["Iron Wave","Headbutt","Anger+1"],"picked":"SKIP","floor":39},{"not_picked":["Combust+1","Headbutt+1"],"picked":"Battle Trance+1","floor":40},{"not_picked":["Disarm","Dropkick+1"],"picked":"Demon Form","floor":46},{"not_picked":["Warcry","Battle Trance"],"picked":"Body Slam+1","floor":48},{"not_picked":["Pommel Strike","Flex"],"picked":"Body Slam+1","floor":55}],"player_experience":2748996,"relics_obtained":[{"floor":8,"key":"Orichalcum"},{"floor":9,"key":"Bottled Flame"},{"floor":12,"key":"Unceasing Top"},{"floor":14,"key":"Bird Faced Urn"},{"floor":24,"key":"Mercury Hourglass"},{"floor":26,"key":"Mango"},{"floor":28,"key":"Bottled Tornado"},{"floor":30,"key":"Meat on the Bone"},{"floor":40,"key":"Vajra"},{"floor":46,"key":"War Paint"},{"floor":55,"key":"Pear"}],"event_choices":[{"damage_healed":0,"gold_gain":0,"player_choice":"Gave Potion","damage_taken":0,"relics_obtained":["PreservedInsect"],"max_hp_gain":0,"max_hp_loss":0,"event_name":"WeMeetAgain","floor":4,"gold_loss":0},{"damage_healed":0,"gold_gain":0,"cards_transformed":["Strike_R"],"player_choice":"Transformed","damage_taken":0,"max_hp_gain":0,"max_hp_loss":0,"event_name":"Transmorgrifier","floor":21,"gold_loss":0,"cards_obtained":["Exhume"]},{"damage_healed":0,"gold_gain":0,"player_choice":"Copied","damage_taken":0,"max_hp_gain":0,"max_hp_loss":0,"event_name":"Duplicator","floor":36,"gold_loss":0,"cards_obtained":["True Grit"]},{"damage_healed":0,"gold_gain":0,"player_choice":"Upgraded Two","damage_taken":0,"max_hp_gain":0,"max_hp_loss":0,"event_name":"Designer","floor":42,"gold_loss":50,"cards_upgraded":["Strike_R","Strike_R"]}],"is_beta":false,"boss_relics":[{"not_picked":["Lizard Tail","Black Blood"],"picked":"Velvet Choker"},{"not_picked":["Eternal Feather","Mark of Pain"],"picked":"Orrery"}],"items_purged_floors":[44],"is_endless":false,"potions_floor_spawned":[1,3,12,13,16,18,19,20,33,39,40,46,48],"killed_by":"The Heart","ascension_level":20}