{"gold_per_floor":[117,130,148,148,162,162,189,189,189,214,214,274,274,305,305,381,381,392,272,272,272,248,248,278,60,112,146,146,146,179,179,179,179],"floor_reached":33,"playtime":2805,"items_purged":["Strike_R"],"score":644,"play_id":"0cc0e69f-c68e-475f-8f84-7655ee666951","local_time":"20190409060421","is_ascension_mode":true,"campfire_choices":[{"data":"Bash","floor":6.0,"key":"SMITH"},{"data":"Perfected Strike","floor":8.0,"key":"SMITH"},{"data":"Wild Strike","floor":11.0,"key":"SMITH"},{"data":"Disarm","floor":15.0,"key":"SMITH"},{"floor":23,"key":"REST"},{"data":"Flex","floor":28,"key":"SMITH"},{"floor":32,"key":"REST"}],"neow_cost":"NONE","seed_source_timestamp":1724135173802900,"circlet_count":0,"master_deck":["AscendersBane","Strike_R","Strike_R","Strike_R","Defend_R","Defend_R","Defend_R","Defend_R","Bash+1","Wild Strike+1","Twin Strike","Iron Wave","Perfected Strike+1","Disarm+1","Feed+1","Headbutt","Metallicize","Immolate","Flex+1","Feel No Pain","Seeing Red"],"special_seed":0,"relics":["Burning Blood","Lantern","Blood Vial","Juzu Bracelet","Question Card","Paper Frog","Torii","Runic Pyramid","Nilry\u0027s Codex","Letter Opener","Medical Kit","Happy Flower","Red Mask","Ancient Tea Set"],"potions_floor_usage":[24,30,33],"damage_taken":[{"damage":7.0,"enemies":"Jaw Worm","floor":1.0,"turns":3.0},{"damage":6.0,"enemies":"Cultist","floor":2.0,"turns":3.0},{"damage":0.0,"enemies":"Small Slimes","floor":3.0,"turns":3.0},{"damage":2.0,"enemies":"2 Fungi Beasts","floor":5.0,"turns":3.0},{"damage":25.0,"enemies":"3 Sentries","floor":7.0,"turns":5.0},{"damage":8.0,"enemies":"Gremlin Nob","floor":10.0,"turns":3.0},{"damage":25.0,"enemies":"3 Sentries","floor":12.0,"turns":7.0},{"damage":13.0,"enemies":"Lagavulin","floor":14.0,"turns":3.0},{"damage":29.0,"enemies":"The Guardian","floor":16.0,"turns":17.0},{"damage":13.0,"enemies":"Shell Parasite","floor":18.0,"turns":5.0},{"damage":12,"enemies":"2 Thieves","floor":22,"turns":4},{"damage":0,"enemies":"Gremlin Leader","floor":24,"turns":3},{"damage":13,"enemies":"Masked Bandits","floor":27,"turns":3},{"damage":20,"enemies":"Book of Stabbing","floor":30,"turns":5},{"damage":104,"enemies":"Champ","floor":33,"turns":16}],"seed_played":"-8936464754837707277","potions_obtained":[{"floor":3.0,"key":"Explosive Potion"},{"floor":10.0,"key":"Weak Potion"},{"floor":14.0,"key":"PowerPotion"},{"floor":16.0,"key":"FearPotion"},{"floor":27,"key":"GamblersBrew"}],"is_trial":false,"path_per_floor":["M","M","M","?","M","R","E","R","T","E","R","?","?","E","R","B",null,"M","$","?","?","M","R","E","$","T","?","R","?","E","?","R","B"],"character_chosen":"IRONCLAD","items_purchased":["Feel No Pain","Medical Kit"],"campfire_rested":2,"item_purchase_floors":[19,25],"current_hp_per_floor":[67,67,73,73,75,75,56,56,56,56,56,39,39,38,38,21,68,67,67,46,46,42,68,76,76,76,71,71,71,63,63,90,0],"gold":179,"neow_bonus":"RANDOM_COMMON_RELIC","is_prod":false,"is_daily":false,"chose_seed":false,"campfire_upgraded":5,"win_rate":0,"timestamp":1554786261,"path_taken":["M","M","M","?","?","R","E","R","T","E","R","?","?","E","R","BOSS","M","$","?","?","M","R","E","$","T","?","R","?","E","?","R","BOSS"],"build_version":"2019-01-23","purchased_purges":1,"victory":false,"max_hp_per_floor":[75,75,75,75,75,75,75,75,75,75,75,75,75,79,79,83,83,87,87,87,87,87,87,87,87,87,87,87,87,91,91,91,91],"card_choices":[{"not_picked":["True Grit","Clothesline"],"picked":"Wild Strike","floor":1.0},{"not_picked":["Body Slam","Sword Boomerang"],"picked":"Twin Strike","floor":2.0},{"not_picked":["Sword Boomerang","Rupture"],"picked":"Iron Wave","floor":3.0},{"not_picked":["Barricade","Fire Breathing"],"picked":"Perfected Strike","floor":5.0},{"not_picked":["Wild Strike","Armaments"],"picked":"Disarm","floor":7.0},{"not_picked":["Evolve","Dark Embrace"],"picked":"Feed","floor":10.0},{"not_picked":["Body Slam","Dropkick","Fire Breathing"],"picked":"Headbutt","floor":12.0},{"not_picked":["Headbutt","Sword Boomerang","Armaments"],"picked":"Metallicize","floor":14.0},{"not_picked":["Feed","Impervious","Demon Form"],"picked":"Immolate","floor":16.0},{"not_picked":["Anger","Twin Strike","Ghostly Armor"],"picked":"Flex","floor":18.0},{"not_picked":["Hemokinesis","Sentinel","Flex","Combust"],"picked":"SKIP","floor":22},{"not_picked":["Anger","Clothesline","Clash+1","Sword Boomerang"],"picked":"SKIP","floor":24},{"not_picked":["Rampage","Clash","Entrench"],"picked":"Seeing Red","floor":30}],"player_experience":2623063,"relics_obtained":[{"floor":7.0,"key":"Blood Vial"},{"floor":9.0,"key":"Juzu Bracelet"},{"floor":10.0,"key":"Question Card"},{"floor":12.0,"key":"Paper Frog"},{"floor":14.0,"key":"Torii"},{"floor":20.0,"key":"Nilry\u0027s Codex"},{"floor":24,"key":"Letter Opener"},{"floor":26,"key":"Happy Flower"},{"floor":27,"key":"Red Mask"},{"floor":30,"key":"Ancient Tea Set"}],"event_choices":[{"cards_removed":["Strike_R"],"damage_healed":0.0,"max_hp_gain":0.0,"max_hp_loss":0.0,"gold_gain":0.0,"event_name":"Purifier","player_choice":"Purged","floor":4.0,"gold_loss":0.0,"damage_taken":0.0},{"damage_healed":0.0,"max_hp_gain":0.0,"max_hp_loss":0.0,"gold_gain":0.0,"event_name":"Dead Adventurer","player_choice":"Searched \u00272\u0027 times","floor":12.0,"gold_loss":0.0,"damage_taken":0.0},{"damage_healed":0.0,"max_hp_gain":0.0,"max_hp_loss":0.0,"gold_gain":0.0,"event_name":"Living Wall","player_choice":"Grow","floor":13.0,"gold_loss":0.0,"damage_taken":0.0,"cards_upgraded":["Feed"]},{"damage_healed":0.0,"max_hp_gain":0.0,"max_hp_loss":0.0,"gold_gain":0.0,"event_name":"Cursed Tome","player_choice":"Obtained Book","floor":20.0,"gold_loss":0.0,"damage_taken":21.0},{"damage_healed":0.0,"max_hp_gain":0.0,"max_hp_loss":0.0,"gold_gain":0.0,"event_name":"Ghosts","player_choice":"Ignored","floor":21.0,"gold_loss":0.0,"damage_taken":0.0},{"damage_healed":0,"gold_gain":0,"player_choice":"Fought Bandits","damage_taken":0,"max_hp_gain":0,"max_hp_loss":0,"event_name":"Masked Bandits","floor":27,"gold_loss":0},{"damage_healed":0,"gold_gain":0,"player_choice":"Got Potions","damage_taken":0,"max_hp_gain":0,"max_hp_loss":0,"event_name":"Lab","floor":29,"gold_loss":0},{"damage_healed":0,"gold_gain":0,"player_choice":"Ignored","damage_taken":0,"max_hp_gain":0,"max_hp_loss":0,"event_name":"The Mausoleum","floor":31,"gold_loss":0}],"is_beta":false,"boss_relics":[{"not_picked":["Coffee Dripper","Busted Crown"],"picked":"Runic Pyramid"}],"items_purged_floors":[19],"is_endless":false,"potions_floor_spawned":[3,10,14,16,27],"killed_by":"Champ","ascension_level":20}