{"gold_per_floor":[117,117,129,139,133,162,232,282,307,307,229,263,287,333,345,357],"floor_reached":16,"playtime":531,"items_purged":[],"score":210,"play_id":"23b367ba-e959-4f3e-9289-2bb768ff98c3","local_time":"20181027123128","is_ascension_mode":true,"campfire_choices":[{"floor":10,"key":"REST"},{"floor":15,"key":"REST"}],"neow_cost":"NONE","seed_source_timestamp":17488621635891,"circlet_count":0,"master_deck":["Strike_B","Strike_B","Defend_B","Defend_B","Defend_B","Defend_B","Zap","Dualcast","AscendersBane","Lockon","Lockon","Streamline","Genetic Algorithm","Auto Shields","FTL","Biased Cognition","Compile Driver","Self Repair","Leap","Gash"],"relics":["Cracked Core","SsserpentHead","Dream Catcher","Bag of Preparation","MawBank","Gremlin Horn"],"potions_floor_usage":[6,14,14],"damage_taken":[{"damage":2,"enemies":"Jaw Worm","floor":1,"turns":3},{"damage":1,"enemies":"Cultist","floor":3,"turns":3},{"damage":1,"enemies":"2 Louse","floor":4,"turns":2},{"damage":29,"enemies":"3 Sentries","floor":6,"turns":6},{"damage":22,"enemies":"Exordium Wildlife","floor":7,"turns":4},{"damage":22,"enemies":"Gremlin Nob","floor":12,"turns":4},{"damage":0,"enemies":"Blue Slaver","floor":13,"turns":4},{"damage":16,"enemies":"3 Sentries","floor":14,"turns":7},{"damage":41,"enemies":"Slime Boss","floor":16,"turns":7}],"seed_played":"-1327719666526026284","potions_obtained":[{"floor":3,"key":"AttackPotion"},{"floor":4,"key":"Swift Potion"},{"floor":13,"key":"SteroidPotion"}],"is_trial":false,"path_per_floor":["M","?","M","M","?","E","M","?","T","R","$","E","M","E","R"],"character_chosen":"DEFECT","items_purchased":["Self Repair"],"campfire_rested":2,"item_purchase_floors":[11],"current_hp_per_floor":[62,62,61,60,60,31,9,9,9,30,30,15,22,13,34,0],"gold":357,"neow_bonus":"TRANSFORM_CARD","is_prod":false,"is_daily":false,"chose_seed":false,"campfire_upgraded":0,"win_rate":0,"timestamp":1540668688,"path_taken":["M","?","M","M","?","E","?","?","T","R","$","E","M","E","R","BOSS"],"build_version":"2018-10-25v2","purchased_purges":0,"victory":false,"max_hp_per_floor":[71,71,71,71,71,71,71,71,71,71,71,71,71,71,71,71],"card_choices":[{"not_picked":["Leap","Hologram"],"picked":"Lockon","floor":1},{"not_picked":["Heatsinks","Gash"],"picked":"Streamline","floor":3},{"not_picked":["Streamline","FTL"],"picked":"Genetic Algorithm","floor":4},{"not_picked":["Beam Cell","Coolheaded"],"picked":"Auto Shields","floor":6},{"not_picked":["Gash","Force Field"],"picked":"FTL","floor":7},{"not_picked":["Stack","Steam"],"picked":"Compile Driver","floor":10},{"not_picked":["Compile Driver","Reinforced Body"],"picked":"Leap","floor":12},{"not_picked":["Redo","Darkness","Steam"],"picked":"SKIP","floor":13},{"not_picked":["Heatsinks","Aggregate","BootSequence"],"picked":"SKIP","floor":14},{"not_picked":["Turbo","Consume"],"picked":"Gash","floor":15}],"player_experience":1493166,"relics_obtained":[{"floor":6,"key":"Dream Catcher"},{"floor":9,"key":"Bag of Preparation"},{"floor":12,"key":"MawBank"},{"floor":14,"key":"Gremlin Horn"}],"event_choices":[{"damage_healed":0,"gold_gain":0,"player_choice":"Trade","damage_taken":0,"relics_obtained":["SsserpentHead"],"max_hp_gain":0,"max_hp_loss":0,"event_name":"FaceTrader","floor":2,"gold_loss":0},{"damage_healed":0,"gold_gain":0,"player_choice":"Left Gold","damage_taken":0,"max_hp_gain":0,"max_hp_loss":0,"event_name":"World of Goop","floor":5,"gold_loss":56},{"damage_healed":0,"gold_gain":0,"cards_transformed":["Strike_B"],"player_choice":"Transformed","damage_taken":0,"max_hp_gain":0,"max_hp_loss":0,"event_name":"Transmorgrifier","floor":8,"gold_loss":0,"cards_obtained":["Biased Cognition"]}],"is_beta":false,"boss_relics":[],"items_purged_floors":[],"is_endless":false,"potions_floor_spawned":[3,4,13],"killed_by":"Slime Boss","ascension_level":15}