{"gold_per_floor":[114,132,148,163,182,182,195,195,277,291,221,249,249,280,280,352,352,367,367,381,381,396,396,416,442,466,466],"floor_reached":27,"playtime":1877,"items_purged":[],"score":564,"play_id":"f54fa604-a05b-4dba-90db-2aa30f7c92e3","local_time":"20180727193521","is_ascension_mode":true,"campfire_choices":[{"data":"Hologram","floor":6,"key":"SMITH"},{"data":"Dualcast","floor":8,"key":"SMITH"},{"data":"Ball Lightning","floor":13,"key":"SMITH"},{"data":"Glacier","floor":15,"key":"SMITH"},{"data":"Ball Lightning","floor":23,"key":"SMITH"}],"neow_cost":"NONE","seed_source_timestamp":43397129383128,"circlet_count":0,"master_deck":["Strike_B","Strike_B","Strike_B","Strike_B","Defend_B","Defend_B","Defend_B","Defend_B","Zap+1","Dualcast+1","AscendersBane","Ball Lightning+1","BootSequence","Hologram+1","Steam","Glacier+1","Conserve Battery","Compile Driver","Ball Lightning+1","Biased Cognition","Coolheaded","Glacier","Rebound","Ball Lightning","Capacitor"],"relics":["Cracked Core","Mercury Hourglass","Pen Nib","Incense Burner","Eternal Feather","Juzu Bracelet","Oddly Smooth Stone"],"potions_floor_usage":[12,25,27,27],"damage_taken":[{"damage":1,"enemies":"Cultist","floor":1,"turns":4},{"damage":1,"enemies":"Small Slimes","floor":2,"turns":3},{"damage":8,"enemies":"2 Louse","floor":3,"turns":2},{"damage":0,"enemies":"Red Slaver","floor":4,"turns":3},{"damage":0,"enemies":"Large Slime","floor":5,"turns":5},{"damage":0,"enemies":"Looter","floor":7,"turns":2},{"damage":0,"enemies":"2 Fungi Beasts","floor":10,"turns":3},{"damage":15,"enemies":"Gremlin Nob","floor":12,"turns":4},{"damage":0,"enemies":"Lagavulin","floor":14,"turns":6},{"damage":0,"enemies":"The Guardian","floor":16,"turns":9},{"damage":7,"enemies":"Spheric Guardian","floor":18,"turns":4},{"damage":1,"enemies":"3 Byrds","floor":20,"turns":4},{"damage":16,"enemies":"Cultist and Chosen","floor":22,"turns":8},{"damage":14,"enemies":"Centurion and Healer","floor":24,"turns":8},{"damage":32,"enemies":"Slavers","floor":25,"turns":6},{"damage":7,"enemies":"Book of Stabbing","floor":27,"turns":2}],"seed_played":"-6929486028657904373","potions_obtained":[{"floor":2,"key":"Block Potion"},{"floor":4,"key":"EssenceOfSteel"},{"floor":12,"key":"Weak Potion"},{"floor":25,"key":"LiquidBronze"}],"is_trial":false,"path_per_floor":["M","M","M","M","M","R","M","R","T","M","$","E","R","E","R","B",null,"M","?","M","?","M","R","M","E","T"],"character_chosen":"DEFECT","items_purchased":["Conserve Battery","Compile Driver"],"campfire_rested":0,"item_purchase_floors":[11,11],"current_hp_per_floor":[63,62,54,54,54,54,54,54,54,54,54,39,39,39,39,39,63,56,56,55,55,39,51,37,5,5,0],"gold":466,"neow_bonus":"UPGRADE_CARD","is_prod":false,"is_daily":false,"chose_seed":false,"campfire_upgraded":5,"win_rate":0,"timestamp":1532745321,"path_taken":["M","M","M","M","M","R","?","R","T","M","$","E","R","E","R","BOSS","M","?","?","?","M","R","M","E","T","E"],"build_version":"2018-07-26","purchased_purges":0,"victory":false,"max_hp_per_floor":[71,71,71,71,71,71,71,71,71,71,71,71,71,71,71,71,71,71,71,71,71,71,71,71,71,71,71],"card_choices":[{"not_picked":["Leap","Sweeping Beam"],"picked":"Ball Lightning","floor":1},{"not_picked":["Sunder","Fusion","Stack"],"picked":"SKIP","floor":2},{"not_picked":["Fusion","FTL"],"picked":"BootSequence","floor":3},{"not_picked":["Redo","Barrage","Sweeping Beam"],"picked":"SKIP","floor":4},{"not_picked":["Steam","BootSequence"],"picked":"Hologram","floor":5},{"not_picked":["Turbo","Fusion"],"picked":"Steam","floor":7},{"not_picked":["Reprogram","Cold Snap"],"picked":"Glacier","floor":10},{"not_picked":["Conserve Battery","Steam","Hologram"],"picked":"SKIP","floor":12},{"not_picked":["Steam","Leap"],"picked":"Ball Lightning","floor":14},{"not_picked":["Creative AI","Seek"],"picked":"Biased Cognition","floor":16},{"not_picked":["Storm","Conserve Battery"],"picked":"Coolheaded","floor":18},{"not_picked":["Cold Snap","Undo","Stack"],"picked":"SKIP","floor":20},{"not_picked":["Loop","Steam Power"],"picked":"Rebound","floor":22},{"not_picked":["Barrage+1","Turbo"],"picked":"Ball Lightning","floor":24},{"not_picked":["Gash","Redo"],"picked":"Capacitor","floor":25}],"player_experience":916204,"relics_obtained":[{"floor":9,"key":"Mercury Hourglass"},{"floor":12,"key":"Pen Nib"},{"floor":14,"key":"Incense Burner"},{"floor":25,"key":"Juzu Bracelet"},{"floor":26,"key":"Oddly Smooth Stone"}],"event_choices":[{"event_name":"Cursed Tome","player_choice":"Ignored","floor":19,"damage_taken":0},{"event_name":"The Library","player_choice":"Read","floor":21,"damage_taken":0}],"is_beta":false,"boss_relics":[{"not_picked":["Philosopher\u0027s Stone","Orrery"],"picked":"Eternal Feather"}],"items_purged_floors":[],"is_endless":false,"potions_floor_spawned":[2,4,7,12,16,20,25],"killed_by":"Book of Stabbing","ascension_level":15}