{"gold_per_floor":[113,130,130,149,162,162,196,214,239,277,305,392,84,84,84,84],"floor_reached":16,"playtime":455,"items_purged":["Strike_R"],"score":140,"play_id":"7e359a1d-b789-4a76-b7c8-e0166dddc8b6","local_time":"25610722125107","is_ascension_mode":true,"campfire_choices":[{"data":"Bash","floor":6,"key":"SMITH"},{"floor":15,"key":"REST"}],"neow_cost":"NONE","seed_source_timestamp":11046610096573,"circlet_count":0,"master_deck":["Strike_R","Strike_R+1","Strike_R","Defend_R+1","Defend_R","Defend_R","Defend_R+1","Bash+1","Cleave","Clash","Flex","Thunderclap","Whirlwind+1","Normality"],"relics":["Burning Blood","War Paint","Juzu Bracelet","MawBank","Ancient Tea Set","Whetstone","Happy Flower"],"potions_floor_usage":[5,7,10,10,16,16,16],"damage_taken":[{"damage":6,"enemies":"Cultist","floor":1,"turns":4},{"damage":4,"enemies":"2 Louse","floor":2,"turns":2},{"damage":0,"enemies":"Small Slimes","floor":4,"turns":2},{"damage":33,"enemies":"Exordium Thugs","floor":5,"turns":7},{"damage":17,"enemies":"3 Sentries","floor":7,"turns":6},{"damage":0,"enemies":"Large Slime","floor":8,"turns":3},{"damage":28,"enemies":"Lagavulin","floor":10,"turns":4},{"damage":10,"enemies":"3 Louse","floor":11,"turns":2},{"damage":29,"enemies":"Hexaghost","floor":16,"turns":7}],"seed_played":"-4688965189091523010","potions_obtained":[{"floor":2,"key":"AttackPotion"},{"floor":5,"key":"Strength Potion"},{"floor":7,"key":"Block Potion"},{"floor":8,"key":"Strength Potion"},{"floor":11,"key":"BloodPotion"}],"is_trial":false,"path_per_floor":["M","M","?","M","M","R","E","M","T","E","M","?","$","?","R"],"character_chosen":"IRONCLAD","items_purchased":["Whetstone","FearPotion","AttackPotion"],"campfire_rested":1,"item_purchase_floors":[13,13,13],"current_hp_per_floor":[80,80,73,79,52,52,41,47,47,25,21,10,10,10,34,13],"gold":84,"neow_bonus":"RANDOM_COMMON_RELIC","is_prod":false,"is_daily":false,"chose_seed":false,"campfire_upgraded":1,"win_rate":0,"timestamp":1532238667,"path_taken":["M","?","?","M","M","R","E","M","T","E","M","?","$","?","R","BOSS"],"build_version":"2018-07-19v2","purchased_purges":1,"victory":false,"max_hp_per_floor":[80,80,80,80,80,80,80,80,80,80,80,80,80,80,80,80],"card_choices":[{"not_picked":["Anger","Wild Strike"],"picked":"Cleave","floor":1},{"not_picked":["Flame Barrier","Sentinel"],"picked":"Clash","floor":2},{"not_picked":["Havoc","Clothesline"],"picked":"Flex","floor":4},{"not_picked":["Flex","Perfected Strike","Pommel Strike"],"picked":"SKIP","floor":5},{"not_picked":["Clash","Heavy Blade"],"picked":"Thunderclap","floor":7},{"not_picked":["Anger","Dual Wield","Body Slam"],"picked":"SKIP","floor":8},{"not_picked":["Rampage","Corruption","Warcry"],"picked":"SKIP","floor":10},{"not_picked":["Armaments","Cleave"],"picked":"Whirlwind","floor":11}],"player_experience":113390,"relics_obtained":[{"floor":7,"key":"Juzu Bracelet"},{"floor":9,"key":"MawBank"},{"floor":10,"key":"Ancient Tea Set"}],"event_choices":[{"event_name":"Golden Wing","player_choice":"Card Removal","floor":3,"damage_taken":0},{"event_name":"World of Goop","player_choice":"Gather Gold","floor":12,"damage_taken":0},{"event_name":"Accursed Blacksmith","player_choice":"Rummage","floor":14,"damage_taken":0}],"is_beta":false,"boss_relics":[],"items_purged_floors":[13],"is_endless":false,"potions_floor_spawned":[2,5,7,8,11],"killed_by":"Hexaghost","ascension_level":5}