{"gold_per_floor":[115,115,58,69,69,102,102,137,137,163,192,222,222,250,250,323,323,339,339,100,100,21,21,50,63,63,97,97,114,114,141,141,219,219,233,247,260,273,288,321,321,355,355,390,400,416,12,46,46,46,46],"floor_reached":52,"playtime":2250,"items_purged":["Sweeping Beam"],"score":3048,"play_id":"1bbfbe1c-4c13-440f-b37c-9a5165a14944","local_time":"20190119164958","daily_mods":["SealedDeck","DeadlyEvents","Elite Swarm"],"is_ascension_mode":true,"campfire_choices":[{"data":"Genetic Algorithm","floor":7.0,"key":"SMITH"},{"data":"Heatsinks","floor":13.0,"key":"SMITH"},{"data":"Fission","floor":15.0,"key":"SMITH"},{"data":"Heatsinks","floor":23.0,"key":"SMITH"},{"data":"Storm","floor":30.0,"key":"SMITH"},{"data":"Buffer","floor":32.0,"key":"SMITH"},{"data":"Seek","floor":41,"key":"SMITH"},{"data":"Capacitor","floor":49,"key":"SMITH"}],"neow_cost":"","seed_source_timestamp":0,"circlet_count":0,"master_deck":["AscendersBane","Coolheaded","Hello World","FTL","BootSequence","Compile Driver","Genetic Algorithm+1","Ball Lightning","Storm+1","Leap","Electrodynamics+1","Heatsinks+1","Seek+1","Biased Cognition","Fission+1","Rainbow","Buffer","Buffer+1","Machine Learning","Genetic Algorithm+1","Core Surge","Self Repair","Heatsinks+1","Biased Cognition","Loop","Fission+1","Heatsinks+1","Rainbow+1","Fission+1","Heatsinks","Reinforced Body+1","Coolheaded+1","Core Surge","Coolheaded+1","White Noise+1","Conserve Battery+1","Capacitor+1","Thunder Strike","Creative AI","Loop+1","Capacitor+1","Self Repair+1","Heatsinks+1","Biased Cognition+1"],"special_seed":0,"relics":["FrozenCore","Sundial","DataDisk","Mummified Hand","Girya","Prayer Wheel","Oddly Smooth Stone","Toxic Egg 2","The Courier","Matryoshka","Question Card","Strawberry","Cursed Key","Shovel","Frozen Egg 2","Bottled Tornado","Bag of Marbles"],"potions_floor_usage":[],"damage_taken":[{"damage":7.0,"enemies":"2 Louse","floor":1.0,"turns":3.0},{"damage":0.0,"enemies":"Cultist","floor":4.0,"turns":3.0},{"damage":6.0,"enemies":"Gremlin Nob","floor":6.0,"turns":3.0},{"damage":22.0,"enemies":"3 Sentries","floor":8.0,"turns":4.0},{"damage":3.0,"enemies":"Lagavulin","floor":10.0,"turns":3.0},{"damage":0.0,"enemies":"Gremlin Nob","floor":11.0,"turns":3.0},{"damage":0.0,"enemies":"Lagavulin","floor":12.0,"turns":3.0},{"damage":0.0,"enemies":"3 Sentries","floor":14.0,"turns":2.0},{"damage":0.0,"enemies":"Slime Boss","floor":16.0,"turns":4.0},{"damage":0.0,"enemies":"Spheric Guardian","floor":18.0,"turns":1.0},{"damage":4.0,"enemies":"Slavers","floor":24.0,"turns":3.0},{"damage":0.0,"enemies":"Chosen","floor":25.0,"turns":3.0},{"damage":0.0,"enemies":"Book of Stabbing","floor":27.0,"turns":2.0},{"damage":0.0,"enemies":"Shelled Parasite and Fungi","floor":29.0,"turns":2.0},{"damage":0.0,"enemies":"Slavers","floor":31.0,"turns":2.0},{"damage":0.0,"enemies":"Champ","floor":33.0,"turns":4.0},{"damage":0.0,"enemies":"Orb Walker","floor":35.0,"turns":2.0},{"damage":0.0,"enemies":"3 Shapes","floor":36.0,"turns":2.0},{"damage":4.0,"enemies":"Writhing Mass","floor":37.0,"turns":2.0},{"damage":0.0,"enemies":"4 Shapes","floor":38.0,"turns":2.0},{"damage":0.0,"enemies":"Maw","floor":39.0,"turns":2.0},{"damage":0.0,"enemies":"Nemesis","floor":40.0,"turns":1.0},{"damage":0,"enemies":"Reptomancer","floor":42,"turns":2},{"damage":0,"enemies":"Nemesis","floor":44,"turns":3},{"damage":0,"enemies":"3 Darklings","floor":45,"turns":1},{"damage":0,"enemies":"Sphere and 2 Shapes","floor":46,"turns":2},{"damage":0,"enemies":"Reptomancer","floor":48,"turns":1},{"damage":0,"enemies":"Awakened One","floor":50,"turns":4},{"damage":0,"enemies":"Time Eater","floor":51,"turns":3}],"seed_played":"-1400395867106859817","potions_obtained":[{"floor":1.0,"key":"GamblersBrew"},{"floor":10.0,"key":"Weak Potion"},{"floor":12.0,"key":"PowerPotion"},{"floor":29.0,"key":"EssenceOfSteel"},{"floor":39.0,"key":"PowerPotion"}],"is_trial":true,"path_per_floor":["M","?","$","M","?","E","R","E","T","E","E","E","R","E","R","B",null,"M","?","$","?","$","R","E","M","T","E","$","M","R","E","R","B",null,"M","M","M","M","M","E","R","E","T","E","M","M","$","E","R","B","B",null],"character_chosen":"DEFECT","items_purchased":["SteroidPotion","Core Surge","Self Repair","Heatsinks","Bottled Tornado","Capacitor+1","Self Repair+1","Heatsinks+1"],"campfire_rested":0,"item_purchase_floors":[3,20,20,22,47,47,47,47],"current_hp_per_floor":[57,57,57,57,57,51,51,29,29,26,26,26,26,26,26,26,60,60,60,60,60,60,60,63,70,70,71,71,71,71,78,78,78,78,78,78,78,78,78,78,78,78,78,78,78,78,78,78,78,78,78],"gold":46,"neow_bonus":"","is_prod":false,"is_daily":false,"chose_seed":true,"campfire_upgraded":8,"win_rate":0,"timestamp":1547945398,"path_taken":["M","?","$","?","?","E","R","E","T","E","?","?","R","E","R","BOSS","M","?","$","?","$","R","E","M","T","E","?","M","R","E","R","BOSS","M","M","M","M","M","E","R","E","T","E","M","?","$","E","R","BOSS","BOSS"],"build_version":"2019-01-17v2","purchased_purges":1,"victory":true,"max_hp_per_floor":[71,71,71,71,71,71,71,71,71,71,71,71,71,71,71,71,71,71,71,71,71,71,71,71,71,71,71,71,71,71,78,78,78,78,78,78,78,78,78,78,78,78,78,78,78,78,78,78,78,78,78],"card_choices":[{"not_picked":["Turbo","Compile Driver"],"picked":"Leap","floor":1.0},{"not_picked":["Cold Snap","Compile Driver"],"picked":"Heatsinks","floor":4.0},{"not_picked":["Machine Learning","All For One"],"picked":"Seek","floor":6.0},{"not_picked":["Core Surge","Amplify"],"picked":"Biased Cognition","floor":8.0},{"not_picked":["All For One","Creative AI"],"picked":"Fission","floor":10.0},{"not_picked":["All For One","Core Surge"],"picked":"Rainbow","floor":11.0},{"not_picked":["Creative AI","Rainbow"],"picked":"Buffer","floor":12.0},{"not_picked":["Reboot","Meteor Strike"],"picked":"Buffer","floor":14.0},{"not_picked":["Buffer","Reboot+1"],"picked":"Machine Learning","floor":16.0},{"not_picked":["Chill+1","Barrage"],"picked":"Genetic Algorithm+1","floor":18.0},{"not_picked":["Auto Shields+1","Lockon+1","Hologram+1"],"picked":"SKIP","floor":18.0},{"not_picked":["Multi-Cast+1","Core Surge"],"picked":"Biased Cognition","floor":24.0},{"not_picked":["Recycle+1","Ball Lightning"],"picked":"Loop","floor":25.0},{"not_picked":["Steam+1","Conserve Battery+1","FTL"],"picked":"SKIP","floor":25.0},{"not_picked":["Amplify+1","Seek+1"],"picked":"Fission+1","floor":27.0},{"not_picked":["Consume+1","Rip and Tear","Redo+1"],"picked":"Heatsinks+1","floor":29.0},{"not_picked":["Go for the Eyes+1","Stack+1","Turbo+1","Compile Driver"],"picked":"SKIP","floor":29.0},{"not_picked":["Amplify+1","Hyperbeam","Electrodynamics"],"picked":"Rainbow+1","floor":31.0},{"not_picked":["Reboot+1","All For One","Machine Learning"],"picked":"Fission+1","floor":33.0},{"not_picked":["Darkness+1","Gash","Beam Cell"],"picked":"Heatsinks","floor":35.0},{"not_picked":["Stack+1","Ball Lightning+1","Gash+1"],"picked":"Reinforced Body+1","floor":35.0},{"not_picked":["Ball Lightning","Gash","Genetic Algorithm+1"],"picked":"Coolheaded+1","floor":36.0},{"not_picked":["Steam+1","Sunder","Conserve Battery+1"],"picked":"Core Surge","floor":36.0},{"not_picked":["Sunder","Barrage","Beam Cell"],"picked":"Coolheaded+1","floor":37.0},{"not_picked":["Self Repair","Coolheaded+1","Redo+1"],"picked":"White Noise+1","floor":37.0},{"not_picked":["Cold Snap+1","Steam+1","Stack+1"],"picked":"Conserve Battery+1","floor":38.0},{"not_picked":["Hologram+1","Genetic Algorithm+1","Fusion+1","Reboot+1"],"picked":"SKIP","floor":38.0},{"not_picked":["Steam Power+1","Skim+1","Tempest+1"],"picked":"Capacitor","floor":39.0},{"not_picked":["Steam+1","Hologram+1","Fusion+1","Stack+1"],"picked":"SKIP","floor":39.0},{"not_picked":["Creative AI","Hyperbeam","Reboot+1"],"picked":"Thunder Strike","floor":40},{"not_picked":["Machine Learning","Fission+1","Hyperbeam"],"picked":"Creative AI","floor":42},{"not_picked":["Thunder Strike","Amplify+1","Seek+1","Meteor Strike"],"picked":"SKIP","floor":44},{"not_picked":["Glacier+1","Doom and Gloom+1","Ball Lightning"],"picked":"Loop+1","floor":45},{"not_picked":["Hologram+1","Go for the Eyes","Turbo+1","Leap+1"],"picked":"SKIP","floor":45},{"not_picked":["Barrage+1","Ball Lightning+1","Reprogram+1","Sweeping Beam"],"picked":"SKIP","floor":46},{"not_picked":["Chaos+1","Ball Lightning","Compile Driver","Beam Cell"],"picked":"SKIP","floor":46},{"not_picked":["Reboot+1","Amplify+1","Electrodynamics+1"],"picked":"Biased Cognition+1","floor":48}],"player_experience":2026777,"relics_obtained":[{"floor":6.0,"key":"Sundial"},{"floor":8.0,"key":"DataDisk"},{"floor":9.0,"key":"Mummified Hand"},{"floor":10.0,"key":"Girya"},{"floor":11.0,"key":"Prayer Wheel"},{"floor":12.0,"key":"Oddly Smooth Stone"},{"floor":14.0,"key":"Toxic Egg 2"},{"floor":24.0,"key":"The Courier"},{"floor":26.0,"key":"Matryoshka"},{"floor":27.0,"key":"Question Card"},{"floor":31.0,"key":"Strawberry"},{"floor":42,"key":"Shovel"},{"floor":44,"key":"Frozen Egg 2"},{"floor":48,"key":"Bag of Marbles"}],"event_choices":[{"damage_healed":0.0,"max_hp_gain":0.0,"max_hp_loss":0.0,"gold_gain":0.0,"cards_transformed":["Coolheaded"],"event_name":"Transmorgrifier","player_choice":"Transformed","floor":2.0,"gold_loss":0.0,"damage_taken":0.0,"cards_obtained":["Electrodynamics"]},{"damage_healed":0.0,"max_hp_gain":0.0,"max_hp_loss":0.0,"gold_gain":0.0,"event_name":"Living Wall","player_choice":"Grow","floor":5.0,"gold_loss":0.0,"damage_taken":0.0,"cards_upgraded":["Electrodynamics"]},{"damage_healed":0.0,"max_hp_gain":0.0,"max_hp_loss":0.0,"gold_gain":0.0,"event_name":"The Mausoleum","player_choice":"Ignored","floor":19.0,"gold_loss":0.0,"damage_taken":0.0},{"damage_healed":0.0,"max_hp_gain":0.0,"max_hp_loss":0.0,"gold_gain":0.0,"event_name":"Beggar","player_choice":"Ignored","floor":21.0,"gold_loss":0.0,"damage_taken":0.0}],"is_beta":false,"boss_relics":[{"not_picked":["White Beast Statue","Snecko Eye"],"picked":"FrozenCore"},{"not_picked":["Calling Bell","Busted Crown"],"picked":"Cursed Key"}],"items_purged_floors":[20],"is_endless":false,"potions_floor_spawned":[1,10,12,14,27,29,35,37,39,45,46],"ascension_level":20}