{"gold_per_floor":[112,112,128,128,143,143,184,202,226,259,259,329,377,402,414,519,531,556,568,580,592,618,630,683,695,707,719,745,487,508,531,531,625,625,649,662,685,709,315,351,351,351,351,351,321,355,355,373,373,373],"floor_reached":51,"playtime":3237,"items_purged":["Strike_R","Strike_R"],"score":1329,"play_id":"3ec9852a-9035-42fc-9fdf-3e993e079f57","local_time":"20180721172213","is_ascension_mode":true,"campfire_choices":[{"data":"Uppercut","floor":6.0,"key":"SMITH"},{"floor":11.0,"key":"REST"},{"data":"Demon Form","floor":15.0,"key":"SMITH"},{"floor":23.0,"key":"REST"},{"data":"Armaments","floor":25.0,"key":"PURGE"},{"data":"Strike_R","floor":27.0,"key":"PURGE"},{"floor":32.0,"key":"REST"},{"floor":41.0,"key":"REST"},{"data":"Limit Break","floor":44,"key":"SMITH"},{"data":"Shrug It Off","floor":47,"key":"SMITH"},{"data":"Defend_R","floor":49,"key":"PURGE"}],"neow_cost":"","seed_source_timestamp":31090061182764,"circlet_count":0,"master_deck":["Strike_R","Strike_R","Defend_R","Defend_R+1","Defend_R","Bash","AscendersBane","Thunderclap","Uppercut+1","Sword Boomerang","Metallicize","Demon Form+1","Shockwave","Seeing Red","Impervious","Anger+1","Armaments+1","Sword Boomerang","Twin Strike","True Grit+1","Shrug It Off","Warcry+1","Metallicize+1","Limit Break+1","Second Wind+1","Shrug It Off+1","Flame Barrier","Pummel","Shrug It Off+1"],"special_seed":0,"relics":["Burning Blood","Golden Idol","Bronze Scales","Peace Pipe","Regal Pillow","Prayer Wheel","MawBank","Bag of Marbles","Velvet Choker","Anchor","Dead Branch","War Paint","Cursed Key","Blood Vial","The Courier","Omamori"],"potions_floor_usage":[46,46],"damage_taken":[{"damage":6.0,"enemies":"2 Louse","floor":1.0,"turns":4.0},{"damage":7.0,"enemies":"Small Slimes","floor":3.0,"turns":4.0},{"damage":8.0,"enemies":"Jaw Worm","floor":5.0,"turns":4.0},{"damage":21.0,"enemies":"Gremlin Nob","floor":7.0,"turns":4.0},{"damage":14.0,"enemies":"Lots of Slimes","floor":8.0,"turns":4.0},{"damage":33.0,"enemies":"Lagavulin","floor":10.0,"turns":9.0},{"damage":24.0,"enemies":"Gremlin Nob","floor":12.0,"turns":4.0},{"damage":10.0,"enemies":"Gremlin Nob","floor":13.0,"turns":3.0},{"damage":5.0,"enemies":"2 Fungi Beasts","floor":14.0,"turns":4.0},{"damage":14.0,"enemies":"Hexaghost","floor":16.0,"turns":9.0},{"damage":7.0,"enemies":"Chosen","floor":18.0,"turns":5.0},{"damage":24.0,"enemies":"Spheric Guardian","floor":22.0,"turns":5.0},{"damage":36.0,"enemies":"Gremlin Leader","floor":24.0,"turns":7.0},{"damage":4.0,"enemies":"Centurion and Healer","floor":28.0,"turns":6.0},{"damage":4.0,"enemies":"3 Cultists","floor":30.0,"turns":5.0},{"damage":19.0,"enemies":"Slaver and Parasite","floor":31.0,"turns":6.0},{"damage":7.0,"enemies":"Champ","floor":33.0,"turns":8.0},{"damage":16.0,"enemies":"3 Shapes","floor":35.0,"turns":4.0},{"damage":7.0,"enemies":"Orb Walker","floor":36.0,"turns":3.0},{"damage":19.0,"enemies":"Spire Growth","floor":37.0,"turns":5.0},{"damage":30.0,"enemies":"3 Darklings","floor":38.0,"turns":4.0},{"damage":14.0,"enemies":"2 Orb Walkers","floor":40.0,"turns":4.0},{"damage":5,"enemies":"Nemesis","floor":46,"turns":9},{"damage":3,"enemies":"Maw","floor":48,"turns":6},{"damage":49,"enemies":"Donu and Deca","floor":50,"turns":7}],"seed_played":"983888078082817962","potions_obtained":[{"floor":5.0,"key":"Energy Potion"},{"floor":10.0,"key":"Fire Potion"},{"floor":12.0,"key":"FearPotion"},{"floor":12.0,"key":"Explosive Potion"},{"floor":13.0,"key":"FearPotion"},{"floor":16.0,"key":"LiquidBronze"},{"floor":24.0,"key":"FearPotion"},{"floor":31.0,"key":"Strength Potion"},{"floor":33.0,"key":"EssenceOfSteel"},{"floor":38.0,"key":"Strength Potion"},{"floor":45,"key":"BloodPotion"},{"floor":45,"key":"SneckoOil"}],"is_trial":false,"path_per_floor":["M","?","M","T","M","R","E","M","T","E","R","?","E","M","R","B",null,"M","?","?","?","M","R","E","R","T","R","M","$","M","M","R","B",null,"M","M","M","M","$","E","R","?","T","R","?","E","R","M","R","B"],"character_chosen":"IRONCLAD","items_purchased":["Shrug It Off","War Paint","Flame Barrier","Blood Vial","EssenceOfSteel"],"campfire_rested":4,"item_purchase_floors":[29,29,39,39,39],"current_hp_per_floor":[68,68,67,67,65,65,50,42,42,15,50,32,28,29,29,21,56,55,55,55,55,37,68,38,38,38,38,40,40,42,29,64,63,67,62,61,48,24,24,18,53,53,53,53,53,62,62,68,68,25],"gold":373,"neow_bonus":"","is_prod":false,"is_daily":false,"chose_seed":false,"campfire_upgraded":4,"win_rate":0,"timestamp":1532218933,"path_taken":["M","?","M","?","M","R","E","?","T","E","R","?","E","M","R","BOSS","M","?","?","?","M","R","E","R","T","R","M","$","M","M","R","BOSS","M","M","M","M","$","E","R","?","T","R","?","E","R","M","R","BOSS"],"build_version":"2018-07-19v2","purchased_purges":2,"victory":true,"max_hp_per_floor":[75,68,68,68,68,68,68,68,68,68,68,68,68,68,68,68,68,68,68,68,68,68,68,68,68,68,68,68,68,68,68,68,68,68,68,68,68,68,68,68,68,68,68,68,68,68,68,68,68,68],"card_choices":[{"not_picked":["Clash","Perfected Strike"],"picked":"Thunderclap","floor":1.0},{"not_picked":["Battle Trance","Clash"],"picked":"Uppercut","floor":3.0},{"not_picked":["Havoc","Body Slam"],"picked":"Sword Boomerang","floor":5.0},{"not_picked":["Wild Strike","Infernal Blade"],"picked":"Armaments","floor":7.0},{"not_picked":["Perfected Strike","Havoc"],"picked":"Metallicize","floor":8.0},{"not_picked":["Battle Trance","Uppercut"],"picked":"Demon Form","floor":10.0},{"not_picked":["Second Wind","Body Slam"],"picked":"Shockwave","floor":12.0},{"not_picked":["Demon Form","Perfected Strike"],"picked":"Seeing Red","floor":13.0},{"not_picked":["Rupture","Blood for Blood","Hemokinesis"],"picked":"SKIP","floor":14.0},{"not_picked":["Armaments","Flex","Inflame"],"picked":"SKIP","floor":14.0},{"not_picked":["Barricade","Immolate"],"picked":"Impervious","floor":16.0},{"not_picked":["Perfected Strike","Heavy Blade+1"],"picked":"Anger+1","floor":18.0},{"not_picked":["Warcry","Feel No Pain","Anger+1"],"picked":"SKIP","floor":18.0},{"not_picked":["Flex","Uppercut"],"picked":"Armaments+1","floor":22.0},{"not_picked":["Entrench","Brutality"],"picked":"Sword Boomerang","floor":22.0},{"not_picked":["Dropkick","Berserk","Headbutt+1"],"picked":"SKIP","floor":24.0},{"not_picked":["Body Slam+1","Cleave"],"picked":"Twin Strike","floor":28.0},{"not_picked":["Cleave","Pommel Strike"],"picked":"True Grit","floor":28.0},{"not_picked":["Heavy Blade+1","Sword Boomerang"],"picked":"Warcry+1","floor":30.0},{"not_picked":["Entrench","Reckless Charge","Bloodletting"],"picked":"SKIP","floor":30.0},{"not_picked":["Dropkick","Perfected Strike","Burning Pact"],"picked":"SKIP","floor":31.0},{"not_picked":["Feel No Pain","Dropkick","Pommel Strike"],"picked":"SKIP","floor":31.0},{"not_picked":["Headbutt","Sword Boomerang","Armaments"],"picked":"SKIP","floor":35.0},{"not_picked":["Carnage","Exhume","Ghostly Armor"],"picked":"SKIP","floor":35.0},{"not_picked":["Clothesline","Flex"],"picked":"Metallicize+1","floor":36.0},{"not_picked":["Pommel Strike+1","Headbutt+1","Twin Strike"],"picked":"SKIP","floor":36.0},{"not_picked":["Anger","Disarm"],"picked":"Limit Break","floor":37.0},{"not_picked":["Perfected Strike","Warcry","Body Slam"],"picked":"SKIP","floor":37.0},{"not_picked":["Headbutt","Rupture"],"picked":"Second Wind+1","floor":38.0},{"not_picked":["Fire Breathing+1","Warcry+1"],"picked":"Shrug It Off","floor":38.0},{"not_picked":["Rage+1","Fire Breathing","Warcry"],"picked":"SKIP","floor":40.0},{"not_picked":["Iron Wave","Armaments+1"],"picked":"Pummel","floor":46},{"not_picked":["Sentinel","Pummel"],"picked":"Shrug It Off+1","floor":48},{"not_picked":["Sword Boomerang","Hemokinesis","Rage"],"picked":"SKIP","floor":48}],"player_experience":832015,"relics_obtained":[{"floor":4.0,"key":"Bronze Scales"},{"floor":7.0,"key":"Peace Pipe"},{"floor":9.0,"key":"Regal Pillow"},{"floor":10.0,"key":"Prayer Wheel"},{"floor":12.0,"key":"MawBank"},{"floor":13.0,"key":"Bag of Marbles"},{"floor":24.0,"key":"Anchor"},{"floor":26.0,"key":"Dead Branch"},{"floor":40.0,"key":"The Courier"},{"floor":46,"key":"Omamori"}],"event_choices":[{"event_name":"Golden Idol","player_choice":"Lose Max HP","floor":2.0,"damage_taken":0.0},{"event_name":"Dead Adventurer","player_choice":"Searched \u00271\u0027 times","floor":12.0,"damage_taken":0.0},{"event_name":"Ghosts","player_choice":"Ignored","floor":19.0,"damage_taken":0.0},{"event_name":"Match and Keep!","player_choice":"0 cards matched","floor":20.0,"damage_taken":0.0},{"event_name":"N\u0027loth","player_choice":"Ignored","floor":21.0,"damage_taken":0.0},{"event_name":"FaceTrader","player_choice":"Leave","floor":42.0,"damage_taken":0.0},{"event_name":"The Woman in Blue","player_choice":"Bought 2 Potions","floor":45,"damage_taken":0}],"is_beta":false,"boss_relics":[{"not_picked":["Tiny House","Astrolabe"],"picked":"Velvet Choker"},{"not_picked":["Runic Cube","Runic Pyramid"],"picked":"Cursed Key"}],"items_purged_floors":[29,39],"is_endless":false,"potions_floor_spawned":[5,10,12,12,13,16,24,31,33,35,36,38],"ascension_level":15}