{"gold_per_floor":[116,132,132,152,169,201,201,234,234,267,287,315,315,342,342,420,470,484,503,399,409,419,419,450,450,450,480,515,549,729,759,759,833,833,846,859,385,396,406,434,452,484,484,484,513,190,223,223,223,223,223,223,223,85,119,119],"floor_reached":57,"playtime":3884,"items_purged":["Noxious Fumes","Dagger Spray"],"score":3516,"play_id":"ef0468e7-5a3c-497c-b9b7-75ed5b7a859f","local_time":"20190118173131","daily_mods":["SealedDeck","DeadlyEvents","Elite Swarm"],"is_ascension_mode":true,"campfire_choices":[{"floor":7.0,"key":"REST"},{"data":"A Thousand Cuts","floor":13.0,"key":"SMITH"},{"data":"Burst","floor":15.0,"key":"SMITH"},{"data":"PiercingWail","floor":23.0,"key":"SMITH"},{"floor":32.0,"key":"REST"},{"data":"Envenom","floor":44.0,"key":"SMITH"},{"floor":49.0,"key":"RECALL"},{"data":"Footwork","floor":53.0,"key":"SMITH"}],"neow_cost":"","seed_source_timestamp":0,"circlet_count":0,"master_deck":["AscendersBane","Blade Dance","Backflip","Dash","PiercingWail+1","Poisoned Stab","Infinite Blades+1","Cloak And Dagger+1","Cloak And Dagger+1","Backstab","A Thousand Cuts+1","Burst+1","Malaise+1","Cloak And Dagger+1","Backflip+1","Burst+1","Malaise+1","Envenom+1","Dodge and Roll+1","PiercingWail+1","Footwork+1","Backflip+1","Night Terror+1"],"special_seed":0,"relics":["Ring of the Snake","Happy Flower","Incense Burner","Sundial","FossilizedHelix","Toxic Egg 2","Pantograph","Tiny House","Tingsha","Regal Pillow","Snake Skull","Pear","Matryoshka","Lantern","Coffee Dripper","Singing Bowl","Darkstone Periapt","Potion Belt","Blood Vial","Blue Candle","Gambling Chip","Bag of Marbles","Oddly Smooth Stone"],"potions_floor_usage":[56,56,56],"damage_taken":[{"damage":0.0,"enemies":"2 Louse","floor":1.0,"turns":2.0},{"damage":0.0,"enemies":"Cultist","floor":2.0,"turns":3.0},{"damage":0.0,"enemies":"Small Slimes","floor":4.0,"turns":3.0},{"damage":0.0,"enemies":"2 Fungi Beasts","floor":5.0,"turns":3.0},{"damage":15.0,"enemies":"3 Sentries","floor":6.0,"turns":6.0},{"damage":0.0,"enemies":"Gremlin Nob","floor":8.0,"turns":3.0},{"damage":8.0,"enemies":"3 Sentries","floor":10.0,"turns":5.0},{"damage":0.0,"enemies":"Blue Slaver","floor":11.0,"turns":3.0},{"damage":0.0,"enemies":"Lagavulin","floor":12.0,"turns":5.0},{"damage":4.0,"enemies":"3 Sentries","floor":14.0,"turns":4.0},{"damage":0.0,"enemies":"Slime Boss","floor":16.0,"turns":8.0},{"damage":0.0,"enemies":"3 Byrds","floor":18.0,"turns":3.0},{"damage":0.0,"enemies":"2 Thieves","floor":19.0,"turns":3.0},{"damage":0.0,"enemies":"3 Cultists","floor":21.0,"turns":4.0},{"damage":6.0,"enemies":"Snake Plant","floor":22.0,"turns":6.0},{"damage":31.0,"enemies":"Slavers","floor":24.0,"turns":5.0},{"damage":0.0,"enemies":"Book of Stabbing","floor":27.0,"turns":7.0},{"damage":0.0,"enemies":"Slavers","floor":28.0,"turns":3.0},{"damage":0.0,"enemies":"Book of Stabbing","floor":29.0,"turns":6.0},{"damage":9.0,"enemies":"Slavers","floor":31.0,"turns":3.0},{"damage":66.0,"enemies":"Collector","floor":33.0,"turns":9.0},{"damage":0.0,"enemies":"Orb Walker","floor":35.0,"turns":3.0},{"damage":0.0,"enemies":"3 Darklings","floor":36.0,"turns":2.0},{"damage":0.0,"enemies":"4 Shapes","floor":38.0,"turns":5.0},{"damage":0.0,"enemies":"Spire Growth","floor":39.0,"turns":4.0},{"damage":0.0,"enemies":"Giant Head","floor":40.0,"turns":6.0},{"damage":0.0,"enemies":"Transient","floor":41.0,"turns":6.0},{"damage":0.0,"enemies":"Reptomancer","floor":42.0,"turns":6.0},{"damage":0.0,"enemies":"Giant Head","floor":45.0,"turns":7.0},{"damage":0.0,"enemies":"Reptomancer","floor":47.0,"turns":5.0},{"damage":4.0,"enemies":"Awakened One","floor":50.0,"turns":14.0},{"damage":14.0,"enemies":"Donu and Deca","floor":51.0,"turns":12.0},{"damage":50,"enemies":"Shield and Spear","floor":55,"turns":14},{"damage":8,"enemies":"The Heart","floor":56,"turns":11}],"seed_played":"5829369910308533818","potions_obtained":[{"floor":1.0,"key":"SneckoOil"},{"floor":5.0,"key":"Ancient Potion"},{"floor":6.0,"key":"SteroidPotion"},{"floor":8.0,"key":"Fire Potion"},{"floor":16.0,"key":"Strength Potion"},{"floor":19.0,"key":"Regen Potion"},{"floor":28.0,"key":"Poison Potion"},{"floor":35.0,"key":"Swift Potion"},{"floor":39.0,"key":"SpeedPotion"},{"floor":41.0,"key":"SpeedPotion"},{"floor":45.0,"key":"Weak Potion"}],"is_trial":true,"path_per_floor":["M","M","?","M","M","E","R","E","T","E","M","E","R","E","R","B",null,"M","M","$","M","M","R","E","?","T","E","E","E","?","E","R","B",null,"M","M","$","M","M","E","M","E","T","R","E","$","E","?","R","B","B",null,"R","$","E","B",null],"character_chosen":"THE_SILENT","items_purchased":["Backflip+1","Footwork","Singing Bowl","Gambling Chip","LiquidBronze","Weak Potion"],"campfire_rested":2,"item_purchase_floors":[20,37,37,46,54,54],"current_hp_per_floor":[59,59,39,39,39,24,43,43,43,35,35,35,35,31,31,56,69,69,69,69,69,63,63,32,32,32,47,57,57,33,24,63,15,65,65,65,65,67,67,69,71,73,73,73,77,77,81,83,83,91,81,92,92,92,44,63],"gold":119,"neow_bonus":"","is_prod":false,"is_daily":false,"chose_seed":false,"campfire_upgraded":5,"win_rate":0,"timestamp":1547861491,"path_taken":["M","M","?","M","M","E","R","E","T","E","M","E","R","E","R","BOSS","M","M","$","M","M","R","E","?","T","E","?","E","?","E","R","BOSS","M","?","$","M","M","E","M","E","T","R","E","$","E","?","R","BOSS","BOSS","R","$","E","BOSS"],"build_version":"2019-01-17v2","purchased_purges":2,"victory":true,"max_hp_per_floor":[66,66,66,66,66,66,66,66,66,66,66,66,66,66,66,66,71,71,71,71,71,71,71,71,71,71,71,81,81,81,81,81,81,81,81,81,81,83,83,85,87,89,89,89,91,91,93,95,95,95,95,95,95,95,95,95],"card_choices":[{"not_picked":["Quick Slash","Outmaneuver"],"picked":"Backstab","floor":1.0},{"not_picked":["Cloak And Dagger","Dodge and Roll","Eviscerate"],"picked":"SKIP","floor":2.0},{"not_picked":["Cloak And Dagger","Quick Slash","PiercingWail"],"picked":"SKIP","floor":4.0},{"not_picked":["Corpse Explosion","Slice","Cloak And Dagger"],"picked":"SKIP","floor":5.0},{"not_picked":["A Thousand Cuts","Venomology","Bullet Time"],"picked":"SKIP","floor":6.0},{"not_picked":["Unload","Tools of the Trade"],"picked":"A Thousand Cuts","floor":8.0},{"not_picked":["Corpse Explosion","Doppelganger"],"picked":"Burst","floor":10.0},{"not_picked":["Acrobatics","Outmaneuver","Flechettes"],"picked":"SKIP","floor":11.0},{"not_picked":["Doppelganger","Wraith Form v2"],"picked":"Malaise","floor":12.0},{"not_picked":["Glass Knife","Tools of the Trade","Unload"],"picked":"SKIP","floor":14.0},{"not_picked":["Noxious Fumes","Dagger Throw"],"picked":"Cloak And Dagger+1","floor":17.0},{"not_picked":["Underhanded Strike","Outmaneuver+1","Bane"],"picked":"SKIP","floor":18.0},{"not_picked":["Acrobatics+1","Reflex+1","Choke"],"picked":"SKIP","floor":19.0},{"not_picked":["Bane","Underhanded Strike","Deflect+1"],"picked":"SKIP","floor":21.0},{"not_picked":["Tactician+1","Dagger Throw","Bouncing Flask+1"],"picked":"SKIP","floor":22.0},{"not_picked":["Bullet Time+1","Tools of the Trade"],"picked":"Burst+1","floor":24.0},{"not_picked":["Die Die Die","Phantasmal Killer+1","Grand Finale"],"picked":"SKIP","floor":27.0},{"not_picked":["Malaise+1","Bullet Time+1","Glass Knife"],"picked":"SKIP","floor":28.0},{"not_picked":["Unload","Grand Finale","Bullet Time+1"],"picked":"SKIP","floor":29.0},{"not_picked":["A Thousand Cuts","Venomology+1","Glass Knife"],"picked":"SKIP","floor":31.0},{"not_picked":["Night Terror+1","Wraith Form v2"],"picked":"Envenom","floor":33.0},{"not_picked":["Outmaneuver+1","Distraction+1"],"picked":"Dodge and Roll+1","floor":35.0},{"not_picked":["Deflect+1","Riddle With Holes+1"],"picked":"PiercingWail+1","floor":36.0},{"not_picked":["Concentrate+1","Dagger Spray","Dodge and Roll+1"],"picked":"Singing Bowl","floor":38.0},{"not_picked":["Slice","Acrobatics+1"],"picked":"Backflip+1","floor":39.0},{"not_picked":["Die Die Die","Wraith Form v2","Night Terror+1"],"picked":"Singing Bowl","floor":40.0},{"not_picked":["Heel Hook","Skewer+1","Dash"],"picked":"Singing Bowl","floor":41.0},{"not_picked":["Tools of the Trade","Burst+1","Die Die Die"],"picked":"Singing Bowl","floor":42.0},{"not_picked":["A Thousand Cuts","Burst+1","Bullet Time+1"],"picked":"Singing Bowl","floor":45.0},{"not_picked":["Die Die Die","Storm of Steel+1","Malaise+1"],"picked":"Singing Bowl","floor":47.0},{"not_picked":["Discovery+1","Chrysalis+1","Mayhem"],"picked":"Singing Bowl","floor":48.0},{"not_picked":["Storm of Steel+1","Bullet Time+1"],"picked":"Night Terror+1","floor":55}],"player_experience":2007422,"relics_obtained":[{"floor":6.0,"key":"Happy Flower"},{"floor":8.0,"key":"Incense Burner"},{"floor":9.0,"key":"Sundial"},{"floor":10.0,"key":"FossilizedHelix"},{"floor":12.0,"key":"Toxic Egg 2"},{"floor":14.0,"key":"Pantograph"},{"floor":24.0,"key":"Tingsha"},{"floor":26.0,"key":"Regal Pillow"},{"floor":27.0,"key":"Snake Skull"},{"floor":28.0,"key":"Pear"},{"floor":29.0,"key":"Matryoshka"},{"floor":31.0,"key":"Lantern"},{"floor":40.0,"key":"Darkstone Periapt"},{"floor":42.0,"key":"Potion Belt"},{"floor":43.0,"key":"Blood Vial"},{"floor":45.0,"key":"Blue Candle"},{"floor":47.0,"key":"Bag of Marbles"},{"floor":55,"key":"Oddly Smooth Stone"}],"event_choices":[{"damage_healed":0.0,"max_hp_gain":0.0,"max_hp_loss":0.0,"gold_gain":0.0,"event_name":"Shining Light","player_choice":"Entered Light","floor":3.0,"gold_loss":0.0,"damage_taken":20.0,"cards_upgraded":["Cloak And Dagger","Infinite Blades"]},{"damage_healed":0.0,"max_hp_gain":0.0,"max_hp_loss":0.0,"gold_gain":0.0,"event_name":"Duplicator","player_choice":"Copied","floor":25.0,"gold_loss":0.0,"damage_taken":0.0,"cards_obtained":["Malaise"]},{"damage_healed":0.0,"max_hp_gain":0.0,"max_hp_loss":0.0,"gold_gain":180.0,"event_name":"Knowing Skull","player_choice":"GOLD GOLD ","floor":30.0,"potions_obtained":[],"gold_loss":0.0,"damage_taken":24.0,"cards_obtained":[]},{"damage_healed":0.0,"max_hp_gain":0.0,"max_hp_loss":0.0,"gold_gain":0.0,"event_name":"SensoryStone","player_choice":"Memory 1","floor":48.0,"gold_loss":0.0,"damage_taken":0.0}],"is_beta":false,"boss_relics":[{"not_picked":["HoveringKite","Velvet Choker"],"picked":"Tiny House"},{"not_picked":["Busted Crown","Snecko Eye"],"picked":"Coffee Dripper"}],"items_purged_floors":[20,37],"is_endless":false,"potions_floor_spawned":[1,5,6,8,16,19,21,28,31,35,39,41,45,55],"ascension_level":20}