{"gold_per_floor":[112,112,129,55,72,72,87,113,113,113,125,144,144,69,69,144,144,161,173,193,209,220,220,220],"floor_reached":24,"playtime":1760,"items_purged":[],"score":454,"play_id":"aa3c65b6-b836-49dc-b804-1f58e6daed19","local_time":"20190409153651","is_ascension_mode":true,"campfire_choices":[{"data":"Feed","floor":6,"key":"SMITH"},{"data":"Anger","floor":10,"key":"SMITH"},{"data":"Bash","floor":13,"key":"SMITH"},{"data":"True Grit","floor":15,"key":"SMITH"},{"floor":23,"key":"REST"}],"neow_cost":"TEN_PERCENT_HP_LOSS","seed_source_timestamp":1759633083689300,"circlet_count":0,"master_deck":["AscendersBane","Strike_R","Strike_R","Strike_R","Strike_R","Defend_R","Defend_R","Defend_R","Defend_R","Bash+1","Feed+1","Shockwave","Anger+1","Feel No Pain","Dropkick","Shrug It Off","Pommel Strike","True Grit+1","Demon Form","Flame Barrier","True Grit+1","Sword Boomerang","Combust","Havoc"],"relics":["Burning Blood","Question Card","Pear","Philosopher\u0027s Stone"],"potions_floor_usage":[21],"damage_taken":[{"damage":4,"enemies":"2 Louse","floor":1,"turns":4},{"damage":4,"enemies":"Small Slimes","floor":3,"turns":4},{"damage":6,"enemies":"Jaw Worm","floor":5,"turns":4},{"damage":9,"enemies":"Gremlin Gang","floor":7,"turns":4},{"damage":24,"enemies":"Gremlin Nob","floor":8,"turns":4},{"damage":6,"enemies":"3 Louse","floor":11,"turns":3},{"damage":9,"enemies":"Blue Slaver","floor":12,"turns":5},{"damage":77,"enemies":"Slime Boss","floor":16,"turns":20},{"damage":18,"enemies":"Chosen","floor":18,"turns":6},{"damage":12,"enemies":"2 Thieves","floor":19,"turns":5},{"damage":9,"enemies":"Snecko","floor":20,"turns":5},{"damage":17,"enemies":"Centurion and Healer","floor":21,"turns":8},{"damage":36,"enemies":"Snake Plant","floor":22,"turns":5},{"damage":62,"enemies":"Book of Stabbing","floor":24,"turns":5}],"seed_played":"-1962712373999298713","potions_obtained":[{"floor":3,"key":"Explosive Potion"},{"floor":7,"key":"GamblersBrew"},{"floor":21,"key":"FearPotion"}],"is_trial":false,"path_per_floor":["M","?","M","$","M","R","M","E","T","R","M","M","R","?","R","B",null,"M","M","M","M","M","R","E"],"character_chosen":"IRONCLAD","items_purchased":["Feel No Pain"],"campfire_rested":1,"item_purchase_floors":[4],"current_hp_per_floor":[71,76,79,79,82,82,83,65,75,75,79,80,80,80,80,9,80,72,66,63,56,26,59,0],"gold":220,"neow_bonus":"THREE_RARE_CARDS","is_prod":false,"is_daily":false,"chose_seed":false,"campfire_upgraded":4,"win_rate":0,"timestamp":1554820611,"path_taken":["M","?","M","$","M","R","M","E","T","R","M","M","R","?","R","BOSS","M","M","M","M","M","R","E"],"build_version":"2019-01-23","purchased_purges":0,"victory":false,"max_hp_per_floor":[71,76,79,79,82,82,86,86,96,96,100,104,104,104,104,104,104,108,108,108,112,112,112,112],"card_choices":[{"not_picked":["Impervious","Reaper"],"picked":"Feed","floor":0},{"not_picked":["Thunderclap","Power Through"],"picked":"Shockwave","floor":1},{"not_picked":["Twin Strike","Dropkick"],"picked":"Anger","floor":3},{"not_picked":["Clothesline","Warcry"],"picked":"Dropkick","floor":5},{"not_picked":["Searing Blow","Pommel Strike"],"picked":"Shrug It Off","floor":7},{"not_picked":["Entrench","Barricade"],"picked":"Pommel Strike","floor":8},{"not_picked":["Heavy Blade","Sentinel","Clothesline"],"picked":"True Grit","floor":11},{"not_picked":["Clothesline","Infernal Blade","True Grit","Dual Wield"],"picked":"SKIP","floor":12},{"not_picked":["Limit Break","Berserk","Juggernaut"],"picked":"Demon Form","floor":16},{"not_picked":["Clothesline","Heavy Blade","Armaments"],"picked":"Flame Barrier","floor":18},{"not_picked":["Burning Pact","Anger","Flex"],"picked":"True Grit+1","floor":19},{"not_picked":["Dual Wield","Dropkick","Fire Breathing"],"picked":"Sword Boomerang","floor":20},{"not_picked":["Fire Breathing","Armaments","True Grit"],"picked":"Combust","floor":21},{"not_picked":["Second Wind","Iron Wave","Seeing Red"],"picked":"Havoc","floor":22}],"player_experience":2631748,"relics_obtained":[{"floor":8,"key":"Question Card"},{"floor":9,"key":"Pear"}],"event_choices":[{"damage_healed":0,"gold_gain":0,"player_choice":"Donut","damage_taken":0,"max_hp_gain":5,"max_hp_loss":0,"event_name":"Big Fish","floor":2,"gold_loss":0},{"cards_removed":["Strike_R"],"damage_healed":0,"gold_gain":0,"player_choice":"Card Removal","damage_taken":0,"max_hp_gain":0,"max_hp_loss":0,"event_name":"The Cleric","floor":14,"gold_loss":75}],"is_beta":false,"boss_relics":[{"not_picked":["Black Star","Calling Bell"],"picked":"Philosopher\u0027s Stone"}],"items_purged_floors":[],"is_endless":false,"potions_floor_spawned":[3,7,20,21,22],"killed_by":"Book of Stabbing","ascension_level":20}