{"gold_per_floor":[113,123,123,123,88,88,102,102,102,137,152,234,234,253,253,352,352,366,281,294,304,316,241,258,258,258,357,357,386,386,406,406,509,509,525,543,543,643,658,658,708,723,746,796,808,808,858,0,0,0],"floor_reached":50,"playtime":2937,"items_purged":[],"score":716,"play_id":"7a6a7854-7b15-4fe7-b5c5-251389f6aacc","local_time":"20181206054815","is_ascension_mode":true,"campfire_choices":[{"data":"Sunder","floor":6.0,"key":"SMITH"},{"data":"Gash","floor":8.0,"key":"SMITH"},{"data":"Double Energy","floor":13.0,"key":"SMITH"},{"data":"Reboot","floor":15.0,"key":"SMITH"},{"floor":25.0,"key":"REST"},{"data":"Undo","floor":28.0,"key":"SMITH"},{"floor":32.0,"key":"REST"},{"floor":40,"key":"REST"},{"data":"Reinforced Body","floor":46,"key":"SMITH"},{"floor":49,"key":"REST"}],"neow_cost":"NONE","seed_source_timestamp":785668857391277,"circlet_count":0,"master_deck":["Strike_B","Strike_B","Defend_B","Defend_B+1","Defend_B","Defend_B","Zap+1","Dualcast","Reboot+1","Undo+1","Sunder+1","Gash+1","Double Energy+1","Glacier","FTL","All For One","Reinforced Body+1","Rebound","Electrodynamics","Hologram+1","Fusion+1","Hologram+1","Chaos+1","Dark Shackles"],"special_seed":0,"relics":["Cracked Core","Meat on the Bone","Pen Nib","Symbiotic Virus","Sozu","Centennial Puzzle","Turnip","Thread and Needle","SsserpentHead","Blood Vial","Oddly Smooth Stone","Red Mask"],"potions_floor_usage":[],"damage_taken":[{"damage":2.0,"enemies":"Jaw Worm","floor":1.0,"turns":4.0},{"damage":0.0,"enemies":"Small Slimes","floor":2.0,"turns":4.0},{"damage":0.0,"enemies":"2 Louse","floor":7.0,"turns":2.0},{"damage":4.0,"enemies":"3 Sentries","floor":10.0,"turns":6.0},{"damage":0.0,"enemies":"Large Slime","floor":11.0,"turns":4.0},{"damage":0.0,"enemies":"2 Fungi Beasts","floor":14.0,"turns":3.0},{"damage":0.0,"enemies":"Slime Boss","floor":16.0,"turns":4.0},{"damage":24.0,"enemies":"2 Thieves","floor":18.0,"turns":4.0},{"damage":0.0,"enemies":"Shell Parasite","floor":20.0,"turns":4.0},{"damage":12.0,"enemies":"Shelled Parasite and Fungi","floor":21.0,"turns":3.0},{"damage":2.0,"enemies":"Snake Plant","floor":22.0,"turns":4.0},{"damage":4.0,"enemies":"Sentry and Sphere","floor":24.0,"turns":4.0},{"damage":7.0,"enemies":"Slavers","floor":29.0,"turns":8.0},{"damage":0.0,"enemies":"Shelled Parasite and Fungi","floor":31.0,"turns":3.0},{"damage":56.0,"enemies":"Collector","floor":33.0,"turns":12.0},{"damage":0,"enemies":"3 Shapes","floor":35,"turns":4},{"damage":13,"enemies":"Orb Walker","floor":36,"turns":4},{"damage":14,"enemies":"Sphere and 2 Shapes","floor":39,"turns":3},{"damage":0,"enemies":"4 Shapes","floor":42,"turns":6},{"damage":6,"enemies":"3 Darklings","floor":45,"turns":3},{"damage":88,"enemies":"Donu and Deca","floor":50,"turns":7}],"seed_played":"8887913815403796704","potions_obtained":[{"floor":1.0,"key":"SneckoOil"},{"floor":7.0,"key":"SpeedPotion"},{"floor":10.0,"key":"Fruit Juice"},{"floor":14.0,"key":"Fire Potion"}],"is_trial":false,"path_per_floor":["M","M","?","?","?","R","M","R","T","E","M","T","R","M","R","B",null,"M","?","M","M","M","?","M","R","T","?","R","E","?","M","R","B",null,"M","M","$","T","M","R","?","M","T","?","M","R","?","?","R","B"],"character_chosen":"DEFECT","items_purchased":[],"campfire_rested":4,"item_purchase_floors":[],"current_hp_per_floor":[66,66,51,51,69,69,69,69,69,70,70,70,70,70,70,70,78,54,54,54,42,52,52,48,72,72,72,72,65,65,65,80,36,69,69,56,56,56,44,68,68,70,70,70,66,66,66,66,80,0],"gold":0,"neow_bonus":"ONE_RANDOM_RARE_CARD","is_prod":false,"is_daily":false,"chose_seed":false,"campfire_upgraded":6,"win_rate":0,"timestamp":1544071695,"path_taken":["M","M","?","?","?","R","M","R","T","E","M","?","R","M","R","BOSS","M","?","M","M","M","?","M","R","T","?","R","E","?","M","R","BOSS","M","M","$","?","M","R","?","M","T","?","M","R","?","?","R","BOSS"],"build_version":"2018-12-05","purchased_purges":0,"victory":false,"max_hp_per_floor":[75,75,75,75,75,75,75,75,75,80,80,80,80,80,80,80,80,80,80,80,80,80,80,80,80,80,80,80,80,80,80,80,80,80,80,80,80,80,80,80,80,80,80,80,80,80,80,80,80,80],"card_choices":[{"not_picked":["Chaos","Coolheaded"],"picked":"Undo","floor":1.0},{"not_picked":["Compile Driver","Loop"],"picked":"Sunder","floor":2.0},{"not_picked":["Stack","Compile Driver"],"picked":"Gash","floor":7.0},{"not_picked":["Consume","Cold Snap"],"picked":"Double Energy","floor":10.0},{"not_picked":["Coolheaded","Leap"],"picked":"Glacier","floor":11.0},{"not_picked":["Chaos","Sunder"],"picked":"FTL","floor":14.0},{"not_picked":["Fission","Creative AI"],"picked":"All For One","floor":16.0},{"not_picked":["Heatsinks","Sweeping Beam+1"],"picked":"Reinforced Body","floor":18.0},{"not_picked":["Turbo","Ball Lightning","Doom and Gloom"],"picked":"SKIP","floor":20.0},{"not_picked":["Turbo","Rip and Tear"],"picked":"Rebound","floor":21.0},{"not_picked":["Skim","Consume","Barrage"],"picked":"SKIP","floor":22.0},{"not_picked":["Barrage","Genetic Algorithm","Recycle"],"picked":"SKIP","floor":24.0},{"not_picked":["Coolheaded","Force Field","Sunder"],"picked":"SKIP","floor":29.0},{"not_picked":["Leap","Beam Cell","Conserve Battery"],"picked":"SKIP","floor":31.0},{"not_picked":["Thunder Strike","Core Surge"],"picked":"Electrodynamics","floor":33.0},{"not_picked":["Barrage+1","Conserve Battery"],"picked":"Hologram+1","floor":35},{"not_picked":["Ball Lightning","Redo","Biased Cognition"],"picked":"SKIP","floor":36},{"not_picked":["Loop","Reprogram+1"],"picked":"Fusion+1","floor":39},{"not_picked":["Conserve Battery","Coolheaded"],"picked":"Hologram+1","floor":42},{"not_picked":["Barrage+1","Glacier"],"picked":"Chaos+1","floor":45},{"not_picked":["Madness","Bandage Up"],"picked":"Dark Shackles","floor":47}],"player_experience":253181,"relics_obtained":[{"floor":9.0,"key":"Meat on the Bone"},{"floor":10.0,"key":"Pen Nib"},{"floor":12.0,"key":"Symbiotic Virus"},{"floor":26.0,"key":"Turnip"},{"floor":29.0,"key":"Thread and Needle"},{"floor":38,"key":"Blood Vial"},{"floor":43,"key":"Oddly Smooth Stone"}],"event_choices":[{"damage_healed":0.0,"max_hp_gain":0.0,"max_hp_loss":0.0,"gold_gain":0.0,"event_name":"Shining Light","player_choice":"Entered Light","floor":3.0,"gold_loss":0.0,"damage_taken":15.0,"cards_upgraded":["Defend_B","Strike_B"]},{"damage_healed":0.0,"max_hp_gain":0.0,"max_hp_loss":0.0,"gold_gain":0.0,"event_name":"Living Wall","player_choice":"Grow","floor":4.0,"gold_loss":0.0,"damage_taken":0.0,"cards_upgraded":["Zap"]},{"damage_healed":18.0,"max_hp_gain":0.0,"max_hp_loss":0.0,"gold_gain":0.0,"event_name":"The Cleric","player_choice":"Healed","floor":5.0,"gold_loss":35.0,"damage_taken":0.0},{"damage_healed":0.0,"max_hp_gain":0.0,"max_hp_loss":0.0,"gold_gain":0.0,"event_name":"Addict","player_choice":"Obtained Relic","floor":19.0,"gold_loss":85.0,"damage_taken":0.0,"relics_obtained":["Centennial Puzzle"]},{"cards_removed":["Strike_B"],"damage_healed":0.0,"max_hp_gain":0.0,"max_hp_loss":0.0,"gold_gain":0.0,"event_name":"Beggar","player_choice":"Gave Gold","floor":23.0,"gold_loss":75.0,"damage_taken":0.0},{"damage_healed":0.0,"max_hp_gain":0.0,"max_hp_loss":0.0,"gold_gain":99.0,"event_name":"Nest","player_choice":"Stole From Cult","floor":27.0,"gold_loss":0.0,"damage_taken":0.0},{"damage_healed":0.0,"max_hp_gain":0.0,"max_hp_loss":0.0,"gold_gain":0.0,"event_name":"FaceTrader","player_choice":"Trade","floor":30.0,"gold_loss":0.0,"damage_taken":0.0,"relics_obtained":["SsserpentHead"]},{"damage_healed":0,"gold_gain":0,"player_choice":"Ignored","damage_taken":0,"max_hp_gain":0,"max_hp_loss":0,"event_name":"Mysterious Sphere","floor":41,"gold_loss":0},{"cards_removed":["Strike_B"],"damage_healed":0,"gold_gain":0,"player_choice":"Removed Attack","damage_taken":0,"max_hp_gain":0,"max_hp_loss":0,"event_name":"Falling","floor":44,"gold_loss":0},{"damage_healed":0,"gold_gain":0,"player_choice":"Memory 1","damage_taken":0,"max_hp_gain":0,"max_hp_loss":0,"event_name":"SensoryStone","floor":47,"gold_loss":0},{"damage_healed":0,"gold_gain":0,"player_choice":"Paid","damage_taken":0,"relics_obtained":["Red Mask"],"max_hp_gain":0,"max_hp_loss":0,"event_name":"Tomb of Lord Red Mask","floor":48,"gold_loss":908}],"is_beta":true,"boss_relics":[{"not_picked":["Lizard Tail","Busted Crown"],"picked":"Sozu"},{"not_picked":["White Beast Statue","Coffee Dripper","Philosopher\u0027s Stone"]}],"items_purged_floors":[],"is_endless":false,"potions_floor_spawned":[1,7,10,14,22,24,35,36,39,45],"killed_by":"Donu and Deca","ascension_level":7}