{"gold_per_floor":[366,378,453,470,43,43,78,78,78,113,13,47,47,12,12,12],"floor_reached":16,"playtime":595,"items_purged":["Regret","Strike_R"],"score":128,"play_id":"2931e8a4-a968-4a71-a13b-3c0afcdfbcc0","local_time":"20190327211105","is_ascension_mode":true,"campfire_choices":[{"data":"Flex","floor":6,"key":"SMITH"},{"floor":15,"key":"REST"}],"neow_cost":"CURSE","seed_source_timestamp":1082602252387299,"circlet_count":0,"master_deck":["Strike_R+1","Strike_R","Strike_R","Strike_R","Defend_R","Defend_R","Defend_R","Defend_R+1","Bash","Rampage","Headbutt","Flex+1","Heavy Blade"],"relics":["Burning Blood","Prayer Wheel","Dodecahedron","Pear","Paper Frog","WingedGreaves"],"potions_floor_usage":[7,16],"damage_taken":[{"damage":6,"enemies":"Small Slimes","floor":1,"turns":4},{"damage":10,"enemies":"Jaw Worm","floor":2,"turns":4},{"damage":4,"enemies":"2 Louse","floor":4,"turns":3},{"damage":26,"enemies":"3 Sentries","floor":7,"turns":6},{"damage":10,"enemies":"Gremlin Nob","floor":10,"turns":3},{"damage":32,"enemies":"3 Sentries","floor":12,"turns":8},{"damage":61,"enemies":"Slime Boss","floor":16,"turns":7}],"seed_played":"-4409927861843370193","potions_obtained":[{"floor":2,"key":"SteroidPotion"},{"floor":10,"key":"LiquidBronze"}],"is_trial":false,"path_per_floor":["M","M","?","M","$","R","E","?","T","E","$","E","$","?","R","B"],"character_chosen":"IRONCLAD","items_purchased":["Prayer Wheel","Flex"],"campfire_rested":1,"item_purchase_floors":[5,5],"current_hp_per_floor":[80,76,65,67,67,67,47,31,41,37,37,11,11,33,60,0],"gold":12,"neow_bonus":"TWO_FIFTY_GOLD","is_prod":false,"is_daily":false,"chose_seed":false,"campfire_upgraded":1,"win_rate":0,"timestamp":1553713865,"path_taken":["M","M","?","M","$","R","E","?","T","E","$","E","?","?","R","BOSS"],"build_version":"2019-01-23","purchased_purges":2,"victory":false,"max_hp_per_floor":[80,80,80,80,80,80,80,80,90,90,90,90,90,90,90,90],"card_choices":[{"not_picked":["Rage","Anger"],"picked":"Rampage","floor":1},{"not_picked":["Reckless Charge","Fire Breathing","Flame Barrier"],"picked":"SKIP","floor":2},{"not_picked":["Cleave","Rupture"],"picked":"Headbutt","floor":4},{"not_picked":["Iron Wave","True Grit","Disarm"],"picked":"SKIP","floor":7},{"not_picked":["Berserk","Entrench","True Grit"],"picked":"SKIP","floor":10},{"not_picked":["Armaments","Brutality"],"picked":"Heavy Blade","floor":12}],"player_experience":114547,"relics_obtained":[{"floor":7,"key":"Dodecahedron"},{"floor":9,"key":"Pear"},{"floor":10,"key":"Paper Frog"},{"floor":12,"key":"WingedGreaves"}],"event_choices":[{"damage_healed":0,"gold_gain":75,"player_choice":"Gather Gold","damage_taken":11,"max_hp_gain":0,"max_hp_loss":0,"event_name":"World of Goop","floor":3,"gold_loss":0},{"damage_healed":0,"gold_gain":0,"player_choice":"Entered Light","damage_taken":16,"max_hp_gain":0,"max_hp_loss":0,"event_name":"Shining Light","floor":8,"gold_loss":0,"cards_upgraded":["Strike_R","Defend_R"]},{"damage_healed":22,"gold_gain":0,"player_choice":"Healed","damage_taken":0,"max_hp_gain":0,"max_hp_loss":0,"event_name":"The Cleric","floor":14,"gold_loss":35}],"is_beta":false,"boss_relics":[],"items_purged_floors":[5,11],"is_endless":false,"potions_floor_spawned":[2,10],"killed_by":"Slime Boss","ascension_level":2}