{"gold_per_floor":[111,131,131,156,176,212,212,252,277,277,277,277,277,302,302,426,426,449,57,72,92,115,115,153,174,174,174,217,236,271,271,271,396,396,421,442,460,12,27,70,70,114,114,114,114,114,447,477,477,477],"floor_reached":51,"playtime":1839,"items_purged":["Shrug It Off","Wild Strike"],"score":1374,"play_id":"58e3091c-613d-4b61-8910-e218c8f7152e","local_time":"25610725181655","is_ascension_mode":true,"campfire_choices":[{"floor":7,"key":"REST"},{"data":"Armaments","floor":10,"key":"SMITH"},{"data":"Immolate","floor":12,"key":"SMITH"},{"data":"True Grit","floor":15,"key":"SMITH"},{"data":"Inflame","floor":23,"key":"SMITH"},{"data":"Rage","floor":27,"key":"SMITH"},{"data":"Metallicize","floor":32,"key":"SMITH"},{"floor":41,"key":"REST"},{"data":"Barricade","floor":44,"key":"SMITH"},{"data":"Battle Trance","floor":49,"key":"SMITH"}],"neow_cost":"NONE","seed_source_timestamp":19030405602459,"circlet_count":0,"master_deck":["Bash+1","Thunderclap+1","Inflame+1","Immolate+1","Armaments+1","Reaper","Shrug It Off+1","Rage+1","Flex+1","Clothesline+1","Offering+1","Shrug It Off+1","Fire Breathing","Clash+1","Metallicize+1","Double Tap","Pommel Strike","Reckless Charge","Heavy Blade","Carnage","Twin Strike","Body Slam","Flex","Metallicize","Uppercut+1","Cleave+1","Barricade+1","Flame Barrier+1","Regret","Battle Trance+1"],"relics":["Burning Blood","Vajra","Ancient Tea Set","Regal Pillow","Strawberry","Cursed Key","Gremlin Horn","Dream Catcher","Letter Opener","War Paint","Du-Vu Doll","Pandora\u0027s Box","Singing Bowl","Boot","Bronze Scales","Orichalcum","Charon\u0027s Ashes","Mummified Hand"],"potions_floor_usage":[6,6,8,16,21,22,24,30,33,37,45,45,50],"damage_taken":[{"damage":11,"enemies":"Small Slimes","floor":1,"turns":3},{"damage":3,"enemies":"2 Louse","floor":2,"turns":3},{"damage":1,"enemies":"Cultist","floor":4,"turns":3},{"damage":16,"enemies":"2 Fungi Beasts","floor":5,"turns":4},{"damage":44,"enemies":"Gremlin Nob","floor":6,"turns":5},{"damage":0,"enemies":"3 Sentries","floor":8,"turns":4},{"damage":0,"enemies":"3 Louse","floor":14,"turns":2},{"damage":68,"enemies":"Hexaghost","floor":16,"turns":10},{"damage":9,"enemies":"Shell Parasite","floor":18,"turns":3},{"damage":1,"enemies":"Chosen","floor":20,"turns":3},{"damage":54,"enemies":"Slaver and Parasite","floor":21,"turns":7},{"damage":25,"enemies":"Snecko","floor":22,"turns":4},{"damage":18,"enemies":"Slavers","floor":24,"turns":6},{"damage":5,"enemies":"3 Cultists","floor":25,"turns":2},{"damage":10,"enemies":"Book of Stabbing","floor":28,"turns":4},{"damage":12,"enemies":"Snake Plant","floor":29,"turns":3},{"damage":41,"enemies":"Slavers","floor":30,"turns":9},{"damage":73,"enemies":"Collector","floor":33,"turns":12},{"damage":5,"enemies":"Flame Bruiser 1 Orb","floor":35,"turns":3},{"damage":13,"enemies":"3 Shapes","floor":36,"turns":2},{"damage":18,"enemies":"Sphere and 2 Shapes","floor":37,"turns":4},{"damage":25,"enemies":"3 Darklings","floor":39,"turns":3},{"damage":36,"enemies":"2 Orb Walkers","floor":40,"turns":4},{"damage":15,"enemies":"Giant Head","floor":42,"turns":7},{"damage":26,"floor":45,"turns":6},{"damage":41,"enemies":"Nemesis","floor":48,"turns":6},{"damage":56,"enemies":"Donu and Deca","floor":50,"turns":6}],"seed_played":"5697752321188821662","potions_obtained":[{"floor":1,"key":"PowerPotion"},{"floor":2,"key":"AttackPotion"},{"floor":6,"key":"Block Potion"},{"floor":8,"key":"Dexterity Potion"},{"floor":18,"key":"Regen Potion"},{"floor":20,"key":"Regen Potion"},{"floor":21,"key":"Dexterity Potion"},{"floor":22,"key":"Fire Potion"},{"floor":30,"key":"Dexterity Potion"},{"floor":33,"key":"Poison Potion"},{"floor":36,"key":"Regen Potion"},{"floor":39,"key":"Regen Potion"},{"floor":45,"key":"GamblersBrew"}],"is_trial":false,"path_per_floor":["M","M","?","M","M","E","R","E","T","R","?","R","?","M","R","B",null,"M","$","M","M","M","R","E","M","T","R","E","M","E","?","R","B",null,"M","M","M","$","M","E","R","E","T","R","?","?","?","E","R","B"],"character_chosen":"IRONCLAD","items_purchased":["Gremlin Horn","Rage","Singing Bowl","FairyPotion"],"campfire_rested":2,"item_purchase_floors":[19,19,38,38],"current_hp_per_floor":[67,70,50,55,45,7,31,37,44,44,97,97,78,84,84,22,78,86,86,96,64,67,67,67,97,97,97,97,91,64,64,64,17,77,78,71,59,59,50,27,73,76,76,76,103,103,103,81,81,31],"gold":477,"neow_bonus":"RANDOM_COMMON_RELIC","is_prod":false,"is_daily":false,"chose_seed":false,"campfire_upgraded":8,"win_rate":0,"timestamp":1532517415,"path_taken":["M","M","?","M","M","E","R","E","T","R","?","R","?","?","R","BOSS","M","$","M","M","M","R","E","M","T","R","E","M","E","?","R","BOSS","M","M","M","$","M","E","R","E","T","R","?","?","?","E","R","BOSS"],"build_version":"2018-07-19v2","purchased_purges":2,"victory":true,"max_hp_per_floor":[80,80,80,80,80,80,80,80,87,87,97,97,97,97,97,97,97,97,97,97,97,97,97,97,97,97,97,97,97,97,97,97,97,97,97,97,97,97,99,99,101,101,101,101,103,103,103,103,103,103],"card_choices":[{"not_picked":["Hemokinesis","Feel No Pain"],"picked":"Thunderclap","floor":1},{"not_picked":["Wild Strike","Anger"],"picked":"Inflame","floor":2},{"not_picked":["Pommel Strike","Clothesline"],"picked":"Offering","floor":4},{"not_picked":["Anger","Havoc"],"picked":"Shrug It Off","floor":5},{"not_picked":["Battle Trance","Berserk"],"picked":"Immolate","floor":6},{"not_picked":["Warcry","Rupture"],"picked":"Armaments","floor":8},{"not_picked":["Clothesline","Warcry"],"picked":"True Grit","floor":14},{"not_picked":["Limit Break","Immolate"],"picked":"Reaper","floor":16},{"not_picked":["Twin Strike","Cleave"],"picked":"Shrug It Off+1","floor":18},{"not_picked":["Havoc+1","Pommel Strike+1"],"picked":"Flex+1","floor":20},{"not_picked":["Perfected Strike","Armaments","Uppercut"],"picked":"SKIP","floor":21},{"not_picked":["Clash","Havoc"],"picked":"Clothesline+1","floor":22},{"not_picked":["Havoc","Shrug It Off"],"picked":"Offering","floor":24},{"not_picked":["Pommel Strike","Ghostly Armor"],"picked":"Shrug It Off+1","floor":25},{"not_picked":["Sword Boomerang","Cleave"],"picked":"Fire Breathing","floor":28},{"not_picked":["Inflame","Headbutt"],"picked":"Clash+1","floor":29},{"not_picked":["Exhume","Second Wind"],"picked":"Metallicize","floor":30},{"not_picked":["Exhume","Impervious"],"picked":"Double Tap","floor":33},{"not_picked":["Clash","Sword Boomerang+1"],"picked":"Uppercut+1","floor":35},{"not_picked":["Heavy Blade","Seeing Red","Sword Boomerang"],"picked":"SKIP","floor":36},{"not_picked":["Thunderclap","Clash"],"picked":"Cleave+1","floor":37},{"not_picked":["Headbutt","True Grit+1","Clash+1"],"picked":"Singing Bowl","floor":39},{"not_picked":["Rampage+1","Bloodletting"],"picked":"Barricade","floor":40},{"not_picked":["Spot Weakness","Searing Blow","Flex"],"picked":"Singing Bowl","floor":41},{"not_picked":["Clash","Twin Strike"],"picked":"Flame Barrier+1","floor":42},{"not_picked":["Sever Soul","Carnage+1","Corruption+1"],"picked":"Singing Bowl","floor":45},{"not_picked":["Searing Blow","Twin Strike+1"],"picked":"Battle Trance","floor":48}],"player_experience":149791,"relics_obtained":[{"floor":6,"key":"Ancient Tea Set"},{"floor":8,"key":"Regal Pillow"},{"floor":9,"key":"Strawberry"},{"floor":24,"key":"Dream Catcher"},{"floor":26,"key":"Letter Opener"},{"floor":28,"key":"War Paint"},{"floor":30,"key":"Du-Vu Doll"},{"floor":40,"key":"Boot"},{"floor":42,"key":"Bronze Scales"},{"floor":43,"key":"Orichalcum"},{"floor":45,"key":"Charon\u0027s Ashes"},{"floor":48,"key":"Mummified Hand"}],"event_choices":[{"event_name":"Golden Idol","player_choice":"Take Damage","floor":3,"damage_taken":0},{"event_name":"Bonfire Elementals","player_choice":"RARE","floor":11,"damage_taken":0},{"event_name":"Shining Light","player_choice":"Entered Light","floor":13,"damage_taken":0},{"event_name":"Back to Basics","player_choice":"Elegance","floor":31,"damage_taken":0},{"event_name":"MindBloom","player_choice":"Fight","floor":45,"damage_taken":0},{"event_name":"Falling","player_choice":"Removed Skill","floor":46,"damage_taken":0},{"event_name":"The Moai Head","player_choice":"Gave Idol","floor":47,"damage_taken":0}],"is_beta":false,"boss_relics":[{"not_picked":["Fusion Hammer","Philosopher\u0027s Stone"],"picked":"Cursed Key"},{"not_picked":["White Beast Statue","Empty Cage"],"picked":"Pandora\u0027s Box"}],"items_purged_floors":[19,38],"is_endless":false,"potions_floor_spawned":[1,2,6,8,18,20,21,22,30,33,36,39,42,45],"ascension_level":6}