{"gold_per_floor":[113,38,38,56,3,3,16,16,46,46,77,87,101,133,133,236,236,247,247,262,278,20,20,20,20],"floor_reached":25,"playtime":729,"items_purged":["Strike_B","Strike_B"],"score":363,"play_id":"bdac55a9-153c-4d87-ad01-5514911723a6","local_time":"20190314015141","is_ascension_mode":true,"campfire_choices":[{"data":"Zap","floor":6.0,"key":"SMITH"},{"data":"Biased Cognition","floor":8.0,"key":"SMITH"},{"data":"Turbo","floor":15.0,"key":"SMITH"},{"data":"Coolheaded","floor":23,"key":"SMITH"}],"neow_cost":"TEN_PERCENT_HP_LOSS","seed_source_timestamp":30770117783700,"circlet_count":0,"master_deck":["AscendersBane","Strike_B","Defend_B","Defend_B","Defend_B","Defend_B","Zap+1","Dualcast+1","Core Surge","Beam Cell","Biased Cognition+1","Turbo+1","Recycle","Cold Snap","Barrage","All For One","Echo Form","Ghostly","Ghostly","Ghostly","Ghostly","Ghostly","Coolheaded+1"],"special_seed":0,"relics":["Cracked Core","Calipers","Tiny Chest","Shuriken","Turnip","Runic Pyramid","Membership Card"],"potions_floor_usage":[],"damage_taken":[{"damage":0.0,"enemies":"2 Louse","floor":1.0,"turns":3.0},{"damage":2.0,"enemies":"Jaw Worm","floor":4.0,"turns":3.0},{"damage":0.0,"enemies":"Cultist","floor":7.0,"turns":2.0},{"damage":20.0,"enemies":"Lagavulin","floor":11.0,"turns":6.0},{"damage":11.0,"enemies":"2 Fungi Beasts","floor":12.0,"turns":3.0},{"damage":1.0,"enemies":"Lots of Slimes","floor":13.0,"turns":3.0},{"damage":12.0,"enemies":"Gremlin Nob","floor":14.0,"turns":3.0},{"damage":1.0,"enemies":"Slime Boss","floor":16.0,"turns":7.0},{"damage":38,"enemies":"2 Thieves","floor":18,"turns":4},{"damage":2,"enemies":"Chosen","floor":20,"turns":6},{"damage":1,"enemies":"Centurion and Healer","floor":21,"turns":7},{"damage":0,"enemies":"Slavers","floor":25,"turns":1}],"seed_played":"5251366318498884433","potions_obtained":[{"floor":11.0,"key":"Dexterity Potion"},{"floor":12.0,"key":"GamblersBrew"},{"floor":13.0,"key":"EntropicBrew"},{"floor":20,"key":"Fire Potion"}],"is_trial":false,"path_per_floor":["M","$","?","M","?","R","M","R","T","?","E","M","M","E","R","B",null,"M","?","M","M","$","R","?","E"],"character_chosen":"DEFECT","items_purchased":["Membership Card","Coolheaded"],"campfire_rested":0,"item_purchase_floors":[22,22],"current_hp_per_floor":[68,68,61,59,59,59,59,59,59,59,39,28,27,15,15,14,55,17,17,15,14,14,14,14,14],"gold":20,"neow_bonus":"THREE_RARE_CARDS","is_prod":false,"is_daily":false,"chose_seed":true,"campfire_upgraded":4,"win_rate":0,"timestamp":1552499501,"path_taken":["M","$","?","M","?","R","?","R","T","?","E","?","M","E","R","BOSS","M","?","M","M","$","R","?","E"],"build_version":"2019-01-23","purchased_purges":2,"victory":false,"max_hp_per_floor":[68,68,68,68,68,68,68,68,68,68,68,68,68,68,68,68,68,68,34,34,34,34,34,34,34],"card_choices":[{"not_picked":["Reboot","Fission"],"picked":"Core Surge","floor":0.0},{"not_picked":["Go for the Eyes","Gash"],"picked":"Beam Cell","floor":1.0},{"not_picked":["Stack","Go for the Eyes"],"picked":"Biased Cognition","floor":4.0},{"not_picked":["Fusion","Steam"],"picked":"Turbo","floor":7.0},{"not_picked":["Hello World","Skim"],"picked":"Recycle","floor":11.0},{"not_picked":["Leap","Gash"],"picked":"Cold Snap","floor":12.0},{"not_picked":["Beam Cell","Go for the Eyes"],"picked":"Barrage","floor":13.0},{"not_picked":["Scrape","Sweeping Beam"],"picked":"All For One","floor":14.0},{"not_picked":["Biased Cognition","All For One"],"picked":"Echo Form","floor":16.0},{"not_picked":["Stack","Steam+1","Streamline"],"picked":"SKIP","floor":18},{"not_picked":["Turbo+1","Gash","Auto Shields"],"picked":"SKIP","floor":20},{"not_picked":["Compile Driver","Beam Cell","Gash+1"],"picked":"SKIP","floor":21}],"player_experience":2823667,"relics_obtained":[{"floor":9.0,"key":"Tiny Chest"},{"floor":11.0,"key":"Shuriken"},{"floor":14.0,"key":"Turnip"}],"event_choices":[{"cards_removed":["Strike_B"],"damage_healed":0.0,"max_hp_gain":0.0,"max_hp_loss":0.0,"gold_gain":0.0,"event_name":"Golden Wing","player_choice":"Card Removal","floor":3.0,"gold_loss":0.0,"damage_taken":7.0},{"damage_healed":0.0,"max_hp_gain":0.0,"max_hp_loss":0.0,"gold_gain":0.0,"event_name":"WeMeetAgain","player_choice":"Paid Gold","floor":5.0,"gold_loss":53.0,"damage_taken":0.0,"relics_obtained":["Calipers"]},{"damage_healed":0.0,"max_hp_gain":0.0,"max_hp_loss":0.0,"gold_gain":0.0,"event_name":"Accursed Blacksmith","player_choice":"Forge","floor":10.0,"gold_loss":0.0,"damage_taken":0.0,"cards_upgraded":["Dualcast"]},{"damage_healed":0,"gold_gain":0,"player_choice":"Became a Ghost","damage_taken":0,"max_hp_gain":0,"max_hp_loss":34,"event_name":"Ghosts","floor":19,"gold_loss":0,"cards_obtained":["Ghostly","Ghostly","Ghostly","Ghostly","Ghostly"]}],"is_beta":false,"boss_relics":[{"not_picked":["Inserter","Pandora\u0027s Box"],"picked":"Runic Pyramid"}],"items_purged_floors":[2,22],"is_endless":false,"potions_floor_spawned":[11,12,13,20],"killed_by":"Slavers","ascension_level":12}