{"gold_per_floor":[109,184,195,195,45,65,96,96,96,96,130,130],"floor_reached":12,"playtime":344,"items_purged":["Strike_R"],"score":172,"play_id":"639d2865-f1d5-4e4d-9dc8-36335ed03966","local_time":"25620308230911","is_ascension_mode":true,"campfire_choices":[{"floor":8,"key":"REST"},{"data":"Feed","floor":10,"key":"SMITH"}],"neow_cost":"TEN_PERCENT_HP_LOSS","seed_source_timestamp":8498286353740,"circlet_count":0,"master_deck":["AscendersBane","Strike_R","Strike_R","Strike_R","Defend_R","Defend_R","Defend_R","Defend_R","Bash","Feed+1","Rampage","Power Through","Fire Breathing","Disarm","Shrug It Off","Reaper","Havoc"],"relics":["Burning Blood","Mercury Hourglass","Bronze Scales"],"potions_floor_usage":[7,11],"damage_taken":[{"damage":9,"enemies":"2 Louse","floor":1,"turns":4},{"damage":2,"enemies":"Jaw Worm","floor":3,"turns":3},{"damage":13,"enemies":"Cultist","floor":6,"turns":4},{"damage":52,"enemies":"3 Sentries","floor":7,"turns":10},{"damage":27,"enemies":"Gremlin Nob","floor":11,"turns":4},{"damage":31,"enemies":"Exordium Thugs","floor":12,"turns":3}],"seed_played":"7749969650580203651","potions_obtained":[{"floor":1,"key":"SneckoOil"},{"floor":3,"key":"Poison Potion"},{"floor":6,"key":"Poison Potion"}],"is_trial":false,"path_per_floor":["M","?","M","?","$","M","E","R","T","R","E","M"],"character_chosen":"IRONCLAD","items_purchased":["Disarm"],"campfire_rested":1,"item_purchase_floors":[5],"current_hp_per_floor":[68,57,64,64,64,57,14,37,37,37,22,0],"gold":130,"neow_bonus":"THREE_RARE_CARDS","is_prod":false,"is_daily":false,"chose_seed":false,"campfire_upgraded":1,"win_rate":0,"timestamp":1552061351,"path_taken":["M","?","M","?","$","M","E","R","T","R","E","M"],"build_version":"2019-01-23","purchased_purges":1,"victory":false,"max_hp_per_floor":[71,71,74,74,74,74,77,77,77,77,77,77],"card_choices":[{"not_picked":["Double Tap","Immolate"],"picked":"Feed","floor":0},{"not_picked":["Seeing Red","Cleave"],"picked":"Rampage","floor":1},{"not_picked":["Second Wind","Dropkick"],"picked":"Power Through","floor":3},{"not_picked":["Wild Strike","Dropkick"],"picked":"Shrug It Off","floor":6},{"not_picked":["Sentinel","Flex"],"picked":"Reaper","floor":7},{"not_picked":["Twin Strike","Sentinel"],"picked":"Havoc","floor":11}],"player_experience":295651,"relics_obtained":[{"floor":7,"key":"Mercury Hourglass"},{"floor":11,"key":"Bronze Scales"}],"event_choices":[{"damage_healed":0,"gold_gain":75,"player_choice":"Gather Gold","damage_taken":11,"max_hp_gain":0,"max_hp_loss":0,"event_name":"World of Goop","floor":2,"gold_loss":0},{"damage_healed":0,"gold_gain":0,"cards_transformed":["Strike_R"],"player_choice":"Transformed","damage_taken":0,"max_hp_gain":0,"max_hp_loss":0,"event_name":"Transmorgrifier","floor":4,"gold_loss":0,"cards_obtained":["Fire Breathing"]}],"is_beta":false,"boss_relics":[],"items_purged_floors":[5],"is_endless":false,"potions_floor_spawned":[1,3,6],"killed_by":"Exordium Thugs","ascension_level":20}