{"gold_per_floor":[109,109,109,123,139,177,177,20,43,55,81,93],"floor_reached":12,"playtime":614,"items_purged":[],"score":82,"play_id":"3bb58c32-bd2e-404f-b6f9-ccb3fd2db04e","local_time":"20181003212212","is_ascension_mode":true,"campfire_choices":[{"data":"Infinite Blades","floor":7,"key":"SMITH"},{"data":"Outmaneuver","floor":10,"key":"SMITH"}],"neow_cost":"","seed_source_timestamp":1469537834554376,"circlet_count":0,"master_deck":["Defend_G","Defend_G+1","Defend_G","Defend_G","Defend_G","Strike_G","Strike_G","Strike_G","Strike_G","Strike_G","Survivor+1","Neutralize","Infinite Blades+1","Outmaneuver+1","Quick Slash","Dodge and Roll","Acrobatics"],"relics":["Ring of the Snake","Golden Idol","Juzu Bracelet","Orichalcum","MawBank"],"potions_floor_usage":[6,11],"damage_taken":[{"damage":2,"enemies":"Small Slimes","floor":1,"turns":4},{"damage":0,"enemies":"Jaw Worm","floor":4,"turns":4},{"damage":0,"enemies":"Cultist","floor":5,"turns":4},{"damage":21,"enemies":"Gremlin Nob","floor":6,"turns":6},{"damage":14,"enemies":"Gremlin Gang","floor":11,"turns":5},{"damage":12,"enemies":"Lagavulin","floor":12,"turns":7}],"seed_played":"-2092141982181745397","potions_obtained":[{"floor":1,"key":"EntropicBrew"},{"floor":4,"key":"Explosive Potion"},{"floor":5,"key":"GhostInAJar"}],"is_trial":false,"path_per_floor":["M","?","?","M","M","E","R","$","T","R","M"],"character_chosen":"THE_SILENT","items_purchased":["Orichalcum"],"campfire_rested":0,"item_purchase_floors":[8],"current_hp_per_floor":[68,54,54,54,54,33,33,33,33,33,19,7],"gold":93,"neow_bonus":"","is_prod":false,"is_daily":false,"chose_seed":false,"campfire_upgraded":2,"win_rate":0,"timestamp":1538594532,"path_taken":["M","?","?","M","M","E","R","$","T","R","M","E"],"build_version":"2018-09-27","purchased_purges":0,"victory":false,"max_hp_per_floor":[70,70,65,65,65,65,65,65,65,65,65,65],"card_choices":[{"not_picked":["Backflip","Finisher"],"picked":"Infinite Blades","floor":1},{"not_picked":["Deflect","Dagger Spray"],"picked":"Outmaneuver","floor":4},{"not_picked":["Predator","Terror"],"picked":"Quick Slash","floor":5},{"not_picked":["Flying Knee","Storm of Steel"],"picked":"Dodge and Roll","floor":6},{"not_picked":["Prepared","All Out Attack"],"picked":"Acrobatics","floor":11}],"player_experience":57519,"relics_obtained":[{"floor":6,"key":"Juzu Bracelet"},{"floor":9,"key":"MawBank"}],"event_choices":[{"event_name":"Shining Light","player_choice":"Entered Light","floor":2,"damage_taken":0},{"event_name":"Golden Idol","player_choice":"Lose Max HP","floor":3,"damage_taken":0}],"is_beta":false,"boss_relics":[],"items_purged_floors":[],"is_endless":false,"potions_floor_spawned":[1,4,5],"killed_by":"Lagavulin","ascension_level":1}