{"gold_per_floor":[13,188,188,212,137,137,158,158,181,197,220,120,136,136],"floor_reached":14,"playtime":450,"items_purged":["Doubt","Defend_R"],"score":82,"play_id":"9207a184-7da5-4942-be60-4b557d3b3831","local_time":"20190111205224","is_ascension_mode":false,"campfire_choices":[{"data":"Bash","floor":6,"key":"SMITH"}],"neow_cost":"NO_GOLD","seed_source_timestamp":172813250456072,"circlet_count":0,"master_deck":["Strike_R","Strike_R","Strike_R","Defend_R","Defend_R","Defend_R","Bash+1","Dual Wield"],"relics":["Burning Blood","Golden Idol","Boot"],"potions_floor_usage":[10,13,14],"damage_taken":[{"damage":0,"enemies":"Small Slimes","floor":1,"turns":4},{"damage":5,"enemies":"Cultist","floor":4,"turns":4},{"damage":2,"enemies":"Jaw Worm","floor":7,"turns":7},{"damage":41,"enemies":"Exordium Thugs","floor":10,"turns":7},{"damage":5,"enemies":"Looter","floor":11,"turns":4},{"damage":21,"enemies":"Gremlin Gang","floor":13,"turns":4},{"damage":16,"enemies":"Large Slime","floor":14,"turns":7}],"seed_played":"-1044082675783455739","potions_obtained":[{"floor":7,"key":"PowerPotion"},{"floor":8,"key":"Ancient Potion"},{"floor":8,"key":"Strength Potion"},{"floor":13,"key":"SteroidPotion"}],"is_trial":false,"path_per_floor":["M","?","?","M","$","R","M","?","T","M","M","$","M","M"],"character_chosen":"IRONCLAD","items_purchased":[],"campfire_rested":0,"item_purchase_floors":[],"current_hp_per_floor":[80,80,60,61,61,61,65,65,65,30,31,31,16,0],"gold":136,"neow_bonus":"REMOVE_TWO","is_prod":false,"is_daily":false,"chose_seed":false,"campfire_upgraded":1,"win_rate":0,"timestamp":1547236344,"path_taken":["M","?","?","M","$","R","M","?","T","M","M","$","M","M"],"build_version":"2019-01-10","purchased_purges":2,"victory":false,"max_hp_per_floor":[80,80,80,80,80,80,80,80,80,80,80,80,80,80],"card_choices":[{"not_picked":["Pommel Strike","Warcry","Blood for Blood"],"picked":"SKIP","floor":1},{"not_picked":["Sentinel","Havoc"],"picked":"Dual Wield","floor":4},{"not_picked":["Clothesline","Cleave","True Grit"],"picked":"SKIP","floor":7},{"not_picked":["Headbutt","Twin Strike","Fire Breathing"],"picked":"SKIP","floor":10},{"not_picked":["Perfected Strike","Shrug It Off","Flame Barrier"],"picked":"SKIP","floor":11},{"not_picked":["Flame Barrier","Thunderclap","Iron Wave"],"picked":"SKIP","floor":13}],"player_experience":438379,"relics_obtained":[{"floor":9,"key":"Boot"}],"event_choices":[{"damage_healed":0,"gold_gain":175,"player_choice":"AGREE","damage_taken":0,"max_hp_gain":0,"max_hp_loss":0,"event_name":"Liars Game","floor":2,"gold_loss":0,"cards_obtained":["Doubt"]},{"damage_healed":0,"gold_gain":0,"player_choice":"Take Damage","damage_taken":20,"relics_obtained":["Golden Idol"],"max_hp_gain":0,"max_hp_loss":0,"event_name":"Golden Idol","floor":3,"gold_loss":0},{"damage_healed":0,"gold_gain":0,"player_choice":"Got Potions","damage_taken":0,"max_hp_gain":0,"max_hp_loss":0,"event_name":"Lab","floor":8,"gold_loss":0}],"is_beta":false,"boss_relics":[],"items_purged_floors":[5,12],"is_endless":false,"potions_floor_spawned":[7,13],"killed_by":"Large Slime","ascension_level":0}