{"gold_per_floor":[118,131,56,6,6,32,32,59,59,59,33,48,77,87,87,87],"floor_reached":16,"playtime":1321,"items_purged":["Strike_G"],"score":162,"play_id":"fb67cec7-dd29-4786-b119-8e12cb6995d2","local_time":"20180705095422","is_ascension_mode":true,"campfire_choices":[{"floor":7,"key":"REST"},{"floor":10,"key":"REST"},{"floor":15,"key":"REST"}],"neow_cost":"NONE","seed_source_timestamp":7356456384202,"circlet_count":0,"master_deck":["Defend_G+1","Defend_G","Defend_G+1","Defend_G","Defend_G","Strike_G","Strike_G","Strike_G","Survivor","Neutralize","AscendersBane","Sucker Punch","Cloak And Dagger","Dagger Spray","Cloak And Dagger","Backflip","Poisoned Stab","Backstab","Venomology"],"relics":["Ring of the Snake","Omamori","Singing Bowl","Odd Mushroom","Happy Flower","Art of War"],"potions_floor_usage":[13,13,16,16],"damage_taken":[{"damage":0,"enemies":"Jaw Worm","floor":1,"turns":5},{"damage":4,"enemies":"Small Slimes","floor":2,"turns":4},{"damage":21,"enemies":"3 Sentries","floor":6,"turns":16},{"damage":22,"floor":8,"turns":5},{"damage":0,"enemies":"2 Louse","floor":12,"turns":3},{"damage":33,"enemies":"Lagavulin","floor":13,"turns":12},{"damage":0,"enemies":"Looter","floor":14,"turns":4},{"damage":37,"enemies":"The Guardian","floor":16,"turns":11}],"seed_played":"5943011957802631126","potions_obtained":[{"floor":2,"key":"Weak Potion"},{"floor":12,"key":"SkillPotion"},{"floor":13,"key":"AttackPotion"}],"is_trial":false,"path_per_floor":["M","M","$","?","?","E","R","?","T","R","$","M","E","M","R"],"character_chosen":"THE_SILENT","items_purchased":["Backflip"],"campfire_rested":3,"item_purchase_floors":[11],"current_hp_per_floor":[63,59,59,59,45,24,45,23,23,44,44,44,11,11,32,0],"gold":87,"neow_bonus":"RANDOM_COMMON_RELIC","is_prod":false,"is_daily":false,"chose_seed":false,"campfire_upgraded":0,"win_rate":0,"timestamp":1530809662,"path_taken":["M","M","$","?","?","E","R","?","T","R","$","?","E","M","R","BOSS"],"build_version":"2018-06-28","purchased_purges":1,"victory":false,"max_hp_per_floor":[70,70,70,70,70,70,70,70,70,70,70,70,70,70,70,70],"card_choices":[{"not_picked":["Underhanded Strike","Deflect"],"picked":"Sucker Punch","floor":1},{"not_picked":["Outmaneuver","Expertise"],"picked":"Cloak And Dagger","floor":2},{"not_picked":["Heel Hook","Distraction"],"picked":"Dagger Spray","floor":6},{"not_picked":["Prepared","Flying Knee"],"picked":"Cloak And Dagger","floor":8},{"not_picked":["Dagger Throw","Flying Knee"],"picked":"Poisoned Stab","floor":12},{"not_picked":["Bane","Expertise"],"picked":"Backstab","floor":13},{"not_picked":["Deflect","Prepared"],"picked":"Venomology","floor":14}],"player_experience":697685,"relics_obtained":[{"floor":6,"key":"Singing Bowl"},{"floor":8,"key":"Odd Mushroom"},{"floor":9,"key":"Happy Flower"},{"floor":13,"key":"Art of War"}],"event_choices":[{"event_name":"The Cleric","player_choice":"Card Removal","floor":4,"damage_taken":0},{"event_name":"Shining Light","player_choice":"Entered Light","floor":5,"damage_taken":0},{"event_name":"Mushrooms","player_choice":"Fought Mushrooms","floor":8,"damage_taken":0}],"boss_relics":[],"items_purged_floors":[3],"is_endless":false,"potions_floor_spawned":[2,12,13],"killed_by":"The Guardian","ascension_level":10}