{"gold_per_floor":[18,18,18,43,43,43,57,92,92,92,115,131,149,172,172,268,268,288,311,311,201,215,215,215,238,262,262,35,35,68,81,81,170,170,191,241,166,66,80,121,121,156,156,156,156,175,175,206,206,206,206],"floor_reached":52,"playtime":2505,"items_purged":["Defend_B","Strike_B"],"score":2166,"play_id":"b4907078-b2fd-49f4-9ac4-488d2931e3e7","local_time":"20181223212121","is_ascension_mode":true,"campfire_choices":[{"data":"Rip and Tear","floor":6.0,"key":"SMITH"},{"data":"Zap","floor":15.0,"key":"SMITH"},{"data":"Hologram","floor":23.0,"key":"SMITH"},{"data":"Electrodynamics","floor":24.0,"key":"SMITH"},{"floor":27.0,"key":"REST"},{"data":"Biased Cognition","floor":29.0,"key":"SMITH"},{"floor":32.0,"key":"REST"},{"data":"Buffer","floor":41.0,"key":"SMITH"},{"data":"Double Energy","floor":44.0,"key":"SMITH"},{"data":"Consume","floor":47.0,"key":"SMITH"},{"data":"Defragment","floor":49.0,"key":"SMITH"}],"neow_cost":"NO_GOLD","seed_source_timestamp":297059819502,"circlet_count":0,"master_deck":["AscendersBane","Defend_B+1","Zap+1","Dualcast+1","Rip and Tear+1","Leap","Biased Cognition+1","Ball Lightning","Electrodynamics+1","Undo","Conserve Battery","Core Surge+1","Hologram+1","Glacier","Double Energy+1","Buffer+1","Defragment+1","Storm+1","Capacitor+1","Consume+1","Echo Form+1"],"special_seed":0,"relics":["Cracked Core","Golden Idol","WingedGreaves","Pantograph","Bag of Marbles","Empty Cage","Lantern","OrangePellets","Pen Nib","Inserter","Dream Catcher","Frozen Egg 2","Blue Candle","Du-Vu Doll"],"potions_floor_usage":[50],"damage_taken":[{"damage":12.0,"enemies":"Jaw Worm","floor":1.0,"turns":3.0},{"damage":0.0,"enemies":"2 Louse","floor":4.0,"turns":2.0},{"damage":0.0,"enemies":"Cultist","floor":7.0,"turns":3.0},{"damage":15.0,"enemies":"Lagavulin","floor":8.0,"turns":8.0},{"damage":2.0,"enemies":"Looter","floor":12.0,"turns":2.0},{"damage":8.0,"enemies":"Large Slime","floor":13.0,"turns":3.0},{"damage":0.0,"enemies":"Gremlin Gang","floor":14.0,"turns":1.0},{"damage":3.0,"enemies":"The Guardian","floor":16.0,"turns":8.0},{"damage":2.0,"enemies":"Spheric Guardian","floor":18.0,"turns":3.0},{"damage":13.0,"enemies":"3 Byrds","floor":19.0,"turns":2.0},{"damage":0.0,"enemies":"Snake Plant","floor":22.0,"turns":2.0},{"damage":18.0,"enemies":"Centurion and Healer","floor":25.0,"turns":3.0},{"damage":26.0,"enemies":"Book of Stabbing","floor":30.0,"turns":4.0},{"damage":0.0,"enemies":"Shelled Parasite and Fungi","floor":31.0,"turns":3.0},{"damage":51.0,"enemies":"Collector","floor":33.0,"turns":11.0},{"damage":0.0,"enemies":"3 Shapes","floor":35.0,"turns":4.0},{"damage":1.0,"enemies":"Orb Walker","floor":39.0,"turns":4.0},{"damage":0.0,"enemies":"Reptomancer","floor":40.0,"turns":5.0},{"damage":2.0,"enemies":"Giant Head","floor":42.0,"turns":9.0},{"damage":13.0,"enemies":"Sphere and 2 Shapes","floor":46.0,"turns":4.0},{"damage":0.0,"enemies":"Reptomancer","floor":48.0,"turns":4.0},{"damage":0,"enemies":"Donu and Deca","floor":50,"turns":7},{"damage":32,"enemies":"Time Eater","floor":51,"turns":14}],"seed_played":"3539879594095031490","potions_obtained":[{"floor":1.0,"key":"Explosive Potion"},{"floor":7.0,"key":"AttackPotion"},{"floor":13.0,"key":"Swift Potion"},{"floor":18.0,"key":"Block Potion"},{"floor":31.0,"key":"SkillPotion"},{"floor":33.0,"key":"EssenceOfSteel"},{"floor":39.0,"key":"Dexterity Potion"},{"floor":46.0,"key":"GamblersBrew"}],"is_trial":false,"path_per_floor":["M","?","?","M","?","R","M","E","T","?","T","M","M","M","R","B",null,"M","M","?","?","M","R","R","M","T","R","$","R","E","M","R","B",null,"M","?","$","$","M","E","R","E","T","R","?","M","R","E","R","B","B",null],"character_chosen":"DEFECT","items_purchased":["OrangePellets"],"campfire_rested":2,"item_purchase_floors":[28],"current_hp_per_floor":[52,31,31,31,31,31,31,16,16,32,32,30,22,22,22,44,57,55,42,42,42,42,42,42,24,24,42,42,42,16,16,34,8,48,48,42,42,42,41,41,41,39,39,39,39,26,26,26,26,51,29],"gold":206,"neow_bonus":"REMOVE_TWO","is_prod":false,"is_daily":false,"chose_seed":false,"campfire_upgraded":9,"win_rate":0,"timestamp":1545571281,"path_taken":["M","?","?","M","?","R","M","E","T","?","?","?","M","M","R","BOSS","M","M","?","?","M","R","R","?","T","R","$","R","E","M","R","BOSS","M","?","?","$","M","E","R","E","T","R","?","?","R","E","R","BOSS","BOSS"],"build_version":"2018-12-20","purchased_purges":2,"victory":true,"max_hp_per_floor":[71,71,64,64,64,64,64,64,64,64,64,64,64,64,64,64,61,61,61,61,61,61,61,61,61,61,61,61,61,61,61,61,61,61,61,61,61,61,61,61,61,61,61,61,61,61,61,61,61,61,61],"card_choices":[{"not_picked":["Compile Driver","Stack"],"picked":"Rip and Tear","floor":1.0},{"not_picked":["Go for the Eyes","Doom and Gloom"],"picked":"Leap","floor":4.0},{"not_picked":["Hello World","Barrage","Fusion"],"picked":"SKIP","floor":7.0},{"not_picked":["Hello World","Barrage","Fusion"],"picked":"SKIP","floor":7.0},{"not_picked":["Tempest","Gash"],"picked":"Ball Lightning","floor":8.0},{"not_picked":["Rebound","Defragment"],"picked":"Electrodynamics","floor":12.0},{"not_picked":["Turbo","Doom and Gloom"],"picked":"Undo","floor":13.0},{"not_picked":["Force Field","Sweeping Beam"],"picked":"Conserve Battery","floor":14.0},{"not_picked":["Electrodynamics","Thunder Strike"],"picked":"Core Surge","floor":16.0},{"not_picked":["Turbo","Conserve Battery"],"picked":"Hologram","floor":18.0},{"not_picked":["Sunder","Redo","Streamline"],"picked":"SKIP","floor":19.0},{"not_picked":["Sunder","Redo","Streamline"],"picked":"SKIP","floor":19.0},{"not_picked":["Ball Lightning","Chaos","Gash"],"picked":"SKIP","floor":22.0},{"not_picked":["Steam","Turbo"],"picked":"Glacier","floor":25.0},{"not_picked":["Hyperbeam","Conserve Battery","Gash"],"picked":"SKIP","floor":30.0},{"not_picked":["Hyperbeam","Conserve Battery","Gash"],"picked":"SKIP","floor":30.0},{"not_picked":["Aggregate","Darkness"],"picked":"Double Energy","floor":31.0},{"not_picked":["Reboot","Machine Learning"],"picked":"Buffer","floor":33.0},{"not_picked":["Capacitor","Storm"],"picked":"Defragment","floor":35.0},{"not_picked":["Gash+1","Hologram"],"picked":"Storm+1","floor":39.0},{"not_picked":["Conserve Battery+1","Sweeping Beam+1","Tempest"],"picked":"SKIP","floor":40.0},{"not_picked":["Streamline","Lockon"],"picked":"Capacitor","floor":42.0},{"not_picked":["Cold Snap+1","Reprogram"],"picked":"Consume","floor":46.0},{"not_picked":["Steam Power+1","Rebound"],"picked":"Echo Form+1","floor":48.0}],"player_experience":2410144,"relics_obtained":[{"floor":8.0,"key":"WingedGreaves"},{"floor":9.0,"key":"Pantograph"},{"floor":11.0,"key":"Bag of Marbles"},{"floor":26.0,"key":"Lantern"},{"floor":30.0,"key":"Pen Nib"},{"floor":40.0,"key":"Dream Catcher"},{"floor":42.0,"key":"Frozen Egg 2"},{"floor":48.0,"key":"Du-Vu Doll"}],"event_choices":[{"damage_healed":0.0,"max_hp_gain":0.0,"max_hp_loss":0.0,"gold_gain":0.0,"event_name":"Shining Light","player_choice":"Entered Light","floor":2.0,"gold_loss":0.0,"damage_taken":21.0,"cards_upgraded":["Defend_B","Dualcast"]},{"damage_healed":0.0,"max_hp_gain":0.0,"max_hp_loss":7.0,"gold_gain":0.0,"event_name":"Golden Idol","player_choice":"Lose Max HP","floor":3.0,"gold_loss":0.0,"damage_taken":0.0,"relics_obtained":["Golden Idol"]},{"damage_healed":0.0,"max_hp_gain":0.0,"max_hp_loss":0.0,"gold_gain":0.0,"cards_transformed":["Strike_B"],"event_name":"Living Wall","player_choice":"Change","floor":5.0,"gold_loss":0.0,"damage_taken":0.0,"cards_obtained":["Biased Cognition"]},{"damage_healed":16.0,"max_hp_gain":0.0,"max_hp_loss":0.0,"gold_gain":0.0,"event_name":"Mushrooms","player_choice":"Healed and dodged fight","floor":10.0,"gold_loss":0.0,"damage_taken":0.0,"cards_obtained":["Parasite"]},{"damage_healed":0.0,"max_hp_gain":0.0,"max_hp_loss":0.0,"gold_gain":0.0,"event_name":"Ghosts","player_choice":"Ignored","floor":20.0,"gold_loss":0.0,"damage_taken":0.0},{"cards_removed":["Defend_B"],"damage_healed":0.0,"max_hp_gain":0.0,"max_hp_loss":0.0,"gold_gain":0.0,"event_name":"Designer","player_choice":"Upgrade and Remove","floor":21.0,"gold_loss":110.0,"damage_taken":0.0,"cards_upgraded":["Core Surge"]},{"damage_healed":0.0,"max_hp_gain":0.0,"max_hp_loss":0.0,"gold_gain":50.0,"event_name":"FaceTrader","player_choice":"Touch","floor":36.0,"gold_loss":0.0,"damage_taken":6.0},{"damage_healed":0.0,"max_hp_gain":0.0,"max_hp_loss":0.0,"gold_gain":0.0,"event_name":"WeMeetAgain","player_choice":"Gave Potion","floor":45.0,"gold_loss":0.0,"damage_taken":0.0,"relics_obtained":["Blue Candle"]}],"is_beta":false,"boss_relics":[{"not_picked":["Nuclear Battery","Lizard Tail"],"picked":"Empty Cage"},{"not_picked":["Astrolabe","Runic Pyramid"],"picked":"Inserter"}],"items_purged_floors":[37,38],"is_endless":false,"potions_floor_spawned":[1,7,13,14,18,19,31,33,39,42,46],"ascension_level":20}