{"gold_per_floor":[118,136,148,67,83,83,116,116,116,136,161,174,174,208,208,285,285,301,301,301,319,350,350,350,19,43,43,43,76,96,115,115,192,192,207,225,235,235,247,247,276,276,276,294,305,305,340,355,355,355,355,355,355,13,44,44],"floor_reached":57,"playtime":4812,"items_purged":[],"score":2633,"play_id":"dc63e666-1b7c-4905-a58e-32276ff49ac8","local_time":"20190504211714","is_ascension_mode":true,"campfire_choices":[{"data":"Carnage","floor":6.0,"key":"SMITH"},{"data":"Shrug It Off","floor":8.0,"key":"SMITH"},{"data":"1","floor":15.0,"key":"LIFT"},{"data":"2","floor":23.0,"key":"LIFT"},{"data":"Ghostly","floor":28.0,"key":"SMITH"},{"data":"Ghostly","floor":32,"key":"SMITH"},{"data":"3","floor":40,"key":"LIFT"},{"data":"Ghostly","floor":42,"key":"SMITH"},{"floor":46,"key":"RECALL"},{"data":"Armaments","floor":49,"key":"SMITH"},{"data":"Dual Wield","floor":53,"key":"SMITH"}],"neow_cost":"NONE","seed_source_timestamp":219513459417700,"circlet_count":0,"master_deck":["AscendersBane","Strike_R","Strike_R","Strike_R","Strike_R","Strike_R","Defend_R","Defend_R","Defend_R","Defend_R","Bash","Reaper","Thunderclap","Shrug It Off+1","Carnage+1","Shockwave","Armaments+1","Exhume","Whirlwind","Twin Strike+1","RitualDagger+1","Necronomicurse","Disarm","Immolate+1","Ghostly+1","Ghostly+1","Ghostly+1","Burning Pact","Shrug It Off","Feed+1","Dual Wield+1","Sword Boomerang+1","Exhume","Pain","Shrug It Off+1","Barricade","Fiend Fire+1","Feel No Pain","Uppercut+1"],"special_seed":0,"relics":["Burning Blood","Mercury Hourglass","Self Forming Clay","Sundial","Girya","Molten Egg 2","Runic Pyramid","Necronomicon","Red Mask","Orichalcum","Vajra","Matryoshka","Cursed Key","Lantern","Blood Vial","Mummified Hand","Anchor","Bottled Lightning"],"potions_floor_usage":[50,55,56,56],"damage_taken":[{"damage":16.0,"enemies":"Jaw Worm","floor":1.0,"turns":4.0},{"damage":1.0,"enemies":"2 Louse","floor":2.0,"turns":3.0},{"damage":7.0,"enemies":"Small Slimes","floor":3.0,"turns":4.0},{"damage":7.0,"enemies":"2 Fungi Beasts","floor":5.0,"turns":4.0},{"damage":8.0,"enemies":"Gremlin Nob","floor":7.0,"turns":3.0},{"damage":0.0,"enemies":"Looter","floor":10.0,"turns":3.0},{"damage":15.0,"enemies":"Lagavulin","floor":11.0,"turns":6.0},{"damage":8.0,"enemies":"Blue Slaver","floor":12.0,"turns":3.0},{"damage":16.0,"enemies":"3 Sentries","floor":14.0,"turns":5.0},{"damage":34.0,"enemies":"The Guardian","floor":16.0,"turns":12.0},{"damage":16.0,"enemies":"Shell Parasite","floor":18.0,"turns":6.0},{"damage":0.0,"enemies":"3 Byrds","floor":21.0,"turns":2.0},{"damage":16.0,"enemies":"Masked Bandits","floor":22.0,"turns":4.0},{"damage":24.0,"enemies":"Book of Stabbing","floor":29.0,"turns":7.0},{"damage":10.0,"enemies":"Centurion and Healer","floor":30.0,"turns":6.0},{"damage":0,"enemies":"3 Cultists","floor":31,"turns":5},{"damage":26,"enemies":"Collector","floor":33,"turns":11},{"damage":4,"enemies":"3 Shapes","floor":35,"turns":2},{"damage":1,"enemies":"3 Darklings","floor":36,"turns":4},{"damage":0,"enemies":"Transient","floor":37,"turns":6},{"damage":0,"enemies":"Spire Growth","floor":39,"turns":2},{"damage":30,"enemies":"Nemesis","floor":41,"turns":7},{"damage":0,"enemies":"Jaw Worm Horde","floor":44,"turns":2},{"damage":24,"enemies":"4 Shapes","floor":45,"turns":4},{"damage":36,"enemies":"Reptomancer","floor":47,"turns":8},{"damage":10,"enemies":"Maw","floor":48,"turns":8},{"damage":85,"enemies":"Donu and Deca","floor":50,"turns":11},{"damage":61,"enemies":"Time Eater","floor":51,"turns":15},{"damage":55,"enemies":"Shield and Spear","floor":55,"turns":11},{"damage":80,"enemies":"The Heart","floor":56,"turns":13}],"seed_played":"-8900000816851010724","potions_obtained":[{"floor":1.0,"key":"SteroidPotion"},{"floor":3.0,"key":"AttackPotion"},{"floor":7.0,"key":"Poison Potion"},{"floor":10.0,"key":"Swift Potion"},{"floor":12.0,"key":"GamblersBrew"},{"floor":18.0,"key":"EssenceOfSteel"},{"floor":21.0,"key":"SteroidPotion"},{"floor":22.0,"key":"SteroidPotion"},{"floor":55,"key":"Fire Potion"}],"is_trial":false,"path_per_floor":["M","M","M","$","M","R","E","R","T","M","E","M","?","E","R","B",null,"M","?","?","M","?","R","T","$","T","?","R","E","M","M","R","B",null,"M","M","M","?","M","R","E","R","T","M","M","R","E","M","R","B","B",null,"R","$","E","B",null],"character_chosen":"IRONCLAD","items_purchased":["Carnage","Immolate+1","Orichalcum","Fiend Fire+1","Feel No Pain","Uppercut+1","Swift Potion"],"campfire_rested":0,"item_purchase_floors":[4,25,25,54,54,54,54],"current_hp_per_floor":[58,71,75,75,74,74,72,72,72,75,66,64,64,54,54,33,65,59,53,32,44,38,38,38,38,38,38,38,44,49,49,49,46,51,53,53,53,53,57,57,61,61,61,61,65,65,69,73,73,75,78,80,80,80,85,35],"gold":44,"neow_bonus":"ONE_RANDOM_RARE_CARD","is_prod":false,"is_daily":false,"chose_seed":false,"campfire_upgraded":7,"win_rate":0,"timestamp":1557001034,"path_taken":["M","M","M","$","M","R","E","R","T","M","E","M","?","E","R","BOSS","M","?","?","M","?","R","?","$","T","?","R","E","M","?","R","BOSS","M","M","M","?","M","R","E","R","T","M","M","R","E","M","R","BOSS","BOSS","R","$","E","BOSS"],"build_version":"2019-01-23","purchased_purges":0,"victory":true,"max_hp_per_floor":[75,75,75,75,75,75,75,75,75,75,75,75,75,75,75,75,75,79,79,79,79,83,83,83,83,83,41,41,45,49,49,49,53,53,53,53,53,53,57,57,61,61,61,61,65,65,69,73,73,77,81,81,81,81,85,85],"card_choices":[{"not_picked":["Clash","Bloodletting","Sever Soul"],"picked":"SKIP","floor":1.0},{"not_picked":["Ghostly Armor","Iron Wave"],"picked":"Thunderclap","floor":2.0},{"not_picked":["Sword Boomerang","Heavy Blade"],"picked":"Shrug It Off","floor":3.0},{"not_picked":["Iron Wave","Clothesline"],"picked":"Shockwave","floor":5.0},{"not_picked":["Wild Strike","Carnage"],"picked":"Armaments","floor":7.0},{"not_picked":["Dual Wield","Sentinel"],"picked":"Exhume","floor":10.0},{"not_picked":["True Grit","Warcry"],"picked":"Whirlwind","floor":11.0},{"not_picked":["Rupture","Heavy Blade","Perfected Strike"],"picked":"SKIP","floor":12.0},{"not_picked":["Berserk","True Grit"],"picked":"Twin Strike","floor":14.0},{"not_picked":["Bludgeon+1","Reaper+1"],"picked":"Feed+1","floor":16.0},{"not_picked":["True Grit","Pommel Strike+1","Wild Strike+1"],"picked":"SKIP","floor":18.0},{"not_picked":["Anger+1","Rupture","Fire Breathing"],"picked":"SKIP","floor":21.0},{"not_picked":["True Grit","Clash+1"],"picked":"Disarm","floor":22.0},{"not_picked":["Armaments","Brutality"],"picked":"Burning Pact","floor":29.0},{"not_picked":["Sever Soul+1","Pommel Strike+1","Anger+1"],"picked":"SKIP","floor":30.0},{"not_picked":["Dropkick+1","Cleave+1"],"picked":"Shrug It Off","floor":31},{"not_picked":["Double Tap","Brutality"],"picked":"Feed+1","floor":33},{"not_picked":["Headbutt+1","Twin Strike+1","True Grit"],"picked":"SKIP","floor":35},{"not_picked":["Clash+1","Havoc"],"picked":"Dual Wield","floor":36},{"not_picked":["Thunderclap+1","Clash+1","Cleave+1"],"picked":"SKIP","floor":37},{"not_picked":["Shrug It Off","Cleave+1"],"picked":"Sword Boomerang+1","floor":39},{"not_picked":["Armaments","Rampage+1"],"picked":"Exhume","floor":41},{"not_picked":["Whirlwind+1","Dropkick+1"],"picked":"Shrug It Off+1","floor":44},{"not_picked":["Anger+1","Clash+1","Pommel Strike+1"],"picked":"SKIP","floor":45},{"not_picked":["Iron Wave+1","Thunderclap+1"],"picked":"Barricade","floor":47},{"not_picked":["Warcry","Dual Wield+1","Cleave+1"],"picked":"SKIP","floor":48},{"not_picked":["Armaments","Perfected Strike+1","Havoc"],"picked":"SKIP","floor":55}],"player_experience":2949646,"relics_obtained":[{"floor":7.0,"key":"Mercury Hourglass"},{"floor":9.0,"key":"Self Forming Clay"},{"floor":11.0,"key":"Sundial"},{"floor":14.0,"key":"Molten Egg 2"},{"floor":20.0,"key":"Necronomicon"},{"floor":22.0,"key":"Red Mask"},{"floor":26.0,"key":"Vajra"},{"floor":29.0,"key":"Matryoshka"},{"floor":41,"key":"Lantern"},{"floor":43,"key":"Blood Vial"},{"floor":43,"key":"Mummified Hand"},{"floor":47,"key":"Anchor"},{"floor":55,"key":"Bottled Lightning"}],"event_choices":[{"damage_healed":0.0,"max_hp_gain":0.0,"max_hp_loss":0.0,"gold_gain":0.0,"event_name":"Dead Adventurer","player_choice":"Searched \u00271\u0027 times","floor":13.0,"gold_loss":0.0,"damage_taken":0.0,"relics_obtained":["Girya"]},{"damage_healed":0.0,"max_hp_gain":0.0,"max_hp_loss":0.0,"gold_gain":0.0,"event_name":"Nest","player_choice":"Joined the Cult","floor":19.0,"gold_loss":0.0,"damage_taken":6.0,"cards_obtained":["RitualDagger"]},{"damage_healed":0.0,"max_hp_gain":0.0,"max_hp_loss":0.0,"gold_gain":0.0,"event_name":"Cursed Tome","player_choice":"Obtained Book","floor":20.0,"gold_loss":0.0,"damage_taken":21.0},{"damage_healed":0.0,"max_hp_gain":0.0,"max_hp_loss":0.0,"gold_gain":0.0,"event_name":"Masked Bandits","player_choice":"Fought Bandits","floor":22.0,"gold_loss":0.0,"damage_taken":0.0},{"damage_healed":0.0,"max_hp_gain":0.0,"max_hp_loss":42.0,"gold_gain":0.0,"event_name":"Ghosts","player_choice":"Became a Ghost","floor":27.0,"gold_loss":0.0,"damage_taken":0.0,"cards_obtained":["Ghostly","Ghostly","Ghostly"]},{"cards_removed":["Feed"],"damage_healed":0,"gold_gain":0,"player_choice":"Removed Attack","damage_taken":0,"max_hp_gain":0,"max_hp_loss":0,"event_name":"Falling","floor":38,"gold_loss":0}],"is_beta":false,"boss_relics":[{"not_picked":["Astrolabe","Runic Dome"],"picked":"Runic Pyramid"},{"not_picked":["Lizard Tail","Velvet Choker"],"picked":"Cursed Key"}],"items_purged_floors":[],"is_endless":false,"potions_floor_spawned":[1,3,7,10,12,18,21,22,36,41,47,48,55],"ascension_level":20}