{"gold_per_floor":[111,126,126,51,63,63,74,104,129,164,181,181,197,207,207,281,281,293,304,304,34,34,34,54,54,80,80,108,108,127,144,144,144],"floor_reached":33,"playtime":1221,"items_purged":[],"score":683,"play_id":"50ec90c5-ce2c-49e3-bab2-2c7b28b4c1d7","local_time":"20181207181724","is_ascension_mode":true,"campfire_choices":[{"data":"Carnage","floor":6.0,"key":"SMITH"},{"data":"True Grit","floor":12.0,"key":"SMITH"},{"data":"Bash","floor":15.0,"key":"SMITH"},{"data":"Barricade","floor":23,"key":"SMITH"},{"floor":27,"key":"REST"},{"data":"Flame Barrier","floor":32,"key":"SMITH"}],"neow_cost":"PERCENT_DAMAGE","seed_source_timestamp":5724076011043,"circlet_count":0,"master_deck":["AscendersBane","Strike_R","Strike_R","Strike_R","Strike_R","Defend_R","Defend_R","Defend_R","Defend_R","Bash+1","Carnage+1","Offering","Evolve","True Grit+1","Headbutt","Barricade+1","Reckless Charge","Dark Embrace","Flame Barrier+1"],"special_seed":0,"relics":["Burning Blood","Lantern","Red Skull","Blood Vial","Sozu","Meat on the Bone","Centennial Puzzle","Calipers","Pear"],"potions_floor_usage":[],"damage_taken":[{"damage":11.0,"enemies":"Jaw Worm","floor":1.0,"turns":6.0},{"damage":11.0,"enemies":"Small Slimes","floor":2.0,"turns":3.0},{"damage":1.0,"enemies":"2 Louse","floor":5.0,"turns":2.0},{"damage":25.0,"enemies":"Exordium Thugs","floor":7.0,"turns":4.0},{"damage":16.0,"enemies":"Lagavulin","floor":8.0,"turns":4.0},{"damage":29.0,"enemies":"3 Sentries","floor":10.0,"turns":5.0},{"damage":14.0,"enemies":"Gremlin Gang","floor":11.0,"turns":5.0},{"damage":6.0,"enemies":"Looter","floor":13.0,"turns":2.0},{"damage":6.0,"enemies":"Exordium Wildlife","floor":14.0,"turns":2.0},{"damage":0.0,"enemies":"Slime Boss","floor":16.0,"turns":5.0},{"damage":17.0,"enemies":"3 Byrds","floor":18.0,"turns":5.0},{"damage":33.0,"enemies":"2 Thieves","floor":19.0,"turns":5.0},{"damage":33,"enemies":"Colosseum Slavers","floor":22,"turns":4},{"damage":24,"enemies":"Snecko","floor":24,"turns":3},{"damage":43,"enemies":"Slavers","floor":28,"turns":4},{"damage":25,"enemies":"Sentry and Sphere","floor":30,"turns":5},{"damage":15,"enemies":"Snake Plant","floor":31,"turns":2},{"damage":56,"enemies":"Champ","floor":33,"turns":22}],"seed_played":"-4515627873454273427","potions_obtained":[{"floor":2.0,"key":"LiquidBronze"},{"floor":7.0,"key":"Dexterity Potion"},{"floor":11.0,"key":"PowerPotion"},{"floor":14.0,"key":"Fire Potion"}],"is_trial":false,"path_per_floor":["M","M","?","?","M","R","M","E","T","E","M","R","M","M","R","B",null,"M","M","?","$","?","R","M","$","T","R","E","?","M","M","R","B"],"character_chosen":"IRONCLAD","items_purchased":["Meat on the Bone"],"campfire_rested":1,"item_purchase_floors":[21],"current_hp_per_floor":[59,54,83,83,88,88,69,59,59,36,30,30,32,34,34,42,77,68,43,43,43,30,30,26,26,26,52,29,39,34,39,39,0],"gold":144,"neow_bonus":"TWENTY_PERCENT_HP_BONUS","is_prod":false,"is_daily":false,"chose_seed":false,"campfire_upgraded":5,"win_rate":0,"timestamp":1544177844,"path_taken":["M","M","?","?","M","R","M","E","T","E","M","R","M","M","R","BOSS","M","M","?","$","?","R","M","$","T","R","E","?","?","?","R","BOSS"],"build_version":"2018-12-06","purchased_purges":0,"victory":false,"max_hp_per_floor":[89,89,89,89,89,89,89,89,89,89,89,89,89,89,89,89,89,89,89,89,89,89,89,89,89,89,89,89,99,99,99,99,99],"card_choices":[{"not_picked":["Flex","Sword Boomerang"],"picked":"Wild Strike","floor":1.0},{"not_picked":["Clothesline","Thunderclap","True Grit"],"picked":"SKIP","floor":2.0},{"not_picked":["Wild Strike","Armaments"],"picked":"Carnage","floor":5.0},{"not_picked":["Body Slam","Shrug It Off"],"picked":"Offering","floor":7.0},{"not_picked":["Rupture","Inflame"],"picked":"Evolve","floor":8.0},{"not_picked":["Clothesline","Carnage"],"picked":"True Grit","floor":10.0},{"not_picked":["Warcry","Thunderclap"],"picked":"Headbutt","floor":11.0},{"not_picked":["Searing Blow","Flex","Pommel Strike"],"picked":"SKIP","floor":13.0},{"not_picked":["Brutality","Searing Blow","True Grit"],"picked":"SKIP","floor":14.0},{"not_picked":["Exhume","Reaper"],"picked":"Barricade","floor":16.0},{"not_picked":["Twin Strike","Flame Barrier","Thunderclap"],"picked":"SKIP","floor":18.0},{"not_picked":["Hemokinesis+1","True Grit"],"picked":"Reckless Charge","floor":19.0},{"not_picked":["Sword Boomerang+1","Metallicize","Flex"],"picked":"SKIP","floor":24},{"not_picked":["Dual Wield","Perfected Strike","Sword Boomerang"],"picked":"SKIP","floor":28},{"not_picked":["Anger","Rampage"],"picked":"Dark Embrace","floor":30},{"not_picked":["Headbutt","Pommel Strike"],"picked":"Flame Barrier","floor":31}],"player_experience":2295838,"relics_obtained":[{"floor":8.0,"key":"Lantern"},{"floor":9.0,"key":"Red Skull"},{"floor":10.0,"key":"Blood Vial"},{"floor":26,"key":"Centennial Puzzle"},{"floor":28,"key":"Calipers"}],"event_choices":[{"damage_healed":29.0,"max_hp_gain":0.0,"max_hp_loss":0.0,"gold_gain":0.0,"event_name":"Big Fish","player_choice":"Banana","floor":3.0,"gold_loss":0.0,"damage_taken":0.0},{"cards_removed":["Strike_R"],"damage_healed":0.0,"max_hp_gain":0.0,"max_hp_loss":0.0,"gold_gain":0.0,"event_name":"The Cleric","player_choice":"Card Removal","floor":4.0,"gold_loss":75.0,"damage_taken":0.0},{"damage_healed":0.0,"max_hp_gain":0.0,"max_hp_loss":0.0,"gold_gain":0.0,"event_name":"Ghosts","player_choice":"Ignored","floor":20.0,"gold_loss":0.0,"damage_taken":0.0},{"damage_healed":0,"gold_gain":0,"player_choice":"Fight","damage_taken":0,"max_hp_gain":0,"max_hp_loss":0,"event_name":"Colosseum","floor":22,"gold_loss":0},{"damage_healed":0,"gold_gain":0,"player_choice":"Fled From Nobs","damage_taken":0,"max_hp_gain":0,"max_hp_loss":0,"event_name":"Colosseum","floor":22,"gold_loss":0},{"cards_removed":["Wild Strike"],"damage_healed":0,"gold_gain":0,"player_choice":"Gave Card","damage_taken":0,"relics_obtained":["Pear"],"max_hp_gain":0,"max_hp_loss":0,"event_name":"WeMeetAgain","floor":29,"gold_loss":0}],"is_beta":false,"boss_relics":[{"not_picked":["Fusion Hammer","Runic Cube"],"picked":"Sozu"}],"items_purged_floors":[],"is_endless":false,"potions_floor_spawned":[2,7,11,14,18,19,30],"killed_by":"Champ","ascension_level":20}