{"gold_per_floor":[116,128,278,37,37,37,64,64,88,102,102,116,175,192,192,271,271,289,307,207,207,50,50,60,60,141,141,153,153,188,0,0,0],"floor_reached":33,"playtime":945,"items_purged":["Doubt","Strike_R"],"score":547,"play_id":"5f0bb5bb-06b3-4025-b939-b5ff1c4c7fc4","local_time":"20190427170505","is_ascension_mode":true,"campfire_choices":[{"floor":6.0,"key":"DIG"},{"floor":8.0,"key":"DIG"},{"floor":11.0,"key":"DIG"},{"floor":15.0,"key":"REST"},{"floor":23,"key":"REST"},{"data":"Barricade","floor":25,"key":"SMITH"},{"floor":27,"key":"DIG"},{"floor":29,"key":"REST"},{"floor":32,"key":"REST"}],"neow_cost":"NONE","seed_source_timestamp":0,"circlet_count":0,"master_deck":["AscendersBane","Strike_R","Strike_R","Strike_R","Strike_R","Defend_R","Defend_R","Defend_R","Defend_R","Bash","Pommel Strike","Hemokinesis","Shockwave","Body Slam","Immolate","Disarm","Barricade+1","Spot Weakness","Heavy Blade"],"special_seed":0,"relics":["Burning Blood","NeowsBlessing","Ancient Tea Set","Shovel","Prayer Wheel","Boot","Ginger","Strawberry","Bronze Scales","Self Forming Clay","Sozu","PreservedInsect","Kunai","StoneCalendar"],"potions_floor_usage":[16],"damage_taken":[{"damage":0.0,"enemies":"Jaw Worm","floor":1.0,"turns":1.0},{"damage":0.0,"enemies":"2 Louse","floor":2.0,"turns":1.0},{"damage":0.0,"enemies":"Lagavulin","floor":7.0,"turns":1.0},{"damage":9.0,"enemies":"Cultist","floor":10.0,"turns":3.0},{"damage":17.0,"enemies":"Looter","floor":12.0,"turns":3.0},{"damage":22.0,"enemies":"Gremlin Nob","floor":13.0,"turns":4.0},{"damage":19.0,"enemies":"3 Louse","floor":14.0,"turns":3.0},{"damage":62,"enemies":"Slime Boss","floor":16,"turns":9},{"damage":20,"enemies":"Shell Parasite","floor":18,"turns":3},{"damage":7,"enemies":"3 Byrds","floor":19,"turns":3},{"damage":35,"enemies":"Colosseum Slavers","floor":21,"turns":5},{"damage":13,"enemies":"Cultist and Chosen","floor":24,"turns":4},{"damage":17,"enemies":"Snake Plant","floor":28,"turns":4},{"damage":25,"enemies":"Gremlin Leader","floor":30,"turns":5},{"damage":95,"enemies":"Automaton","floor":33,"turns":6}],"seed_played":"6421884970695185462","potions_obtained":[{"floor":7.0,"key":"Poison Potion"},{"floor":12.0,"key":"Energy Potion"},{"floor":14.0,"key":"Fire Potion"}],"is_trial":false,"path_per_floor":["M","M","?","$","?","R","E","R","T","M","R","M","?","M","R","B",null,"M","M","$","?","$","R","M","R","T","R","M","R","E","?","R","B"],"character_chosen":"IRONCLAD","items_purchased":["Ancient Tea Set","PreservedInsect"],"campfire_rested":4,"item_purchase_floors":[4,22],"current_hp_per_floor":[74,75,75,75,70,70,75,75,82,79,79,68,52,39,63,7,63,49,48,48,19,19,43,36,36,36,36,25,49,30,30,54,0],"gold":0,"neow_bonus":"THREE_ENEMY_KILL","is_prod":false,"is_daily":false,"chose_seed":false,"campfire_upgraded":1,"win_rate":0,"timestamp":1556373905,"path_taken":["M","M","?","$","?","R","E","R","T","M","R","M","?","M","R","BOSS","M","M","$","?","$","R","M","R","T","R","M","R","E","?","R","BOSS"],"build_version":"2019-01-23","purchased_purges":2,"victory":false,"max_hp_per_floor":[75,75,75,75,75,75,75,75,82,82,82,82,82,82,82,82,82,82,82,82,82,82,82,82,82,82,82,82,82,82,82,82,82],"card_choices":[{"not_picked":["Thunderclap","Searing Blow"],"picked":"Pommel Strike","floor":1.0},{"not_picked":["Intimidate","Clash"],"picked":"Hemokinesis","floor":2.0},{"not_picked":["Sentinel","Bloodletting","Seeing Red"],"picked":"SKIP","floor":7.0},{"not_picked":["Cleave","Spot Weakness"],"picked":"Shockwave","floor":10.0},{"not_picked":["Hemokinesis","Clash"],"picked":"Body Slam","floor":10.0},{"not_picked":["Perfected Strike","Wild Strike","Combust"],"picked":"SKIP","floor":12.0},{"not_picked":["Body Slam","Flex","Headbutt"],"picked":"SKIP","floor":12.0},{"not_picked":["Anger","Pommel Strike","Rampage"],"picked":"SKIP","floor":14.0},{"not_picked":["Body Slam","Power Through","Rampage"],"picked":"SKIP","floor":14.0},{"not_picked":["Limit Break","Bludgeon"],"picked":"Immolate","floor":16},{"not_picked":["Clothesline","Wild Strike","Headbutt"],"picked":"SKIP","floor":18},{"not_picked":["Havoc","Thunderclap","Warcry"],"picked":"SKIP","floor":18},{"not_picked":["Infernal Blade","Headbutt"],"picked":"Disarm","floor":19},{"not_picked":["Anger","Flex","Wild Strike"],"picked":"SKIP","floor":19},{"not_picked":["Clash","Perfected Strike"],"picked":"Barricade","floor":24},{"not_picked":["Sever Soul","Fire Breathing","Rupture"],"picked":"SKIP","floor":24},{"not_picked":["Carnage","Uppercut"],"picked":"Spot Weakness","floor":28},{"not_picked":["Perfected Strike","Havoc"],"picked":"Heavy Blade","floor":28},{"not_picked":["Perfected Strike","Sever Soul","Dual Wield+1"],"picked":"SKIP","floor":30}],"player_experience":343337,"relics_obtained":[{"floor":6.0,"key":"Prayer Wheel"},{"floor":7.0,"key":"Boot"},{"floor":8.0,"key":"Ginger"},{"floor":9.0,"key":"Strawberry"},{"floor":11.0,"key":"Bronze Scales"},{"floor":13.0,"key":"Self Forming Clay"},{"floor":27,"key":"Kunai"},{"floor":30,"key":"StoneCalendar"}],"event_choices":[{"damage_healed":0.0,"max_hp_gain":0.0,"max_hp_loss":0.0,"gold_gain":150.0,"event_name":"Liars Game","player_choice":"AGREE","floor":3.0,"gold_loss":0.0,"damage_taken":0.0,"cards_obtained":["Doubt"]},{"damage_healed":0.0,"max_hp_gain":0.0,"max_hp_loss":0.0,"gold_gain":0.0,"event_name":"Scrap Ooze","player_choice":"Success","floor":5.0,"gold_loss":0.0,"damage_taken":5.0,"relics_obtained":["Shovel"]},{"damage_healed":0.0,"max_hp_gain":0.0,"max_hp_loss":0.0,"gold_gain":0.0,"event_name":"Dead Adventurer","player_choice":"Searched \u00271\u0027 times","floor":13.0,"gold_loss":0.0,"damage_taken":0.0},{"damage_healed":0,"gold_gain":0,"player_choice":"Fight","damage_taken":0,"max_hp_gain":0,"max_hp_loss":0,"event_name":"Colosseum","floor":21,"gold_loss":0},{"damage_healed":0,"gold_gain":0,"player_choice":"Fled From Nobs","damage_taken":0,"max_hp_gain":0,"max_hp_loss":0,"event_name":"Colosseum","floor":21,"gold_loss":0},{"damage_healed":0,"gold_gain":0,"player_choice":"Paid Fearfully","damage_taken":0,"max_hp_gain":0,"max_hp_loss":0,"event_name":"Masked Bandits","floor":31,"gold_loss":188}],"is_beta":false,"boss_relics":[{"not_picked":["Empty Cage","Orrery"],"picked":"Sozu"}],"items_purged_floors":[4,20],"is_endless":false,"potions_floor_spawned":[7,12,14,19,21,24],"killed_by":"Automaton","ascension_level":18}