{"gold_per_floor":[114,114,128,148,124,151,151,171,171,189,189,199,199,211,211,306,306,321,334,334,249,55,55],"floor_reached":23,"playtime":1009,"items_purged":[],"score":203,"play_id":"d20b6887-f70a-401c-aa48-c99cb5f4e9e0","local_time":"20181012000430","is_ascension_mode":true,"campfire_choices":[{"floor":7,"key":"REST"},{"floor":11,"key":"REST"},{"floor":15,"key":"REST"}],"neow_cost":"NONE","seed_source_timestamp":94188222403137,"circlet_count":0,"master_deck":["Strike_B","Strike_B","Strike_B","Defend_B","Defend_B","Defend_B","Defend_B","Zap","Dualcast","Streamline","Turbo","Ball Lightning","Defragment","Gash","Force Field","Lockon","Doom and Gloom","White Noise","Defragment","Machine Learning","FTL","Beam Cell"],"relics":["Cracked Core","Pantograph","Matryoshka","Question Card","White Beast Statue","CultistMask","Ancient Tea Set","PrismaticShard"],"potions_floor_usage":[18,19,23],"damage_taken":[{"damage":1,"enemies":"Jaw Worm","floor":1,"turns":4},{"damage":0,"enemies":"Small Slimes","floor":3,"turns":3},{"damage":2,"enemies":"2 Louse","floor":4,"turns":3},{"damage":26,"enemies":"Lagavulin","floor":6,"turns":5},{"damage":20,"enemies":"Gremlin Gang","floor":8,"turns":3},{"damage":2,"enemies":"2 Fungi Beasts","floor":10,"turns":3},{"damage":6,"enemies":"Exordium Wildlife","floor":12,"turns":3},{"damage":9,"enemies":"Blue Slaver","floor":14,"turns":3},{"damage":45,"enemies":"The Guardian","floor":16,"turns":11},{"damage":23,"enemies":"2 Thieves","floor":18,"turns":3},{"damage":37,"enemies":"Chosen","floor":19,"turns":6},{"damage":47,"enemies":"Book of Stabbing","floor":23,"turns":4}],"seed_played":"-2026514725710883215","potions_obtained":[{"floor":6,"key":"Block Potion"},{"floor":12,"key":"AttackPotion"},{"floor":18,"key":"Regen Potion"},{"floor":19,"key":"AttackPotion"}],"is_trial":false,"path_per_floor":["M","?","M","M","$","E","R","M","T","M","R","M","?","M","R","B",null,"M","M","?","?","$"],"character_chosen":"DEFECT","items_purchased":["Gash","PrismaticShard"],"campfire_rested":3,"item_purchase_floors":[5,22],"current_hp_per_floor":[81,81,81,79,79,53,77,57,57,55,79,73,73,64,82,37,82,59,37,37,37,37,0],"gold":55,"neow_bonus":"TEN_PERCENT_HP_BONUS","is_prod":false,"is_daily":false,"chose_seed":false,"campfire_upgraded":0,"win_rate":0,"timestamp":1539299070,"path_taken":["M","?","?","M","$","E","R","M","T","M","R","M","?","M","R","BOSS","M","M","?","?","$","E"],"build_version":"2018-10-04v2","purchased_purges":0,"victory":false,"max_hp_per_floor":[82,82,82,82,82,82,82,82,82,82,82,82,82,82,82,82,82,82,82,82,82,82,82],"card_choices":[{"not_picked":["Ball Lightning","Aggregate"],"picked":"Streamline","floor":1},{"not_picked":["Skim","Darkness"],"picked":"Ball Lightning","floor":3},{"not_picked":["Turbo","Ball Lightning"],"picked":"Defragment","floor":4},{"not_picked":["Turbo","Steam Power"],"picked":"Force Field","floor":6},{"not_picked":["Seek","Double Energy"],"picked":"Lockon","floor":8},{"not_picked":["Glacier","Barrage"],"picked":"Doom and Gloom","floor":10},{"not_picked":["Redo","Blizzard"],"picked":"White Noise","floor":12},{"not_picked":["Coolheaded","Double Energy","Sweeping Beam"],"picked":"Defragment","floor":14},{"not_picked":["Biased Cognition","Core Surge","Fission"],"picked":"Machine Learning","floor":16},{"not_picked":["Redo","Beam Cell","Cold Snap"],"picked":"FTL","floor":18},{"not_picked":["Steam","Steam Power","Redo"],"picked":"Beam Cell","floor":19}],"player_experience":56683,"relics_obtained":[{"floor":6,"key":"Pantograph"},{"floor":9,"key":"Matryoshka"}],"event_choices":[{"event_name":"Living Wall","player_choice":"Change","floor":2,"damage_taken":0},{"event_name":"Dead Adventurer","player_choice":"Searched \u00271\u0027 times","floor":13,"damage_taken":0},{"event_name":"FaceTrader","player_choice":"Trade","floor":20,"damage_taken":0},{"event_name":"Addict","player_choice":"Obtained Relic","floor":21,"damage_taken":0}],"is_beta":false,"boss_relics":[{"not_picked":["Tiny House","Velvet Choker"],"picked":"White Beast Statue"}],"items_purged_floors":[],"is_endless":false,"potions_floor_spawned":[6,12,18,19],"killed_by":"Book of Stabbing","ascension_level":1}