{"gold_per_floor":[109,124,124,135,145,145,177,177,200,200],"floor_reached":10,"playtime":348,"items_purged":[],"score":116,"play_id":"0f2082e4-c82a-4676-b5aa-d5497d626222","local_time":"20190419222158","is_ascension_mode":true,"campfire_choices":[{"data":"Whirlwind","floor":6,"key":"SMITH"},{"data":"True Grit","floor":8,"key":"SMITH"}],"neow_cost":"NONE","seed_source_timestamp":0,"circlet_count":0,"master_deck":["AscendersBane","Strike_R","Strike_R","Strike_R","Strike_R","Defend_R","Defend_R","Defend_R","Defend_R","Bash","Whirlwind+1","Ghostly Armor","True Grit+1","Iron Wave","Twin Strike"],"special_seed":0,"relics":["Burning Blood","Ancient Tea Set","Centennial Puzzle","Bronze Scales"],"potions_floor_usage":[7,7],"damage_taken":[{"damage":3,"enemies":"Jaw Worm","floor":1,"turns":5},{"damage":0,"enemies":"Small Slimes","floor":2,"turns":2},{"damage":9,"enemies":"Cultist","floor":4,"turns":6},{"damage":24,"enemies":"Blue Slaver","floor":5,"turns":5},{"damage":21,"enemies":"Gremlin Nob","floor":7,"turns":4},{"damage":41,"enemies":"Lagavulin Event","floor":10,"turns":6}],"seed_played":"7526357932322013834","potions_obtained":[{"floor":2,"key":"SteroidPotion"},{"floor":4,"key":"Strength Potion"}],"is_trial":false,"path_per_floor":["M","M","?","M","M","R","E","R","T","?"],"character_chosen":"IRONCLAD","items_purchased":[],"campfire_rested":0,"item_purchase_floors":[],"current_hp_per_floor":[71,75,75,72,54,54,39,39,39,0],"gold":200,"neow_bonus":"RANDOM_COMMON_RELIC","is_prod":false,"is_daily":false,"chose_seed":false,"campfire_upgraded":2,"win_rate":0,"timestamp":1555701718,"path_taken":["M","M","?","M","M","R","E","R","T","?"],"build_version":"2019-01-23","purchased_purges":0,"victory":false,"max_hp_per_floor":[75,75,75,75,75,75,75,75,75,75],"card_choices":[{"not_picked":["Cleave","Spot Weakness"],"picked":"Whirlwind","floor":1},{"not_picked":["Iron Wave","Anger"],"picked":"Ghostly Armor","floor":2},{"not_picked":["Dual Wield","Clothesline"],"picked":"True Grit","floor":4},{"not_picked":["Flex","Havoc"],"picked":"Iron Wave","floor":5},{"not_picked":["Warcry","Heavy Blade"],"picked":"Twin Strike","floor":7}],"player_experience":308349,"relics_obtained":[{"floor":7,"key":"Centennial Puzzle"},{"floor":9,"key":"Bronze Scales"}],"event_choices":[{"cards_removed":["Strike_R"],"damage_healed":0,"gold_gain":0,"player_choice":"Forget","damage_taken":0,"max_hp_gain":0,"max_hp_loss":0,"event_name":"Living Wall","floor":3,"gold_loss":0},{"damage_healed":0,"gold_gain":0,"player_choice":"Searched \u00272\u0027 times","damage_taken":0,"max_hp_gain":0,"max_hp_loss":0,"event_name":"Dead Adventurer","floor":10,"gold_loss":0}],"is_beta":false,"boss_relics":[],"items_purged_floors":[],"is_endless":false,"potions_floor_spawned":[2,4],"killed_by":"Lagavulin Event","ascension_level":14}