{"gold_per_floor":[118,118,44,57,57,82,82,95,95,110,110,145,145,164,164,241,241,257,257,257,172,112,112,141,141,194,228,242,242],"floor_reached":29,"playtime":986,"items_purged":[],"score":515,"play_id":"0b58b858-c4ba-4e1c-a65d-1dd266249ed1","local_time":"20190115185451","is_ascension_mode":true,"campfire_choices":[{"data":"Zap","floor":11.0,"key":"SMITH"},{"data":"Capacitor","floor":15.0,"key":"SMITH"},{"data":"Biased Cognition","floor":23,"key":"SMITH"},{"floor":25,"key":"REST"}],"neow_cost":"NONE","seed_source_timestamp":40411723103420,"circlet_count":0,"master_deck":["AscendersBane","Defend_B","Defend_B","Defend_B","Defend_B","Zap+1","Dualcast","Ball Lightning","Capacitor+1","Doom and Gloom","Turbo","Echo Form","Compile Driver","Sweeping Beam","Chaos+1","Conserve Battery","Biased Cognition+1","Genetic Algorithm+1","White Noise+1","Go for the Eyes+1","Genetic Algorithm","Stack","Defragment","Coolheaded"],"special_seed":0,"relics":["Cracked Core","NeowsBlessing","Ginger","Calipers","Bottled Lightning","Astrolabe","StoneCalendar","Pantograph","Bag of Preparation","Happy Flower"],"potions_floor_usage":[22,27],"damage_taken":[{"damage":0.0,"enemies":"Small Slimes","floor":1.0,"turns":1.0},{"damage":0.0,"enemies":"Cultist","floor":4.0,"turns":1.0},{"damage":0.0,"enemies":"3 Sentries","floor":6.0,"turns":1.0},{"damage":7.0,"enemies":"Jaw Worm","floor":8.0,"turns":3.0},{"damage":5.0,"enemies":"2 Fungi Beasts","floor":10.0,"turns":3.0},{"damage":15.0,"enemies":"Lagavulin","floor":12.0,"turns":7.0},{"damage":0.0,"enemies":"Exordium Wildlife","floor":14.0,"turns":4.0},{"damage":15,"enemies":"Slime Boss","floor":16,"turns":8},{"damage":6,"enemies":"3 Byrds","floor":18,"turns":4},{"damage":15,"enemies":"2 Thieves","floor":22,"turns":4},{"damage":26,"enemies":"Gremlin Leader","floor":24,"turns":7},{"damage":24,"enemies":"Slavers","floor":27,"turns":5},{"damage":4,"enemies":"Sentry and Sphere","floor":28,"turns":7},{"damage":13,"enemies":"3 Cultists","floor":29,"turns":2}],"seed_played":"1871553538191884094","potions_obtained":[{"floor":6.0,"key":"Block Potion"},{"floor":8.0,"key":"Ancient Potion"},{"floor":14.0,"key":"Fruit Juice"},{"floor":18,"key":"Block Potion"},{"floor":24,"key":"Swift Potion"}],"is_trial":false,"path_per_floor":["M","?","$","M","?","E","$","M","T","M","R","E","?","M","R","B",null,"M","$","?","?","M","R","E","R","T","E","M","M"],"character_chosen":"DEFECT","items_purchased":["Capacitor"],"campfire_rested":1,"item_purchase_floors":[3],"current_hp_per_floor":[64,57,57,57,57,57,57,50,50,45,45,30,30,35,35,20,62,56,56,56,56,41,41,15,37,37,13,9,0],"gold":242,"neow_bonus":"THREE_ENEMY_KILL","is_prod":false,"is_daily":false,"chose_seed":false,"campfire_upgraded":3,"win_rate":0,"timestamp":1547607291,"path_taken":["M","?","$","M","?","E","$","M","T","?","R","E","?","M","R","BOSS","M","$","?","?","M","R","E","R","T","E","M","M"],"build_version":"2019-01-10","purchased_purges":0,"victory":false,"max_hp_per_floor":[71,71,71,71,71,71,71,71,71,71,71,71,71,76,76,76,76,76,76,76,76,76,76,76,76,76,76,76,76],"card_choices":[{"not_picked":["Go for the Eyes","Stack"],"picked":"Ball Lightning","floor":1.0},{"not_picked":["Scrape","Barrage"],"picked":"Doom and Gloom","floor":4.0},{"not_picked":["Stack","Turbo","Doom and Gloom"],"picked":"SKIP","floor":6.0},{"not_picked":["Heatsinks","Loop"],"picked":"Compile Driver","floor":8.0},{"not_picked":["Loop","Sunder"],"picked":"Sweeping Beam","floor":10.0},{"not_picked":["Rebound","Steam"],"picked":"Chaos","floor":12.0},{"not_picked":["Steam","Consume"],"picked":"Conserve Battery","floor":14.0},{"not_picked":["Hyperbeam","Reboot"],"picked":"Biased Cognition","floor":16},{"not_picked":["Genetic Algorithm","Sweeping Beam","Double Energy"],"picked":"SKIP","floor":18},{"not_picked":["Sweeping Beam","Double Energy"],"picked":"Genetic Algorithm","floor":18},{"not_picked":["Static Discharge","Turbo"],"picked":"Stack","floor":22},{"not_picked":["Leap","Auto Shields"],"picked":"Defragment","floor":24},{"not_picked":["Streamline","Reprogram"],"picked":"Coolheaded","floor":27},{"not_picked":["Hello World","Tempest","Fusion"],"picked":"SKIP","floor":28}],"player_experience":1985706,"relics_obtained":[{"floor":6.0,"key":"Ginger"},{"floor":9.0,"key":"Calipers"},{"floor":12.0,"key":"Bottled Lightning"},{"floor":24,"key":"Pantograph"},{"floor":26,"key":"Bag of Preparation"},{"floor":27,"key":"Happy Flower"}],"event_choices":[{"cards_removed":["Strike_B"],"damage_healed":0.0,"max_hp_gain":0.0,"max_hp_loss":0.0,"gold_gain":0.0,"event_name":"Golden Wing","player_choice":"Card Removal","floor":2.0,"gold_loss":0.0,"damage_taken":7.0},{"damage_healed":0.0,"max_hp_gain":0.0,"max_hp_loss":0.0,"gold_gain":0.0,"event_name":"Match and Keep!","player_choice":"2 cards matched","floor":5.0,"gold_loss":0.0,"damage_taken":0.0,"cards_obtained":["Turbo","Echo Form"]},{"damage_healed":0.0,"max_hp_gain":0.0,"max_hp_loss":0.0,"gold_gain":0.0,"event_name":"Living Wall","player_choice":"Grow","floor":13.0,"gold_loss":0.0,"damage_taken":0.0,"cards_upgraded":["Chaos"]},{"damage_healed":0,"gold_gain":0,"player_choice":"Ignored","damage_taken":0,"max_hp_gain":0,"max_hp_loss":0,"event_name":"Ghosts","floor":20,"gold_loss":0},{"damage_healed":0,"gold_gain":0,"player_choice":"Obtained Relic","damage_taken":0,"relics_obtained":["StoneCalendar"],"max_hp_gain":0,"max_hp_loss":0,"event_name":"Addict","floor":21,"gold_loss":85}],"is_beta":false,"boss_relics":[{"not_picked":["Busted Crown","Coffee Dripper"],"picked":"Astrolabe"}],"items_purged_floors":[],"is_endless":false,"potions_floor_spawned":[6,8,10,14,18,24],"killed_by":"3 Cultists","ascension_level":15}