{"gold_per_floor":[364,364,378,392,392,392,406,406,406,441,452,469,55,84,84,156,156,136,136,154,171,171,171,205,105,105,105,118,118,145,58,58,135,135,147,147,160,160,13,13,38,38,38,38,38,53,5,20,20,20],"floor_reached":51,"playtime":1885,"items_purged":["Strike_R","Strike_R"],"score":1447,"play_id":"4a3d4d99-bf7e-4f05-b772-e059d1d1a74b","local_time":"20190221162509","is_ascension_mode":true,"campfire_choices":[{"data":"Clothesline","floor":6.0,"key":"SMITH"},{"data":"Anger","floor":8.0,"key":"SMITH"},{"data":"Disarm","floor":15.0,"key":"SMITH"},{"data":"Armaments","floor":23,"key":"SMITH"},{"floor":29,"key":"REST"},{"data":"True Grit","floor":32,"key":"SMITH"},{"floor":40,"key":"REST"},{"floor":44,"key":"REST"},{"floor":49,"key":"REST"}],"neow_cost":"TEN_PERCENT_HP_LOSS","seed_source_timestamp":27731926938850,"circlet_count":0,"master_deck":["AscendersBane","Defend_R+1","Defend_R+1","Defend_R+1","Defend_R+1","Bash+1","Clothesline+1","Whirlwind+1","Anger+1","Demon Form","Shrug It Off","Battle Trance","Disarm+1","Armaments+1","Offering","Twin Strike","Inflame+1","Cleave","Spot Weakness","Shrug It Off","Intimidate","True Grit+1","Barricade+1","Body Slam","Havoc+1","Shrug It Off","Seeing Red"],"special_seed":0,"relics":["Burning Blood","Letter Opener","Frozen Egg 2","Question Card","Runic Pyramid","Charon\u0027s Ashes","Gremlin Horn","MawBank","Fusion Hammer","FaceOfCleric","Lantern","Self Forming Clay","Mango","Orichalcum"],"potions_floor_usage":[16,18,24,30,37,50,50],"damage_taken":[{"damage":1.0,"enemies":"Cultist","floor":1.0,"turns":3.0},{"damage":9.0,"enemies":"2 Louse","floor":3.0,"turns":4.0},{"damage":0.0,"enemies":"Small Slimes","floor":4.0,"turns":5.0},{"damage":2.0,"enemies":"2 Fungi Beasts","floor":7.0,"turns":3.0},{"damage":0.0,"enemies":"3 Sentries","floor":10.0,"turns":2.0},{"damage":15.0,"enemies":"Gremlin Gang","floor":11.0,"turns":5.0},{"damage":18.0,"enemies":"Lots of Slimes","floor":12.0,"turns":3.0},{"damage":31.0,"enemies":"Gremlin Nob","floor":14.0,"turns":5.0},{"damage":12,"enemies":"The Guardian","floor":16,"turns":11},{"damage":22,"enemies":"2 Thieves","floor":18,"turns":4},{"damage":15,"enemies":"Shell Parasite","floor":20,"turns":5},{"damage":13,"enemies":"Snake Plant","floor":21,"turns":6},{"damage":33,"enemies":"Slavers","floor":24,"turns":4},{"damage":0,"enemies":"Shelled Parasite and Fungi","floor":28,"turns":6},{"damage":6,"enemies":"Gremlin Leader","floor":30,"turns":5},{"damage":0,"enemies":"Champ","floor":33,"turns":10},{"damage":8,"enemies":"Orb Walker","floor":35,"turns":4},{"damage":4,"enemies":"3 Darklings","floor":37,"turns":5},{"damage":28,"enemies":"Nemesis","floor":41,"turns":9},{"damage":10,"enemies":"Writhing Mass","floor":46,"turns":7},{"damage":8,"enemies":"Sphere and 2 Shapes","floor":48,"turns":4},{"damage":19,"enemies":"Awakened One","floor":50,"turns":10}],"seed_played":"-5643905270150674047","potions_obtained":[{"floor":3.0,"key":"SteroidPotion"},{"floor":12.0,"key":"Strength Potion"},{"floor":14.0,"key":"Ancient Potion"},{"floor":16,"key":"Regen Potion"},{"floor":20,"key":"Swift Potion"},{"floor":24,"key":"Weak Potion"},{"floor":28,"key":"BloodPotion"},{"floor":46,"key":"FearPotion"}],"is_trial":false,"path_per_floor":["M","?","M","M","?","R","M","R","T","E","M","M","$","E","R","B",null,"M","?","M","M","?","R","E","$","T","?","M","R","E","$","R","B",null,"M","?","M","$","$","R","E","?","T","R","T","M","$","M","R","B",null],"character_chosen":"IRONCLAD","items_purchased":["Frozen Egg 2","Disarm","True Grit","Block Potion","Lantern","Dexterity Potion"],"campfire_rested":4,"item_purchase_floors":[13,13,31,31,39,47],"current_hp_per_floor":[68,68,65,68,68,68,68,68,68,68,59,47,47,22,22,16,55,53,53,44,37,37,37,10,10,10,10,16,36,42,42,42,48,63,61,61,64,64,64,69,48,48,62,84,84,81,81,80,86,74],"gold":20,"neow_bonus":"TWO_FIFTY_GOLD","is_prod":false,"is_daily":false,"chose_seed":false,"campfire_upgraded":5,"win_rate":0,"timestamp":1550795109,"path_taken":["M","?","M","M","?","R","?","R","T","E","M","M","$","E","R","BOSS","M","?","M","M","?","R","E","$","T","?","M","R","E","$","R","BOSS","M","?","?","?","$","R","E","?","T","R","?","M","$","M","R","BOSS"],"build_version":"2019-01-23","purchased_purges":2,"victory":true,"max_hp_per_floor":[68,68,68,68,68,68,68,68,68,68,68,68,68,68,68,68,68,68,68,68,68,68,68,68,68,68,68,68,68,68,68,68,68,68,68,68,69,69,69,69,70,70,84,84,84,85,85,86,86,87],"card_choices":[{"not_picked":["Warcry","Rupture","Flex"],"picked":"SKIP","floor":1.0},{"not_picked":["Dual Wield","Evolve"],"picked":"Clothesline","floor":3.0},{"not_picked":["Shrug It Off","Warcry"],"picked":"Whirlwind","floor":4.0},{"not_picked":["Shockwave","Corruption"],"picked":"Anger","floor":7.0},{"not_picked":["Cleave","Twin Strike"],"picked":"Demon Form","floor":10.0},{"not_picked":["Body Slam","Flame Barrier"],"picked":"Shrug It Off","floor":11.0},{"not_picked":["Flex","Twin Strike"],"picked":"Battle Trance","floor":12.0},{"not_picked":["Dark Embrace+1","Heavy Blade"],"picked":"Armaments","floor":14.0},{"not_picked":["Dark Embrace+1","Double Tap","Reaper"],"picked":"Offering","floor":16},{"not_picked":["Thunderclap","Sword Boomerang","Evolve+1","Dropkick"],"picked":"SKIP","floor":18},{"not_picked":["Battle Trance","Warcry","Offering"],"picked":"Twin Strike","floor":20},{"not_picked":["Sword Boomerang","Shrug It Off","Clash"],"picked":"Inflame+1","floor":21},{"not_picked":["Sever Soul","Combust+1","Hemokinesis"],"picked":"Shrug It Off","floor":24},{"not_picked":["Rupture+1","Clothesline","Body Slam+1"],"picked":"Intimidate","floor":28},{"not_picked":["Sword Boomerang","Iron Wave","Clothesline","Rampage"],"picked":"SKIP","floor":30},{"not_picked":["Bludgeon","Fiend Fire","Limit Break"],"picked":"Barricade+1","floor":33},{"not_picked":["Pommel Strike","Inflame+1","Metallicize+1"],"picked":"Body Slam","floor":35},{"not_picked":["Clash","Ghostly Armor","Twin Strike","Cleave+1"],"picked":"SKIP","floor":37},{"not_picked":["Combust+1","Body Slam","Rage"],"picked":"Havoc+1","floor":41},{"not_picked":["Bloodletting","Clothesline","Second Wind"],"picked":"Shrug It Off","floor":46},{"not_picked":["Dropkick","Pommel Strike+1","Flex"],"picked":"Seeing Red","floor":48}],"player_experience":2238797,"relics_obtained":[{"floor":9.0,"key":"Letter Opener"},{"floor":14.0,"key":"Question Card"},{"floor":24,"key":"Charon\u0027s Ashes"},{"floor":26,"key":"Gremlin Horn"},{"floor":30,"key":"MawBank"},{"floor":41,"key":"Self Forming Clay"},{"floor":43,"key":"Mango"},{"floor":45,"key":"Orichalcum"}],"event_choices":[{"damage_healed":0.0,"max_hp_gain":0.0,"max_hp_loss":0.0,"gold_gain":0.0,"event_name":"Living Wall","player_choice":"Grow","floor":2.0,"gold_loss":0.0,"damage_taken":0.0,"cards_upgraded":["Bash"]},{"damage_healed":0.0,"max_hp_gain":0.0,"max_hp_loss":0.0,"gold_gain":0.0,"event_name":"Upgrade Shrine","player_choice":"Upgraded","floor":5.0,"gold_loss":0.0,"damage_taken":0.0,"cards_upgraded":["Whirlwind"]},{"damage_healed":0,"gold_gain":0,"player_choice":"Ignored","damage_taken":0,"max_hp_gain":0,"max_hp_loss":0,"event_name":"Vampires","floor":19,"gold_loss":0},{"damage_healed":0,"gold_gain":0,"cards_transformed":["Strike_R","Strike_R"],"player_choice":"Became Test Subject","damage_taken":0,"max_hp_gain":0,"max_hp_loss":0,"event_name":"Drug Dealer","floor":22,"gold_loss":0,"cards_obtained":["Cleave","Spot Weakness"]},{"damage_healed":0,"gold_gain":0,"player_choice":"Simplicity","damage_taken":0,"max_hp_gain":0,"max_hp_loss":0,"event_name":"Back to Basics","floor":27,"gold_loss":0,"cards_upgraded":["Strike_R","Defend_R","Defend_R","Defend_R","Defend_R"]},{"damage_healed":0,"gold_gain":0,"player_choice":"Trade","damage_taken":0,"relics_obtained":["FaceOfCleric"],"max_hp_gain":0,"max_hp_loss":0,"event_name":"FaceTrader","floor":36,"gold_loss":0},{"cards_removed":["Strike_R"],"damage_healed":0,"gold_gain":0,"player_choice":"Removed Attack","damage_taken":0,"max_hp_gain":0,"max_hp_loss":0,"event_name":"Falling","floor":42,"gold_loss":0}],"is_beta":false,"boss_relics":[{"not_picked":["Runic Cube","Black Blood"],"picked":"Runic Pyramid"},{"not_picked":["Tiny House","Pandora\u0027s Box"],"picked":"Fusion Hammer"}],"items_purged_floors":[13,25],"is_endless":false,"potions_floor_spawned":[3,12,14,16,20,24,28,46],"ascension_level":15}