{"gold_per_floor":[109,109,124,16,34,34,45,62,87,87,116,131,141,166,166,240,240,250,261,0,50,63,63,92,123,150,150,205,205,205,221,221,297,297,310,310,12,23,42,42,70,90,117,133,187,213,52,69,69,69],"floor_reached":51,"playtime":2405,"items_purged":["Anger"],"score":1491,"play_id":"c2888d23-9eb3-4849-b1ff-2ca128a8ea91","local_time":"20190309195939","is_ascension_mode":true,"campfire_choices":[{"data":"Bash","floor":6.0,"key":"SMITH"},{"data":"Armaments","floor":10.0,"key":"SMITH"},{"data":"Uppercut","floor":15.0,"key":"SMITH"},{"floor":23.0,"key":"REST"},{"data":"True Grit","floor":30.0,"key":"SMITH"},{"floor":32,"key":"REST"},{"data":"Spot Weakness","floor":40,"key":"SMITH"},{"data":"True Grit","floor":49,"key":"SMITH"}],"neow_cost":"NONE","seed_source_timestamp":44032615276600,"circlet_count":0,"master_deck":["AscendersBane","Bash+1","Flame Barrier","Headbutt","Metallicize","Battle Trance","Armaments+1","True Grit+1","Spot Weakness+1","Uppercut+1","Impervious","Exhume","Heavy Blade","Second Wind","Clothesline","Whirlwind","Feed","Havoc","Corruption","Seeing Red+1","Shrug It Off+1","Carnage+1","Iron Wave+1","Pommel Strike+1","Offering","Clothesline+1","Body Slam+1","Battle Trance+1","Shrug It Off","Exhume","Spot Weakness","True Grit+1","Second Wind"],"special_seed":0,"relics":["Burning Blood","NeowsBlessing","Red Skull","Anchor","Omamori","Pandora\u0027s Box","Molten Egg 2","Darkstone Periapt","Red Mask","Regal Pillow","Tiny Chest","Du-Vu Doll","Snecko Eye","Dead Branch","Bottled Tornado","Lantern","Bag of Preparation","War Paint"],"potions_floor_usage":[33,48],"damage_taken":[{"damage":0.0,"enemies":"Small Slimes","floor":1.0,"turns":1.0},{"damage":0.0,"enemies":"Cultist","floor":3.0,"turns":1.0},{"damage":0.0,"enemies":"Jaw Worm","floor":5.0,"turns":1.0},{"damage":4.0,"enemies":"Exordium Wildlife","floor":7.0,"turns":6.0},{"damage":12.0,"enemies":"3 Louse","floor":8.0,"turns":5.0},{"damage":2.0,"enemies":"3 Sentries","floor":11.0,"turns":5.0},{"damage":1.0,"enemies":"Looter","floor":12.0,"turns":3.0},{"damage":4.0,"enemies":"Exordium Wildlife","floor":13.0,"turns":5.0},{"damage":14.0,"enemies":"Lagavulin","floor":14.0,"turns":5.0},{"damage":46.0,"enemies":"Hexaghost","floor":16.0,"turns":8.0},{"damage":8.0,"enemies":"3 Byrds","floor":18.0,"turns":6.0},{"damage":19.0,"enemies":"2 Thieves","floor":19.0,"turns":4.0},{"damage":13.0,"enemies":"Centurion and Healer","floor":22.0,"turns":7.0},{"damage":18.0,"enemies":"Slavers","floor":24.0,"turns":6.0},{"damage":0.0,"enemies":"Masked Bandits","floor":25.0,"turns":2.0},{"damage":29.0,"enemies":"Book of Stabbing","floor":28.0,"turns":5.0},{"damage":19,"enemies":"Shelled Parasite and Fungi","floor":31,"turns":9},{"damage":49,"enemies":"Automaton","floor":33,"turns":11},{"damage":0,"enemies":"3 Darklings","floor":35,"turns":6},{"damage":0,"enemies":"3 Shapes","floor":38,"turns":3},{"damage":0,"enemies":"Spire Growth","floor":39,"turns":2},{"damage":11,"enemies":"Reptomancer","floor":41,"turns":5},{"damage":12,"enemies":"Transient","floor":42,"turns":5},{"damage":0,"enemies":"3 Darklings","floor":44,"turns":2},{"damage":0,"enemies":"Giant Head","floor":46,"turns":2},{"damage":0,"enemies":"Maw","floor":48,"turns":4},{"damage":0,"enemies":"Time Eater","floor":50,"turns":2}],"seed_played":"7725940799799963848","potions_obtained":[{"floor":1.0,"key":"AttackPotion"},{"floor":11.0,"key":"SteroidPotion"},{"floor":12.0,"key":"AttackPotion"},{"floor":16.0,"key":"Swift Potion"},{"floor":19.0,"key":"PowerPotion"},{"floor":25.0,"key":"Poison Potion"},{"floor":28.0,"key":"SteroidPotion"},{"floor":33,"key":"FearPotion"},{"floor":41,"key":"GamblersBrew"},{"floor":48,"key":"Fruit Juice"}],"is_trial":false,"path_per_floor":["M","?","M","$","M","R","M","M","T","R","E","M","M","E","R","B",null,"M","M","$","?","M","R","E","?","T","?","E","?","R","M","R","B",null,"M","?","$","M","M","R","E","M","T","M","T","E","$","M","R","B",null],"character_chosen":"IRONCLAD","items_purchased":["Metallicize","Battle Trance","Molten Egg 2","Dead Branch","Spot Weakness","True Grit"],"campfire_rested":2,"item_purchase_floors":[4,4,20,37,47,47],"current_hp_per_floor":[74,74,75,75,75,75,75,69,69,69,73,75,75,67,67,27,63,64,51,51,51,48,72,66,72,72,72,49,49,49,39,81,41,81,87,87,87,99,103,103,98,92,92,98,98,103,103,108,108,108],"gold":69,"neow_bonus":"THREE_ENEMY_KILL","is_prod":false,"is_daily":false,"chose_seed":false,"campfire_upgraded":6,"win_rate":0,"timestamp":1552190379,"path_taken":["M","?","M","?","?","R","M","M","T","R","E","M","M","E","R","BOSS","M","M","$","?","M","R","E","?","T","?","E","?","R","M","R","BOSS","M","?","$","M","M","R","E","M","T","M","?","E","?","M","R","BOSS"],"build_version":"2019-01-23","purchased_purges":1,"victory":true,"max_hp_per_floor":[75,75,75,75,75,75,75,75,75,75,75,75,75,75,75,75,75,78,78,78,78,82,82,88,88,88,88,88,88,88,91,91,94,94,94,94,94,100,103,103,103,103,103,103,103,103,103,108,108,108],"card_choices":[{"not_picked":["Clash","Dropkick"],"picked":"Flame Barrier","floor":1.0},{"not_picked":["Perfected Strike","Twin Strike"],"picked":"Anger","floor":3.0},{"not_picked":["Headbutt","Ghostly Armor"],"picked":"Armaments","floor":5.0},{"not_picked":["Flex","Heavy Blade","Armaments"],"picked":"SKIP","floor":7.0},{"not_picked":["Body Slam","Warcry"],"picked":"True Grit","floor":8.0},{"not_picked":["Armaments","Dual Wield","Heavy Blade"],"picked":"SKIP","floor":11.0},{"not_picked":["Warcry","Uppercut"],"picked":"Spot Weakness","floor":12.0},{"not_picked":["Warcry","Dropkick","Anger"],"picked":"SKIP","floor":13.0},{"not_picked":["Berserk","True Grit"],"picked":"Uppercut","floor":14.0},{"not_picked":["Bludgeon","Demon Form"],"picked":"Impervious","floor":16.0},{"not_picked":["Thunderclap","Twin Strike"],"picked":"Seeing Red","floor":18.0},{"not_picked":["Blood for Blood","Heavy Blade","Wild Strike+1"],"picked":"SKIP","floor":19.0},{"not_picked":["Flex","Clothesline+1"],"picked":"Shrug It Off","floor":22.0},{"not_picked":["Searing Blow+1","Havoc"],"picked":"Carnage+1","floor":24.0},{"not_picked":["Thunderclap+1","Twin Strike+1"],"picked":"Iron Wave+1","floor":25.0},{"not_picked":["Flex","True Grit"],"picked":"Pommel Strike+1","floor":28.0},{"not_picked":["Headbutt+1","Ghostly Armor","True Grit"],"picked":"SKIP","floor":31},{"not_picked":["Impervious","Demon Form"],"picked":"Offering","floor":33},{"not_picked":["Bloodletting","Sword Boomerang+1"],"picked":"Clothesline+1","floor":35},{"not_picked":["Carnage+1","Warcry"],"picked":"Body Slam+1","floor":38},{"not_picked":["Flex+1","Heavy Blade+1"],"picked":"Battle Trance+1","floor":39},{"not_picked":["Hemokinesis+1","Rupture","Iron Wave+1"],"picked":"SKIP","floor":41},{"not_picked":["Carnage+1","Flex+1","Warcry"],"picked":"SKIP","floor":42},{"not_picked":["Metallicize","Havoc+1"],"picked":"Shrug It Off","floor":44},{"not_picked":["Flame Barrier","Metallicize+1"],"picked":"Exhume","floor":46},{"not_picked":["Flex","Pommel Strike+1"],"picked":"Second Wind","floor":48}],"player_experience":2336215,"relics_obtained":[{"floor":9.0,"key":"Red Skull"},{"floor":11.0,"key":"Anchor"},{"floor":14.0,"key":"Omamori"},{"floor":24.0,"key":"Darkstone Periapt"},{"floor":25.0,"key":"Red Mask"},{"floor":26.0,"key":"Regal Pillow"},{"floor":28.0,"key":"Tiny Chest"},{"floor":41,"key":"Bottled Tornado"},{"floor":43,"key":"Lantern"},{"floor":45,"key":"Bag of Preparation"},{"floor":46,"key":"War Paint"}],"event_choices":[{"damage_healed":0.0,"max_hp_gain":0.0,"max_hp_loss":0.0,"gold_gain":0.0,"cards_transformed":["Strike_R"],"event_name":"Transmorgrifier","player_choice":"Transformed","floor":2.0,"gold_loss":0.0,"damage_taken":0.0,"cards_obtained":["Headbutt"]},{"damage_healed":0.0,"max_hp_gain":0.0,"max_hp_loss":0.0,"gold_gain":50.0,"event_name":"Nest","player_choice":"Stole From Cult","floor":21.0,"gold_loss":0.0,"damage_taken":0.0},{"damage_healed":0.0,"max_hp_gain":0.0,"max_hp_loss":0.0,"gold_gain":0.0,"event_name":"Masked Bandits","player_choice":"Fought Bandits","floor":25.0,"gold_loss":0.0,"damage_taken":0.0},{"damage_healed":0.0,"max_hp_gain":0.0,"max_hp_loss":0.0,"gold_gain":0.0,"event_name":"Forgotten Altar","player_choice":"Smashed Altar","floor":27.0,"gold_loss":0.0,"damage_taken":0.0,"cards_obtained":["Decay"]},{"damage_healed":0.0,"max_hp_gain":0.0,"max_hp_loss":0.0,"gold_gain":0.0,"event_name":"The Mausoleum","player_choice":"Opened","floor":29.0,"gold_loss":0.0,"damage_taken":0.0,"relics_obtained":["Du-Vu Doll"],"cards_obtained":["Writhe"]},{"damage_healed":0,"gold_gain":0,"player_choice":"Memory 1","damage_taken":0,"max_hp_gain":0,"max_hp_loss":0,"event_name":"SensoryStone","floor":36,"gold_loss":0}],"is_beta":false,"boss_relics":[{"not_picked":["Orrery","Runic Dome"],"picked":"Pandora\u0027s Box"},{"not_picked":["Black Blood","Philosopher\u0027s Stone"],"picked":"Snecko Eye"}],"items_purged_floors":[47],"is_endless":false,"potions_floor_spawned":[1,11,12,16,19,22,25,28,33,38,41,42,48],"ascension_level":15}