{"gold_per_floor":[215,226,226,376,111,111,136,136,160,171,171,201,201,215,215,286,286,297,38,38,88,104,104,120,120,120,120,146,166,166,241,241,241],"floor_reached":33,"playtime":1307,"items_purged":["Doubt"],"score":542,"play_id":"c654849e-330e-4367-8e35-5c18876cced8","local_time":"20181228210115","is_ascension_mode":true,"campfire_choices":[{"data":"Zap","floor":6.0,"key":"SMITH"},{"data":"Loop","floor":13.0,"key":"SMITH"},{"data":"Dualcast","floor":15.0,"key":"SMITH"},{"data":"Doom and Gloom","floor":23.0,"key":"SMITH"},{"floor":25.0,"key":"REST"},{"data":"Streamline","floor":27.0,"key":"SMITH"},{"floor":32,"key":"REST"}],"neow_cost":"NONE","seed_source_timestamp":544077765812,"circlet_count":0,"master_deck":["AscendersBane","Strike_B","Defend_B","Defend_B","Defend_B","Zap+1","Dualcast+1","Loop+1","Auto Shields","Undo","Scrape","Go for the Eyes","Doom and Gloom+1","Ball Lightning","Biased Cognition","Streamline+1","Chaos","Conserve Battery","Sunder+1","Skim+1"],"special_seed":0,"relics":["Cracked Core","The Courier","Blood Vial","Letter Opener","Snecko Eye","Bag of Marbles","Pen Nib","Molten Egg 2","Toxic Egg 2","Singing Bowl"],"potions_floor_usage":[28,28],"damage_taken":[{"damage":2.0,"enemies":"Jaw Worm","floor":1.0,"turns":3.0},{"damage":1.0,"enemies":"2 Louse","floor":2.0,"turns":4.0},{"damage":10.0,"enemies":"Lagavulin","floor":7.0,"turns":8.0},{"damage":3.0,"enemies":"Cultist","floor":10.0,"turns":4.0},{"damage":14.0,"enemies":"Gremlin Nob","floor":12.0,"turns":3.0},{"damage":3.0,"enemies":"2 Fungi Beasts","floor":14.0,"turns":3.0},{"damage":15.0,"enemies":"Slime Boss","floor":16.0,"turns":5.0},{"damage":15.0,"enemies":"Chosen","floor":18.0,"turns":6.0},{"damage":17.0,"enemies":"Spheric Guardian","floor":22.0,"turns":4.0},{"damage":17.0,"enemies":"Cultist and Chosen","floor":24.0,"turns":4.0},{"damage":22,"enemies":"Gremlin Leader","floor":28,"turns":7},{"damage":3,"enemies":"Centurion and Healer","floor":29,"turns":3},{"damage":33,"enemies":"Collector","floor":33,"turns":7}],"seed_played":"5583915057113298396","potions_obtained":[{"floor":1.0,"key":"SpeedPotion"},{"floor":8.0,"key":"Dexterity Potion"},{"floor":8.0,"key":"AttackPotion"},{"floor":14.0,"key":"FearPotion"},{"floor":22.0,"key":"AttackPotion"},{"floor":24.0,"key":"Swift Potion"}],"is_trial":false,"path_per_floor":["M","M","?","?","$","R","E","?","T","M","?","E","R","M","R","B",null,"M","?","?","M","R","M","R","T","R","M","?","T","R","B"],"character_chosen":"DEFECT","items_purchased":["Scrape","Go for the Eyes","FearPotion","Bag of Marbles","Pen Nib"],"campfire_rested":2,"item_purchase_floors":[5,5,5,19,19],"current_hp_per_floor":[62,61,61,61,61,61,51,51,51,50,43,31,31,30,30,17,58,45,45,45,45,30,30,15,36,36,36,16,15,15,15,36,5],"gold":241,"neow_bonus":"HUNDRED_GOLD","is_prod":false,"is_daily":false,"chose_seed":false,"campfire_upgraded":5,"win_rate":0,"timestamp":1546002075,"path_taken":["M","M","?","?","$","R","E","?","T","?","?","E","R","M","R","BOSS","M","$","?","?","M","R","?","R","T","R","E","M","?","?","R","BOSS"],"build_version":"2018-12-25","purchased_purges":1,"victory":false,"max_hp_per_floor":[71,71,71,71,71,71,71,71,71,71,71,71,71,71,71,71,71,71,71,71,71,71,71,71,71,71,71,71,71,71,71,71,71],"card_choices":[{"not_picked":["Stack","Rebound"],"picked":"Loop","floor":1.0},{"not_picked":["Turbo","Redo"],"picked":"Auto Shields","floor":2.0},{"not_picked":["Hologram","Conserve Battery"],"picked":"Doom and Gloom","floor":7.0},{"not_picked":["Recycle","Go for the Eyes","Redo"],"picked":"SKIP","floor":10.0},{"not_picked":["Cold Snap","Rip and Tear","Compile Driver"],"picked":"SKIP","floor":12.0},{"not_picked":["Turbo","Rebound"],"picked":"Ball Lightning","floor":14.0},{"not_picked":["Fission","All For One"],"picked":"Biased Cognition","floor":16.0},{"not_picked":["Self Repair","Turbo"],"picked":"Streamline","floor":18.0},{"not_picked":["Ball Lightning","BootSequence+1","Beam Cell"],"picked":"SKIP","floor":22.0},{"not_picked":["Ball Lightning","BootSequence+1","Beam Cell"],"picked":"SKIP","floor":22.0},{"not_picked":["Stack","Chill","Sweeping Beam"],"picked":"SKIP","floor":24.0},{"not_picked":["Reprogram","Turbo"],"picked":"Sunder+1","floor":28},{"not_picked":["FTL+1","Ball Lightning+1"],"picked":"Skim+1","floor":29}],"player_experience":1193714,"relics_obtained":[{"floor":7.0,"key":"The Courier"},{"floor":9.0,"key":"Blood Vial"},{"floor":12.0,"key":"Letter Opener"},{"floor":26.0,"key":"Molten Egg 2"},{"floor":28,"key":"Toxic Egg 2"},{"floor":31,"key":"Singing Bowl"}],"event_choices":[{"damage_healed":0.0,"max_hp_gain":0.0,"max_hp_loss":0.0,"gold_gain":0.0,"cards_transformed":["Strike_B"],"event_name":"Living Wall","player_choice":"Change","floor":3.0,"gold_loss":0.0,"damage_taken":0.0,"cards_obtained":["Undo"]},{"damage_healed":0.0,"max_hp_gain":0.0,"max_hp_loss":0.0,"gold_gain":150.0,"event_name":"Liars Game","player_choice":"AGREE","floor":4.0,"gold_loss":0.0,"damage_taken":0.0,"cards_obtained":["Doubt"]},{"damage_healed":0.0,"max_hp_gain":0.0,"max_hp_loss":0.0,"gold_gain":0.0,"event_name":"Lab","player_choice":"Got Potions","floor":8.0,"gold_loss":0.0,"damage_taken":0.0},{"cards_removed":["Defend_B"],"damage_healed":0.0,"max_hp_gain":0.0,"max_hp_loss":0.0,"gold_gain":0.0,"event_name":"Golden Wing","player_choice":"Card Removal","floor":11.0,"gold_loss":0.0,"damage_taken":7.0},{"damage_healed":0.0,"max_hp_gain":0.0,"max_hp_loss":0.0,"gold_gain":0.0,"cards_transformed":["Strike_B","Strike_B"],"event_name":"Drug Dealer","player_choice":"Became Test Subject","floor":20.0,"gold_loss":0.0,"damage_taken":0.0,"cards_obtained":["Chaos","Conserve Battery"]},{"damage_healed":0.0,"max_hp_gain":0.0,"max_hp_loss":0.0,"gold_gain":50.0,"event_name":"Golden Shrine","player_choice":"Pray","floor":21.0,"gold_loss":0.0,"damage_taken":0.0},{"damage_healed":0,"gold_gain":0,"player_choice":"Ignored","damage_taken":0,"max_hp_gain":0,"max_hp_loss":0,"event_name":"The Mausoleum","floor":30,"gold_loss":0}],"is_beta":true,"boss_relics":[{"not_picked":["Empty Cage","Coffee Dripper"],"picked":"Snecko Eye"}],"items_purged_floors":[5],"is_endless":false,"potions_floor_spawned":[1,14,22,24],"killed_by":"Collector","ascension_level":20}