{"gold_per_floor":[118,41,58,58,75,75,110,110,110,124,136,116,132,143,143,220,220,231,231,156,170,12,45,65,65],"floor_reached":25,"playtime":1170,"items_purged":["Strike_G"],"score":550,"play_id":"f2271925-9da8-4ee0-a8b5-d3973f0c2bfb","local_time":"20190106175953","is_ascension_mode":true,"campfire_choices":[{"data":"Cloak And Dagger","floor":6.0,"key":"SMITH"},{"data":"Cloak And Dagger","floor":8.0,"key":"SMITH"},{"data":"Neutralize","floor":15.0,"key":"SMITH"}],"neow_cost":"TEN_PERCENT_HP_LOSS","seed_source_timestamp":10633783483555,"circlet_count":0,"master_deck":["AscendersBane","Defend_G","Defend_G","Defend_G","Strike_G","Strike_G","Strike_G","Survivor","Neutralize+1","Cloak And Dagger+1","Cloak And Dagger+1","Blur","After Image","Calculated Gamble","Burst","Well Laid Plans","Finisher+1","Tactician","A Thousand Cuts+1","Infinite Blades"],"special_seed":0,"relics":["Ring of the Snake","Singing Bowl","Molten Egg 2","WristBlade","Juzu Bracelet","Regal Pillow"],"potions_floor_usage":[25,25],"damage_taken":[{"damage":0.0,"enemies":"Jaw Worm","floor":1.0,"turns":5.0},{"damage":1.0,"enemies":"Cultist","floor":3.0,"turns":5.0},{"damage":0.0,"enemies":"Small Slimes","floor":5.0,"turns":4.0},{"damage":26.0,"enemies":"3 Sentries","floor":7.0,"turns":19.0},{"damage":1.0,"enemies":"Looter","floor":10.0,"turns":4.0},{"damage":0.0,"enemies":"Exordium Wildlife","floor":11.0,"turns":3.0},{"damage":0.0,"enemies":"Blue Slaver","floor":13.0,"turns":5.0},{"damage":1.0,"enemies":"Exordium Thugs","floor":14.0,"turns":5.0},{"damage":0.0,"enemies":"Hexaghost","floor":16.0,"turns":9.0},{"damage":4.0,"enemies":"3 Byrds","floor":18.0,"turns":5.0},{"damage":3.0,"enemies":"Spheric Guardian","floor":21.0,"turns":4.0},{"damage":37.0,"enemies":"Book of Stabbing","floor":23.0,"turns":5.0},{"damage":0.0,"enemies":"Centurion and Healer","floor":24.0,"turns":6.0},{"damage":23,"enemies":"Slavers","floor":25,"turns":4}],"seed_played":"63680602713784640","potions_obtained":[{"floor":1.0,"key":"Regen Potion"},{"floor":10.0,"key":"FearPotion"},{"floor":11.0,"key":"Poison Potion"},{"floor":12.0,"key":"AttackPotion"},{"floor":16.0,"key":"SpeedPotion"},{"floor":23.0,"key":"GhostInAJar"}],"is_trial":false,"path_per_floor":["M","$","M","?","M","R","E","R","T","M","M","?","M","M","R","B",null,"M","?","$","M","$","E","M","E"],"character_chosen":"THE_SILENT","items_purchased":["After Image","Juzu Bracelet"],"campfire_rested":0,"item_purchase_floors":[2,22],"current_hp_per_floor":[59,59,58,51,51,51,42,42,42,41,41,41,41,40,40,40,57,55,55,55,52,52,17,19,0],"gold":65,"neow_bonus":"TRANSFORM_TWO_CARDS","is_prod":false,"is_daily":false,"chose_seed":false,"campfire_upgraded":3,"win_rate":0,"timestamp":1546768793,"path_taken":["M","$","M","?","M","R","E","R","T","M","M","?","M","M","R","BOSS","M","?","$","?","$","E","M","E"],"build_version":"2019-01-03v4","purchased_purges":1,"victory":false,"max_hp_per_floor":[60,60,60,60,60,60,62,62,62,62,62,62,62,62,62,62,62,64,64,64,64,64,66,68,68],"card_choices":[{"not_picked":["Quick Slash","Dagger Spray"],"picked":"Blur","floor":1.0},{"not_picked":["Dodge and Roll","Deadly Poison"],"picked":"Calculated Gamble","floor":3.0},{"not_picked":["Riddle With Holes","Blade Dance","Bane"],"picked":"SKIP","floor":5.0},{"not_picked":["Backflip","Concentrate","Cloak And Dagger"],"picked":"Singing Bowl","floor":7.0},{"not_picked":["Sucker Punch+1","Crippling Poison"],"picked":"Burst","floor":10.0},{"not_picked":["Deflect","Backflip"],"picked":"Well Laid Plans","floor":11.0},{"not_picked":["Backflip","Dagger Spray+1"],"picked":"Finisher+1","floor":13.0},{"not_picked":["Bane+1","Deadly Poison"],"picked":"Tactician","floor":14.0},{"not_picked":["Die Die Die+1","Doppelganger"],"picked":"A Thousand Cuts","floor":16.0},{"not_picked":["Blur","Well Laid Plans","Dagger Spray+1"],"picked":"Singing Bowl","floor":18.0},{"not_picked":["Dagger Throw+1","Leg Sweep"],"picked":"Infinite Blades","floor":21.0},{"not_picked":["Endless Agony+1","Noxious Fumes","Catalyst"],"picked":"Singing Bowl","floor":23.0},{"not_picked":["Sucker Punch+1","Noxious Fumes","Flying Knee+1"],"picked":"Singing Bowl","floor":24.0}],"player_experience":2489929,"relics_obtained":[{"floor":7.0,"key":"Singing Bowl"},{"floor":9.0,"key":"Molten Egg 2"},{"floor":23.0,"key":"Regal Pillow"}],"event_choices":[{"cards_removed":["Defend_G"],"damage_healed":0.0,"max_hp_gain":0.0,"max_hp_loss":0.0,"gold_gain":0.0,"event_name":"Golden Wing","player_choice":"Card Removal","floor":4.0,"gold_loss":0.0,"damage_taken":7.0},{"damage_healed":0.0,"max_hp_gain":0.0,"max_hp_loss":0.0,"gold_gain":0.0,"event_name":"The Woman in Blue","player_choice":"Bought 1 Potion","floor":12.0,"gold_loss":0.0,"damage_taken":0.0},{"damage_healed":0.0,"max_hp_gain":0.0,"max_hp_loss":0.0,"gold_gain":0.0,"event_name":"Accursed Blacksmith","player_choice":"Forge","floor":19.0,"gold_loss":0.0,"damage_taken":0.0,"cards_upgraded":["A Thousand Cuts"]}],"is_beta":false,"boss_relics":[{"not_picked":["White Beast Statue","Ring of the Serpent"],"picked":"WristBlade"}],"items_purged_floors":[20],"is_endless":false,"potions_floor_spawned":[1,10,11,14,16,23],"killed_by":"Slavers","ascension_level":20}