{"gold_per_floor":[111,111,111,121,121,121,151,151,151,184,184,217,234,245,245,319,319,334,334,334,344,344,344,379,397,397,397,449,449,481,494,494,571,571,588,588,588,639,471,503,503,519,519,534,534,24,124,154,154,154,154,154,154,43,75,75],"floor_reached":56,"playtime":3923,"items_purged":["Strike_R","Strike_R"],"score":2114,"play_id":"b2e15f01-27b7-4ef2-823c-1e56fe7d049a","local_time":"20190504155734","is_ascension_mode":true,"campfire_choices":[{"data":"Bash","floor":6,"key":"SMITH"},{"data":"Bludgeon","floor":8,"key":"SMITH"},{"floor":11,"key":"REST"},{"data":"Disarm","floor":15,"key":"SMITH"},{"floor":23,"key":"REST"},{"data":"Uppercut","floor":27,"key":"SMITH"},{"data":"Carnage","floor":29,"key":"SMITH"},{"floor":32,"key":"REST"},{"floor":41,"key":"RECALL"},{"data":"1","floor":49,"key":"LIFT"},{"data":"2","floor":53,"key":"LIFT"}],"neow_cost":"NONE","seed_source_timestamp":201459153516100,"circlet_count":0,"master_deck":["AscendersBane","Strike_R","Strike_R","Defend_R+1","Defend_R+1","Defend_R+1","Defend_R+1","Bash+1","Carnage+1","Disarm+1","Bludgeon+1","Warcry+1","Rampage","Uppercut+1","Exhume+1","RitualDagger","Necronomicurse","Headbutt","Shockwave+1","Barricade","Metallicize","Flame Barrier+1","Shrug It Off+1"],"relics":["Burning Blood","NeowsBlessing","Bag of Preparation","Toxic Egg 2","Singing Bowl","Letter Opener","Potion Belt","Busted Crown","Necronomicon","War Paint","Happy Flower","Meat on the Bone","Mummified Hand","Snecko Eye","Bird Faced Urn","Vajra","The Courier","Champion Belt","Centennial Puzzle","Girya","Question Card","Boot"],"potions_floor_usage":[14,16,30,38,38,56,56,56,56],"damage_taken":[{"damage":0,"enemies":"Small Slimes","floor":1,"turns":2},{"damage":0,"enemies":"Cultist","floor":4,"turns":1},{"damage":0,"enemies":"Gremlin Nob","floor":7,"turns":1},{"damage":19,"enemies":"3 Sentries","floor":10,"turns":8},{"damage":28,"enemies":"Lagavulin","floor":12,"turns":5},{"damage":0,"enemies":"2 Louse","floor":13,"turns":2},{"damage":0,"enemies":"Blue Slaver","floor":14,"turns":3},{"damage":40,"enemies":"Hexaghost","floor":16,"turns":11},{"damage":9,"enemies":"Chosen","floor":18,"turns":4},{"damage":6,"enemies":"3 Byrds","floor":21,"turns":4},{"damage":0,"enemies":"Gremlin Leader","floor":24,"turns":3},{"damage":6,"enemies":"Shelled Parasite and Fungi","floor":25,"turns":4},{"damage":11,"enemies":"Book of Stabbing","floor":30,"turns":3},{"damage":0,"enemies":"Snecko","floor":31,"turns":2},{"damage":65,"enemies":"Collector","floor":33,"turns":7},{"damage":1,"enemies":"3 Shapes","floor":35,"turns":2},{"damage":0,"enemies":"2 Orb Walkers","floor":38,"turns":3},{"damage":0,"enemies":"Giant Head","floor":40,"turns":5},{"damage":0,"enemies":"3 Darklings","floor":42,"turns":4},{"damage":12,"enemies":"Sphere and 2 Shapes","floor":44,"turns":4},{"damage":0,"enemies":"Mind Bloom Boss Battle","floor":47,"turns":2},{"damage":0,"enemies":"Nemesis","floor":48,"turns":5},{"damage":11,"enemies":"Time Eater","floor":50,"turns":12},{"damage":62,"enemies":"Donu and Deca","floor":51,"turns":15},{"damage":17,"enemies":"Shield and Spear","floor":55,"turns":4},{"damage":88,"enemies":"The Heart","floor":56,"turns":11}],"seed_played":"1281693189146236600","potions_obtained":[{"floor":1,"key":"GamblersBrew"},{"floor":10,"key":"Swift Potion"},{"floor":12,"key":"AttackPotion"},{"floor":13,"key":"SpeedPotion"},{"floor":16,"key":"SmokeBomb"},{"floor":24,"key":"SmokeBomb"},{"floor":25,"key":"SkillPotion"},{"floor":31,"key":"SpeedPotion"},{"floor":33,"key":"EssenceOfSteel"},{"floor":35,"key":"SkillPotion"},{"floor":40,"key":"Swift Potion"}],"is_trial":false,"path_per_floor":["M","?","?","M","?","R","E","R","T","E","R","E","M","M","R","B",null,"M","?","?","M","T","R","E","M","T","R","T","R","E","M","R","B",null,"M","?","?","?","$","E","R","M","T","M","?","$","?","E","R","B","B",null,"R","$","E","B"],"character_chosen":"IRONCLAD","items_purchased":["Flame Barrier+1","Strength Potion","Champion Belt","Shrug It Off+1","Centennial Puzzle","Ancient Potion","PowerPotion"],"campfire_rested":3,"item_purchase_floors":[39,39,46,46,46,54,54],"current_hp_per_floor":[74,51,40,46,35,35,41,41,41,28,50,30,36,42,42,8,60,59,53,32,34,34,58,64,66,66,66,66,66,63,69,85,38,73,80,82,82,88,88,91,91,93,93,91,91,91,97,99,99,94,54,88,88,88,83,0],"gold":75,"neow_bonus":"THREE_ENEMY_KILL","is_prod":false,"is_daily":false,"chose_seed":false,"campfire_upgraded":5,"win_rate":0,"timestamp":1556981854,"path_taken":["M","?","?","?","?","R","E","R","T","E","R","E","M","M","R","BOSS","M","?","?","M","?","R","E","M","T","R","?","R","E","?","R","BOSS","M","?","?","?","?","E","R","?","T","M","?","$","?","E","R","BOSS","BOSS","R","$","E","BOSS"],"build_version":"2019-01-23","purchased_purges":2,"victory":false,"max_hp_per_floor":[75,75,75,75,75,75,75,75,75,75,75,77,77,77,77,77,77,79,79,79,81,81,81,81,83,83,83,83,83,85,85,85,85,85,87,89,89,89,89,91,91,93,93,95,95,95,97,99,99,99,99,99,99,99,101,101],"card_choices":[{"not_picked":["Bloodletting","Headbutt"],"picked":"Carnage","floor":1},{"not_picked":["Spot Weakness","Whirlwind"],"picked":"Disarm","floor":4},{"not_picked":["Clothesline","Heavy Blade"],"picked":"Bludgeon","floor":7},{"not_picked":["Sever Soul","Clothesline"],"picked":"Warcry+1","floor":10},{"not_picked":["Cleave","Dropkick","Sword Boomerang"],"picked":"Singing Bowl","floor":12},{"not_picked":["Power Through+1","Headbutt"],"picked":"Rampage","floor":13},{"not_picked":["Spot Weakness+1","Metallicize"],"picked":"Uppercut","floor":14},{"not_picked":["Juggernaut","Fiend Fire"],"picked":"Exhume+1","floor":16},{"not_picked":["Evolve"],"picked":"Singing Bowl","floor":18},{"not_picked":["Warcry+1"],"picked":"Singing Bowl","floor":21},{"not_picked":[],"picked":"Headbutt","floor":24},{"not_picked":["Sword Boomerang"],"picked":"Singing Bowl","floor":25},{"not_picked":["Heavy Blade"],"picked":"Singing Bowl","floor":30},{"not_picked":[],"picked":"Shockwave+1","floor":31},{"not_picked":[],"picked":"Barricade","floor":33},{"not_picked":["Cleave"],"picked":"Singing Bowl","floor":35},{"not_picked":["Good Instincts+1"],"picked":"Singing Bowl","floor":36},{"not_picked":[],"picked":"Metallicize","floor":38},{"not_picked":["Pummel"],"picked":"Singing Bowl","floor":40},{"not_picked":["Havoc+1"],"picked":"Singing Bowl","floor":42},{"not_picked":["Reckless Charge"],"picked":"Singing Bowl","floor":44},{"not_picked":["Havoc+1"],"picked":"Singing Bowl","floor":47},{"not_picked":["Spot Weakness+1"],"picked":"Singing Bowl","floor":48},{"not_picked":["Intimidate+1","Twin Strike"],"picked":"Singing Bowl","floor":55}],"player_experience":2937995,"relics_obtained":[{"floor":7,"key":"Toxic Egg 2"},{"floor":9,"key":"Singing Bowl"},{"floor":10,"key":"Letter Opener"},{"floor":12,"key":"Potion Belt"},{"floor":20,"key":"Necronomicon"},{"floor":22,"key":"War Paint"},{"floor":24,"key":"Happy Flower"},{"floor":26,"key":"Meat on the Bone"},{"floor":30,"key":"Mummified Hand"},{"floor":38,"key":"Bird Faced Urn"},{"floor":40,"key":"Vajra"},{"floor":43,"key":"The Courier"},{"floor":47,"key":"Girya"},{"floor":48,"key":"Question Card"},{"floor":55,"key":"Boot"}],"event_choices":[{"damage_healed":0,"gold_gain":0,"player_choice":"Entered Light","damage_taken":23,"max_hp_gain":0,"max_hp_loss":0,"event_name":"Shining Light","floor":2,"gold_loss":0,"cards_upgraded":["Defend_R","Defend_R"]},{"damage_healed":0,"gold_gain":0,"player_choice":"Damaged","damage_taken":11,"max_hp_gain":0,"max_hp_loss":0,"event_name":"Wheel of Change","floor":3,"gold_loss":0},{"damage_healed":0,"gold_gain":0,"player_choice":"Success","damage_taken":11,"relics_obtained":["Bag of Preparation"],"max_hp_gain":0,"max_hp_loss":0,"event_name":"Scrap Ooze","floor":5,"gold_loss":0},{"damage_healed":0,"gold_gain":0,"player_choice":"Joined the Cult","damage_taken":6,"max_hp_gain":0,"max_hp_loss":0,"event_name":"Nest","floor":19,"gold_loss":0,"cards_obtained":["RitualDagger"]},{"damage_healed":0,"gold_gain":0,"player_choice":"Obtained Book","damage_taken":21,"max_hp_gain":0,"max_hp_loss":0,"event_name":"Cursed Tome","floor":20,"gold_loss":0},{"damage_healed":0,"gold_gain":0,"player_choice":"Memory 1","damage_taken":0,"max_hp_gain":0,"max_hp_loss":0,"event_name":"SensoryStone","floor":36,"gold_loss":0},{"damage_healed":0,"gold_gain":0,"player_choice":"Ignored","damage_taken":0,"max_hp_gain":0,"max_hp_loss":0,"event_name":"Tomb of Lord Red Mask","floor":37,"gold_loss":0},{"damage_healed":0,"gold_gain":0,"player_choice":"Fight","damage_taken":0,"max_hp_gain":0,"max_hp_loss":0,"event_name":"Mysterious Sphere","floor":38,"gold_loss":0},{"cards_removed":["Strike_R"],"damage_healed":0,"gold_gain":0,"player_choice":"Removed Attack","damage_taken":0,"max_hp_gain":0,"max_hp_loss":0,"event_name":"Falling","floor":45,"gold_loss":0},{"damage_healed":0,"gold_gain":0,"player_choice":"Fight","damage_taken":0,"max_hp_gain":0,"max_hp_loss":0,"event_name":"MindBloom","floor":47,"gold_loss":0}],"is_beta":false,"boss_relics":[{"not_picked":["Eternal Feather","Pandora\u0027s Box"],"picked":"Busted Crown"},{"not_picked":["Lizard Tail","Mark of Pain"],"picked":"Snecko Eye"}],"items_purged_floors":[39,46],"is_endless":false,"potions_floor_spawned":[1,10,12,13,16,24,25,31,33,35,40,42,55],"killed_by":"The Heart","ascension_level":20}