{"gold_per_floor":[118,118,118,118,0,19,19,19,64,103,122,142,156,181,181,300,300,314,314,334,334,347,347,382,382,409,138,151,151,151,175,175,306,306,326,351,351,37,37,73,73,277,277,277,277,277,343,387,387,387],"floor_reached":51,"playtime":2039,"items_purged":["Regret","Injury","Shame"],"score":771,"play_id":"c1077ab6-fed3-46e5-ae76-3897ed34cbaf","local_time":"25620420182622","is_ascension_mode":false,"campfire_choices":[{"data":"Chen:GlitterPoke","floor":8.0,"key":"SMITH"},{"data":"Chen:MisdirectSwipe","floor":15.0,"key":"SMITH"},{"data":"Chen:CurlUp","floor":23.0,"key":"SMITH"},{"data":"Chen:Catseye","floor":30.0,"key":"SMITH"},{"floor":32.0,"key":"REST"},{"floor":41.0,"key":"REST"},{"data":"Chen:ResistTemptation","floor":44.0,"key":"SMITH"},{"floor":46.0,"key":"REST"},{"floor":49,"key":"REST"}],"neow_cost":"NONE","seed_source_timestamp":20118251440476,"circlet_count":0,"master_deck":["Chen:Strike","Chen:Defend","Chen:Defend","Chen:Defend","Chen:Defend","Chen:PounceTurnTail","Chen:GlitterPoke+1","Chen:UpperHand","Chen:CatPunch+1","Chen:Sidestep+1","Chen:Lacerate+1","Chen:UnstableBoundary","Chen:Spray+1","Chen:Catseye+1","Chen:CatPunch+1","Chen:MisdirectSwipe+1","Chen:Salvo+1","Chen:CurlUp+1","Chen:FollowUp+1","Chen:UpperHand+1","Whirlwind+1","Chen:Scratch+1","Chen:MeditateFrenzy+1","Chen:MeditateFrenzy+1","Chen:RecklessLeap+1","Chen:Knockout+1","Chen:TauntHiss+1","Chen:Tear+1","Chen:Adaptability+1","Chen:Kimontonkou+1","Chen:ResistTemptation+1","Chen:Possession+1","Chen:UpperHand+1","Chen:ResistTemptation+1","Chen:Impale+1","Chen:Sweep+1","Chen:Deceitful+1","Chen:PhoenixWings+1","Chen:Impale+1","Chen:Lacerate+1","Chen:Scratch+1"],"special_seed":0,"relics":["Chen:Catnip","NeowsBlessing","The Courier","Molten Egg 2","Golden Idol","Prayer Wheel","Cursed Key","Torii","Happy Flower","Anchor","DollysMirror","Darkstone Periapt","Astrolabe","Pen Nib","Toy Ornithopter","Juzu Bracelet","Gambling Chip"],"potions_floor_usage":[50,50,50],"damage_taken":[{"damage":0.0,"enemies":"Jaw Worm","floor":1.0,"turns":1.0},{"damage":0.0,"enemies":"2 Louse","floor":6.0,"turns":1.0},{"damage":0.0,"enemies":"Small Slimes","floor":9.0,"turns":2.0},{"damage":26.0,"enemies":"3 Sentries","floor":10.0,"turns":8.0},{"damage":0.0,"enemies":"Small Slimes","floor":11.0,"turns":2.0},{"damage":0.0,"enemies":"3 Louse","floor":12.0,"turns":1.0},{"damage":0.0,"enemies":"2 Fungi Beasts","floor":13.0,"turns":1.0},{"damage":1.0,"enemies":"Lots of Slimes","floor":14.0,"turns":2.0},{"damage":4.0,"enemies":"Hexaghost","floor":16.0,"turns":5.0},{"damage":2.0,"enemies":"Shell Parasite","floor":18.0,"turns":4.0},{"damage":4.0,"enemies":"Chosen","floor":20.0,"turns":3.0},{"damage":6.0,"enemies":"Centurion and Healer","floor":22.0,"turns":5.0},{"damage":3.0,"enemies":"Gremlin Leader","floor":24.0,"turns":6.0},{"damage":0.0,"enemies":"Snake Plant","floor":28.0,"turns":3.0},{"damage":7.0,"enemies":"Sentry and Sphere","floor":31.0,"turns":5.0},{"damage":38.0,"enemies":"Automaton","floor":33.0,"turns":7.0},{"damage":1.0,"enemies":"Orb Walker","floor":35.0,"turns":2.0},{"damage":28.0,"enemies":"3 Shapes","floor":36.0,"turns":4.0},{"damage":35.0,"enemies":"Giant Head","floor":40.0,"turns":6.0},{"damage":12.0,"enemies":"2 Orb Walkers","floor":47.0,"turns":4.0},{"damage":38,"enemies":"Nemesis","floor":48,"turns":5},{"damage":31,"enemies":"Time Eater","floor":50,"turns":4}],"seed_played":"-2741021107271927245","potions_obtained":[{"floor":10.0,"key":"EssenceOfSteel"},{"floor":12.0,"key":"Strength Potion"},{"floor":14.0,"key":"Explosive Potion"},{"floor":20.0,"key":"SteroidPotion"},{"floor":24.0,"key":"SpeedPotion"},{"floor":35.0,"key":"Regen Potion"},{"floor":40.0,"key":"Block Potion"},{"floor":47.0,"key":"Strength Potion"}],"is_trial":false,"path_per_floor":["M","?","?","?","$","M","?","R","MIM","E","M","M","M","M","R","B",null,"M","?","M","?","M","R","E","?","T","$","M","T","R","M","R","B",null,"M","M","?","$","?","E","R","?","T","R","?","R","?","E","R","B",null],"character_chosen":"CHEN","items_purchased":["Chen:CatPunch+1","FearPotion","DollysMirror","Chen:RecklessLeap+1","Toy Ornithopter","Regen Potion"],"campfire_rested":4,"item_purchase_floors":[5,5,27,27,38,38],"current_hp_per_floor":[70,45,45,45,45,45,45,45,45,19,19,19,19,18,18,14,65,63,63,59,59,53,53,50,50,50,50,50,50,50,43,62,24,65,64,36,36,36,51,21,40,40,40,40,40,59,52,14,33,42],"gold":387,"neow_bonus":"THREE_ENEMY_KILL","is_prod":false,"is_daily":false,"chose_seed":false,"campfire_upgraded":5,"win_rate":0.0,"timestamp":1555759582,"path_taken":["M","?","?","?","$","M","?","R","MIM","E","M","M","M","M","R","BOSS","M","?","M","?","?","R","E","?","T","$","M","?","R","M","R","BOSS","M","M","?","$","?","E","R","?","T","R","?","R","?","E","R","BOSS"],"build_version":"2019-01-23","purchased_purges":3,"victory":true,"max_hp_per_floor":[70,70,70,65,65,65,65,65,65,65,65,65,65,65,65,65,65,65,65,65,65,65,65,65,65,65,65,65,65,65,65,65,65,65,65,65,65,65,65,65,65,65,65,65,65,65,65,65,65,65],"card_choices":[{"not_picked":["Chen:Sidestep","Chen:EmergencyEscape"],"picked":"Chen:UpperHand","floor":1.0},{"not_picked":["Chen:Spray+1","Chen:RecklessLeap+1"],"picked":"Chen:Sidestep","floor":6.0},{"not_picked":["Chen:PentagramFlight","Chen:TauntHiss"],"picked":"Chen:Lacerate+1","floor":9.0},{"not_picked":["Chen:Tear+1","Chen:Possession"],"picked":"Chen:UnstableBoundary","floor":10.0},{"not_picked":["Chen:Sneak","Chen:Mixup+1"],"picked":"Chen:Spray+1","floor":11.0},{"not_picked":["Chen:TauntHiss","Chen:UnstableBoundary"],"picked":"Chen:Sweep+1","floor":11.0},{"not_picked":["Chen:Barrier","Chen:Scratch+1"],"picked":"Chen:Catseye","floor":12.0},{"not_picked":["Chen:PentagramFlight","Chen:Shot+1"],"picked":"Chen:CatPunch+1","floor":12.0},{"not_picked":["Chen:DazzleFlash","Chen:Frivolous"],"picked":"Chen:MisdirectSwipe","floor":13.0},{"not_picked":["Chen:RecklessLeap+1","Chen:Rush","Chen:Flicker"],"picked":"SKIP","floor":13.0},{"not_picked":["Chen:TauntHiss","Chen:Instinct"],"picked":"Chen:Salvo+1","floor":14.0},{"not_picked":["Chen:TauntHiss","Chen:EvasiveFireShift","Chen:Instinct"],"picked":"SKIP","floor":14.0},{"not_picked":["Chen:FinalSpellCard","Chen:DazzleFlash"],"picked":"Chen:CurlUp","floor":16.0},{"not_picked":["Chen:Sneak","Chen:Mixup+1"],"picked":"Chen:FollowUp+1","floor":18.0},{"not_picked":["Chen:Sweep+1","Chen:Tear+1"],"picked":"Chen:UpperHand+1","floor":18.0},{"not_picked":["Chen:PentagramFlight+1","Chen:Rush","Chen:GuardCounter"],"picked":"SKIP","floor":20.0},{"not_picked":["Chen:Excitement","Chen:CatPunch+1","Chen:Fadeout"],"picked":"SKIP","floor":20.0},{"not_picked":["Chen:UpperHand+1","Chen:Panic"],"picked":"Chen:Scratch+1","floor":22.0},{"not_picked":["Chen:Exploit","Chen:PentagramFlight","Chen:Recuperate"],"picked":"SKIP","floor":22.0},{"not_picked":["Chen:TauntHiss","Chen:RecklessLeap+1"],"picked":"Chen:MeditateFrenzy+1","floor":24.0},{"not_picked":["Chen:TauntHiss","Chen:RecklessLeap+1"],"picked":"Chen:Knockout+1","floor":28.0},{"not_picked":["Chen:Sidestep","Chen:Spray+1"],"picked":"Chen:TauntHiss+1","floor":28.0},{"not_picked":["Chen:UnstableBoundary","Chen:Honk"],"picked":"Chen:Tear+1","floor":31.0},{"not_picked":["Chen:Salvo+1","Chen:SelfControl+1"],"picked":"Chen:Adaptability+1","floor":31.0},{"not_picked":["Chen:WhateverWorks","Chen:PhoenixEgg+1"],"picked":"Chen:Kimontonkou+1","floor":33.0},{"not_picked":["Chen:EvasiveFireShift","Chen:Adaptability"],"picked":"Chen:ResistTemptation","floor":35.0},{"not_picked":["Chen:PentagramFlight+1","Chen:Spray+1"],"picked":"Chen:Impale+1","floor":35.0},{"not_picked":["Chen:RecklessLeap+1","Chen:GuardCounter"],"picked":"Chen:Sweep+1","floor":36.0},{"not_picked":["Chen:CatPunch+1","Chen:Tear+1"],"picked":"Chen:Deceitful+1","floor":36.0},{"not_picked":["Chen:Salvo+1","Chen:Sneak"],"picked":"Chen:PhoenixWings+1","floor":40.0},{"not_picked":["Chen:GuardCounter+1","Chen:Rush"],"picked":"Chen:Impale+1","floor":42.0},{"not_picked":["Chen:CatPunch+1","Chen:Sidestep+1"],"picked":"Chen:Lacerate+1","floor":47.0},{"not_picked":["Chen:ResistTemptation","Chen:Recuperate+1"],"picked":"Chen:Scratch+1","floor":48}],"player_experience":518094,"relics_obtained":[{"floor":9.0,"key":"Art of War"},{"floor":10.0,"key":"Prayer Wheel"},{"floor":24.0,"key":"Torii"},{"floor":26.0,"key":"Anchor"},{"floor":29.0,"key":"Darkstone Periapt"},{"floor":40.0,"key":"Juzu Bracelet"},{"floor":47.0,"key":"Gambling Chip"}],"event_choices":[{"damage_healed":0.0,"max_hp_gain":0.0,"max_hp_loss":0.0,"gold_gain":0.0,"event_name":"Scrap Ooze","player_choice":"Success","floor":2.0,"gold_loss":0.0,"damage_taken":25.0,"relics_obtained":["The Courier"]},{"damage_healed":0.0,"max_hp_gain":0.0,"max_hp_loss":0.0,"gold_gain":0.0,"event_name":"Big Fish","player_choice":"Box","floor":3.0,"gold_loss":0.0,"damage_taken":0.0,"relics_obtained":["Molten Egg 2"],"cards_obtained":["Regret"]},{"damage_healed":0.0,"max_hp_gain":0.0,"max_hp_loss":5.0,"gold_gain":0.0,"event_name":"Golden Idol","player_choice":"Lose Max HP","floor":4.0,"gold_loss":0.0,"damage_taken":0.0,"relics_obtained":["Golden Idol"]},{"damage_healed":0.0,"max_hp_gain":0.0,"max_hp_loss":0.0,"gold_gain":0.0,"event_name":"Living Wall","player_choice":"Grow","floor":7.0,"gold_loss":0.0,"damage_taken":0.0,"cards_upgraded":["Chen:Sidestep"]},{"damage_healed":0.0,"max_hp_gain":0.0,"max_hp_loss":0.0,"gold_gain":0.0,"event_name":"Vampires","player_choice":"Ignored","floor":19.0,"gold_loss":0.0,"damage_taken":0.0},{"cards_removed":["Chen:Sweep"],"damage_healed":0.0,"max_hp_gain":0.0,"max_hp_loss":0.0,"gold_gain":0.0,"event_name":"NoteForYourself","player_choice":"Took Card","floor":21.0,"gold_loss":0.0,"damage_taken":0.0,"cards_obtained":["Whirlwind"]},{"damage_healed":0.0,"max_hp_gain":0.0,"max_hp_loss":0.0,"gold_gain":0.0,"event_name":"The Mausoleum","player_choice":"Opened","floor":25.0,"gold_loss":0.0,"damage_taken":0.0,"relics_obtained":["Happy Flower"]},{"damage_healed":0.0,"max_hp_gain":0.0,"max_hp_loss":0.0,"gold_gain":0.0,"event_name":"WeMeetAgain","player_choice":"Gave Potion","floor":37.0,"gold_loss":0.0,"damage_taken":0.0,"relics_obtained":["Pen Nib"]},{"cards_removed":["Chen:Strike"],"damage_healed":0.0,"max_hp_gain":0.0,"max_hp_loss":0.0,"gold_gain":0.0,"event_name":"Wheel of Change","player_choice":"Card Removal","floor":45.0,"gold_loss":0.0,"damage_taken":0.0},{"damage_healed":0.0,"max_hp_gain":0.0,"max_hp_loss":0.0,"gold_gain":0.0,"event_name":"Mysterious Sphere","player_choice":"Fight","floor":47.0,"gold_loss":0.0,"damage_taken":0.0}],"is_beta":false,"boss_relics":[{"not_picked":["Philosopher\u0027s Stone","Runic Dome"],"picked":"Cursed Key"},{"not_picked":["Runic Pyramid","Calling Bell"],"picked":"Astrolabe"}],"items_purged_floors":[5,27,38],"is_endless":false,"potions_floor_spawned":[10,12,14,20,24,31,35,40,47],"ascension_level":0}