{"gold_per_floor":[114,114,114,128,142,142,154,171,195,270,288,42,42,60,60,155,155,167,181,103,120,219,219,238,238,238,238,250,250,263,275,275,275],"floor_reached":33,"playtime":954,"items_purged":[],"score":243,"play_id":"aebb5290-b16d-4998-8d8f-fbe5a8423cb5","local_time":"20190110000048","is_ascension_mode":false,"campfire_choices":[{"data":"Searing Blow+1","floor":6,"key":"SMITH"},{"data":"Searing Blow+2","floor":13,"key":"SMITH"},{"data":"Searing Blow+3","floor":15,"key":"SMITH"},{"data":"Searing Blow+4","floor":23,"key":"SMITH"},{"data":"Searing Blow+5","floor":27,"key":"SMITH"},{"data":"Searing Blow+6","floor":29,"key":"SMITH"},{"data":"Searing Blow+7","floor":32,"key":"SMITH"}],"neow_cost":"NONE","seed_source_timestamp":10763141648959,"circlet_count":0,"master_deck":["Strike_R","Strike_R","Strike_R","Strike_R","Strike_R","Defend_R","Defend_R","Defend_R","Defend_R","Bash","Searing Blow+8","Warcry","Burning Pact","Evolve","Battle Trance","Corruption","Finesse","Shrug It Off","Immolate","Disarm","Battle Trance","Second Wind"],"relics":["Mark of Pain"],"potions_floor_usage":[16,18,24,31,33,33],"damage_taken":[{"damage":0,"enemies":"2 Louse","floor":1,"turns":2},{"damage":2,"enemies":"Jaw Worm","floor":4,"turns":4},{"damage":5,"enemies":"Small Slimes","floor":5,"turns":2},{"damage":0,"enemies":"Exordium Wildlife","floor":7,"turns":3},{"damage":5,"enemies":"3 Louse","floor":8,"turns":3},{"damage":4,"enemies":"Gremlin Gang","floor":11,"turns":4},{"damage":4,"enemies":"Exordium Wildlife","floor":14,"turns":4},{"damage":42,"enemies":"Hexaghost","floor":16,"turns":8},{"damage":5,"enemies":"3 Byrds","floor":18,"turns":4},{"damage":19,"enemies":"Shell Parasite","floor":19,"turns":5},{"damage":30,"enemies":"Centurion and Healer","floor":21,"turns":4},{"damage":0,"enemies":"Shelled Parasite and Fungi","floor":24,"turns":2},{"damage":0,"enemies":"Snake Plant","floor":28,"turns":2},{"damage":8,"enemies":"Centurion and Healer","floor":30,"turns":4},{"damage":12,"enemies":"3 Cultists","floor":31,"turns":4},{"damage":27,"enemies":"Collector","floor":33,"turns":2}],"seed_played":"9061635157763954550","potions_obtained":[{"floor":4,"key":"AttackPotion"},{"floor":5,"key":"SkillPotion"},{"floor":11,"key":"AttackPotion"},{"floor":19,"key":"Regen Potion"},{"floor":28,"key":"SteroidPotion"}],"is_trial":false,"path_per_floor":["M","?","?","M","M","R","M","M","T","?","M","$","R","M","R","B",null,"M","M","$","M","?","R","M","?","T","R","M","R","M","M","R","B"],"character_chosen":"IRONCLAD","items_purchased":["Battle Trance","Corruption","Finesse","Shrug It Off","Regen Potion"],"campfire_rested":0,"item_purchase_floors":[12,12,12,12,20],"current_hp_per_floor":[80,80,80,78,73,73,73,68,68,57,53,53,53,49,49,7,80,75,56,56,26,26,26,26,26,26,26,26,26,18,6,6,0],"gold":275,"neow_bonus":"BOSS_RELIC","is_prod":false,"is_daily":false,"chose_seed":false,"campfire_upgraded":7,"win_rate":0,"timestamp":1547074848,"path_taken":["M","?","?","M","M","R","M","M","T","?","M","$","R","M","R","BOSS","M","M","$","M","?","R","M","?","T","R","M","R","M","M","R","BOSS"],"build_version":"2019-01-03v4","purchased_purges":0,"victory":false,"max_hp_per_floor":[80,80,80,80,80,80,80,80,80,80,80,80,80,80,80,80,80,80,80,80,80,80,80,80,80,80,80,80,80,80,80,80,80],"card_choices":[{"not_picked":["Armaments","Blood for Blood"],"picked":"Searing Blow","floor":1},{"not_picked":["Rupture","Sentinel","Spot Weakness"],"picked":"SKIP","floor":4},{"not_picked":["Pommel Strike","Clash"],"picked":"Warcry","floor":5},{"not_picked":["Twin Strike","Flex"],"picked":"Burning Pact","floor":7},{"not_picked":["Armaments","Cleave","Blood for Blood"],"picked":"SKIP","floor":8},{"not_picked":["Havoc","Brutality"],"picked":"Evolve","floor":11},{"not_picked":["Flex","Clash","Rampage"],"picked":"SKIP","floor":14},{"not_picked":["Impervious","Exhume"],"picked":"Immolate","floor":16},{"not_picked":["Spot Weakness","Iron Wave","Clothesline"],"picked":"SKIP","floor":18},{"not_picked":["Spot Weakness","Wild Strike+1","Clash"],"picked":"SKIP","floor":19},{"not_picked":["Wild Strike","Sword Boomerang"],"picked":"Disarm","floor":21},{"not_picked":["Iron Wave+1","Uppercut","Impervious"],"picked":"SKIP","floor":24},{"not_picked":["Body Slam+1","Armaments","Sword Boomerang"],"picked":"SKIP","floor":28},{"not_picked":["Shrug It Off","Spot Weakness","Perfected Strike"],"picked":"SKIP","floor":30},{"not_picked":["Iron Wave+1","Clash+1"],"picked":"Second Wind","floor":31}],"player_experience":429192,"relics_obtained":[],"event_choices":[{"damage_healed":0,"gold_gain":0,"player_choice":"Grow","damage_taken":0,"max_hp_gain":0,"max_hp_loss":0,"event_name":"Living Wall","floor":2,"gold_loss":0,"cards_upgraded":["Searing Blow"]},{"damage_healed":0,"gold_gain":0,"player_choice":"Ignored","damage_taken":0,"max_hp_gain":0,"max_hp_loss":0,"event_name":"Golden Idol","floor":3,"gold_loss":0},{"damage_healed":0,"gold_gain":75,"player_choice":"Gather Gold","damage_taken":11,"max_hp_gain":0,"max_hp_loss":0,"event_name":"World of Goop","floor":10,"gold_loss":0},{"damage_healed":0,"gold_gain":99,"player_choice":"Stole From Cult","damage_taken":0,"max_hp_gain":0,"max_hp_loss":0,"event_name":"Nest","floor":22,"gold_loss":0},{"damage_healed":0,"gold_gain":0,"player_choice":"Copied","damage_taken":0,"max_hp_gain":0,"max_hp_loss":0,"event_name":"Duplicator","floor":25,"gold_loss":0,"cards_obtained":["Battle Trance"]}],"is_beta":false,"boss_relics":[{"not_picked":["White Beast Statue","Runic Pyramid","Lizard Tail"]}],"items_purged_floors":[],"is_endless":false,"potions_floor_spawned":[4,5,11,19,28,30],"killed_by":"Collector","ascension_level":0}