{"gold_per_floor":[114,114,125,135,154,154,169,169,196,1,1,63,6,31,31,104,104,115,135,154,154,73,73,73],"floor_reached":24,"playtime":861,"items_purged":[],"score":562,"play_id":"81bfce1f-d250-4f6d-980f-08dd1e308fd9","local_time":"20190407171245","is_ascension_mode":true,"campfire_choices":[{"data":"Bouncing Flask","floor":6.0,"key":"SMITH"},{"floor":8.0,"key":"REST"},{"data":"Apotheosis","floor":15.0,"key":"SMITH"},{"floor":23,"key":"REST"}],"neow_cost":"PERCENT_DAMAGE","seed_source_timestamp":19753894423500,"circlet_count":0,"master_deck":["AscendersBane","Defend_G","Defend_G","Defend_G","Defend_G","Defend_G","Strike_G+1","Strike_G","Strike_G","Strike_G","Survivor","Neutralize+1","Bouncing Flask+1","Leg Sweep","Apotheosis+1","Tactician","Burst","Adrenaline","After Image"],"special_seed":0,"relics":["Ring of the Snake","Torii","Tiny Chest","Cursed Key","Nloth\u0027s Gift"],"potions_floor_usage":[16,16,20],"damage_taken":[{"damage":0.0,"enemies":"Small Slimes","floor":1.0,"turns":3.0},{"damage":8.0,"enemies":"Cultist","floor":3.0,"turns":5.0},{"damage":1.0,"enemies":"Jaw Worm","floor":4.0,"turns":5.0},{"damage":8.0,"enemies":"Exordium Thugs","floor":5.0,"turns":5.0},{"damage":1.0,"enemies":"Looter","floor":7.0,"turns":3.0},{"damage":18.0,"enemies":"Gremlin Nob","floor":12.0,"turns":4.0},{"damage":0.0,"enemies":"Lagavulin","floor":14.0,"turns":8.0},{"damage":0,"enemies":"The Guardian","floor":16,"turns":8},{"damage":1,"enemies":"Shell Parasite","floor":18,"turns":7},{"damage":1,"enemies":"Chosen","floor":19,"turns":5},{"damage":52,"enemies":"3 Cultists","floor":20,"turns":9},{"damage":23,"enemies":"Gremlin Leader","floor":24,"turns":6}],"seed_played":"340007611313087179","potions_obtained":[{"floor":1.0,"key":"EssenceOfSteel"},{"floor":3.0,"key":"Explosive Potion"},{"floor":4.0,"key":"Poison Potion"},{"floor":11.0,"key":"AttackPotion"},{"floor":11.0,"key":"Poison Potion"},{"floor":16,"key":"Swift Potion"}],"is_trial":false,"path_per_floor":["M","?","M","M","M","R","M","R","T","$","?","E","$","E","R","B",null,"M","M","M","?","$","R","E"],"character_chosen":"THE_SILENT","items_purchased":["Apotheosis","Block Potion","GhostInAJar"],"campfire_rested":2,"item_purchase_floors":[10,13,22],"current_hp_per_floor":[44,44,36,35,27,27,26,45,45,45,45,27,27,27,27,27,56,55,54,2,2,2,21,0],"gold":73,"neow_bonus":"ONE_RARE_RELIC","is_prod":false,"is_daily":false,"chose_seed":false,"campfire_upgraded":2,"win_rate":0,"timestamp":1554628365,"path_taken":["M","?","M","?","M","R","M","R","T","$","?","E","?","E","R","BOSS","M","M","M","?","$","R","E"],"build_version":"2019-04-04","purchased_purges":0,"victory":false,"max_hp_per_floor":[66,66,66,66,66,66,66,66,66,66,66,66,66,66,66,66,66,66,66,66,66,66,66,66],"card_choices":[{"not_picked":["Sucker Punch","Cloak And Dagger","Underhanded Strike"],"picked":"SKIP","floor":1.0},{"not_picked":["Calculated Gamble","Outmaneuver"],"picked":"Bouncing Flask","floor":3.0},{"not_picked":["Backflip","Quick Slash"],"picked":"Leg Sweep","floor":4.0},{"not_picked":["Poisoned Stab","Prepared","Dodge and Roll"],"picked":"SKIP","floor":5.0},{"not_picked":["Backflip","Quick Slash","Blade Dance"],"picked":"SKIP","floor":7.0},{"not_picked":["Eviscerate","Slice"],"picked":"Tactician","floor":12.0},{"not_picked":["Dodge and Roll","Riddle With Holes"],"picked":"Burst","floor":14.0},{"not_picked":["Glass Knife","Phantasmal Killer"],"picked":"Adrenaline","floor":16},{"not_picked":["Sucker Punch+1","Outmaneuver","Concentrate"],"picked":"SKIP","floor":18},{"not_picked":["Quick Slash+1","Caltrops","Dagger Spray"],"picked":"SKIP","floor":19},{"not_picked":["Blade Dance+1","Prepared"],"picked":"After Image","floor":20}],"player_experience":1337977,"relics_obtained":[{"floor":12.0,"key":"Tiny Chest"},{"floor":14.0,"key":"Whetstone"}],"event_choices":[{"cards_removed":["Strike_G"],"damage_healed":0.0,"max_hp_gain":0.0,"max_hp_loss":0.0,"gold_gain":0.0,"event_name":"Purifier","player_choice":"Purged","floor":2.0,"gold_loss":0.0,"damage_taken":0.0},{"damage_healed":0.0,"max_hp_gain":0.0,"max_hp_loss":0.0,"gold_gain":0.0,"event_name":"Lab","player_choice":"Got Potions","floor":11.0,"gold_loss":0.0,"damage_taken":0.0},{"damage_healed":0,"gold_gain":0,"player_choice":"Traded Relic","damage_taken":0,"relics_obtained":["Nloth\u0027s Gift"],"max_hp_gain":0,"max_hp_loss":0,"event_name":"N\u0027loth","floor":21,"relics_lost":["Whetstone"],"gold_loss":0}],"is_beta":true,"boss_relics":[{"not_picked":["Velvet Choker","White Beast Statue"],"picked":"Cursed Key"}],"items_purged_floors":[],"is_endless":false,"potions_floor_spawned":[1,3,4,14,16],"killed_by":"Gremlin Leader","ascension_level":20}