{"gold_per_floor":[109,109,125,143,143,143,181,195,219,254,279,279,310,90,90,189,189,213,238,252,252,275,275,275,275,298,298,329,379,412,169,169,265,265,290,310,356,377,201,237,237,19,19,43,43,43,59,82,82,82],"floor_reached":51,"playtime":3629,"items_purged":["Strike_R","Strike_R","Defend_R","Defend_R"],"score":1264,"play_id":"6e82c7e8-074f-4d1d-b49b-0aae1e87caad","local_time":"20180727102945","is_ascension_mode":true,"campfire_choices":[{"data":"Twin Strike","floor":6.0,"key":"SMITH"},{"floor":15.0,"key":"REST"},{"data":"Flame Barrier","floor":23.0,"key":"SMITH"},{"data":"Shrug It Off","floor":25.0,"key":"SMITH"},{"data":"Metallicize","floor":27.0,"key":"SMITH"},{"floor":32.0,"key":"REST"},{"floor":41.0,"key":"REST"},{"data":"Inflame","floor":46.0,"key":"SMITH"},{"data":"Metallicize","floor":49.0,"key":"SMITH"}],"neow_cost":"NONE","seed_source_timestamp":8323843631906,"circlet_count":0,"master_deck":["Strike_R+1","Strike_R+1","Defend_R","Defend_R","Bash+1","AscendersBane","Twin Strike+1","Pommel Strike","Iron Wave+1","Metallicize+1","Flame Barrier+1","Twin Strike+1","Clothesline","Shrug It Off+1","Offering","Armaments","Shrug It Off","Metallicize+1","Shrug It Off","Feed","Sword Boomerang+1","Shockwave","Shrug It Off","Body Slam+1","Battle Trance","Inflame+1","Entrench+1","Writhe"],"special_seed":0,"relics":["Burning Blood","Golden Idol","Regal Pillow","Bag of Marbles","Potion Belt","Odd Mushroom","Magic Flower","Whetstone","Velvet Choker","Happy Flower","Anchor","Juzu Bracelet","Orrery","Dream Catcher","Toxic Egg 2","Unceasing Top"],"potions_floor_usage":[50],"damage_taken":[{"damage":7.0,"enemies":"Jaw Worm","floor":1.0,"turns":4.0},{"damage":7.0,"enemies":"Small Slimes","floor":3.0,"turns":4.0},{"damage":2.0,"enemies":"2 Louse","floor":4.0,"turns":2.0},{"damage":16.0,"enemies":"Gremlin Nob","floor":7.0,"turns":3.0},{"damage":1.0,"enemies":"Looter","floor":8.0,"turns":3.0},{"damage":12.0,"enemies":"Lagavulin","floor":10.0,"turns":7.0},{"damage":13.0,"floor":11.0,"turns":6.0},{"damage":4.0,"enemies":"3 Sentries","floor":13.0,"turns":7.0},{"damage":46.0,"enemies":"Slime Boss","floor":16.0,"turns":10.0},{"damage":15.0,"enemies":"Spheric Guardian","floor":18.0,"turns":4.0},{"damage":12.0,"enemies":"3 Byrds","floor":19.0,"turns":5.0},{"damage":5.0,"enemies":"Centurion and Healer","floor":20.0,"turns":5.0},{"damage":15.0,"enemies":"Snake Plant","floor":22.0,"turns":4.0},{"damage":17.0,"enemies":"Gremlin Leader","floor":28.0,"turns":9.0},{"damage":15.0,"enemies":"Book of Stabbing","floor":30.0,"turns":6.0},{"damage":55.0,"enemies":"Champ","floor":33.0,"turns":21.0},{"damage":7.0,"enemies":"Orb Walker","floor":35.0,"turns":5.0},{"damage":30.0,"enemies":"3 Darklings","floor":36.0,"turns":11.0},{"damage":13.0,"enemies":"Maw","floor":38.0,"turns":9.0},{"damage":23.0,"enemies":"2 Orb Walkers","floor":40.0,"turns":7.0},{"damage":26.0,"enemies":"Transient","floor":44.0,"turns":5.0},{"damage":5.0,"enemies":"Spire Growth","floor":47.0,"turns":4.0},{"damage":5.0,"enemies":"Maw","floor":48.0,"turns":7.0},{"damage":61,"enemies":"Time Eater","floor":50,"turns":12}],"seed_played":"-8213728466445507474","potions_obtained":[{"floor":3.0,"key":"GamblersBrew"},{"floor":7.0,"key":"LiquidBronze"},{"floor":8.0,"key":"SkillPotion"},{"floor":13.0,"key":"Block Potion"},{"floor":22.0,"key":"AttackPotion"},{"floor":28.0,"key":"GamblersBrew"},{"floor":33.0,"key":"EssenceOfSteel"},{"floor":35.0,"key":"GamblersBrew"},{"floor":40.0,"key":"GamblersBrew"},{"floor":44.0,"key":"Swift Potion"}],"is_trial":false,"path_per_floor":["M","?","M","M","?","R","E","M","T","E","?","?","E","$","R","B",null,"M","M","M","?","M","R","?","R","T","R","E","?","E","$","R","B",null,"M","M","T","M","$","E","R","$","T","M","?","R","M","M","R","B"],"character_chosen":"IRONCLAD","items_purchased":["Whetstone","Metallicize","Block Potion","Shrug It Off","Dexterity Potion","Inflame"],"campfire_rested":3,"item_purchase_floors":[14,31,31,31,39,42],"current_hp_per_floor":[67,67,66,68,48,48,38,43,43,37,30,30,32,32,67,30,59,53,50,54,54,48,48,48,48,48,48,40,40,34,34,68,22,57,59,38,38,34,34,25,61,61,61,44,58,58,62,66,66,14],"gold":82,"neow_bonus":"UPGRADE_CARD","is_prod":false,"is_daily":false,"chose_seed":false,"campfire_upgraded":6,"win_rate":0,"timestamp":1532712585,"path_taken":["M","?","M","M","?","R","E","M","T","E","?","?","E","$","R","BOSS","M","M","M","?","?","R","?","R","T","R","E","?","E","$","R","BOSS","M","M","?","M","$","E","R","$","T","M","?","R","M","M","R","BOSS"],"build_version":"2018-07-26","purchased_purges":4,"victory":true,"max_hp_per_floor":[75,68,68,68,68,68,68,68,68,68,68,68,68,68,68,68,68,68,68,68,68,68,68,68,68,68,68,68,68,68,68,68,68,68,68,68,68,68,68,71,71,71,71,71,71,71,71,71,71,71],"card_choices":[{"not_picked":["Flex","Burning Pact"],"picked":"Twin Strike","floor":1.0},{"not_picked":["Dropkick","Warcry"],"picked":"Pommel Strike","floor":3.0},{"not_picked":["Infernal Blade","Hemokinesis"],"picked":"Iron Wave","floor":4.0},{"not_picked":["Body Slam","Pommel Strike","Bloodletting"],"picked":"SKIP","floor":7.0},{"not_picked":["Warcry","Cleave"],"picked":"Metallicize","floor":8.0},{"not_picked":["Warcry","Shockwave"],"picked":"Flame Barrier","floor":10.0},{"not_picked":["Cleave","Havoc"],"picked":"Twin Strike","floor":11.0},{"not_picked":["Warcry","Corruption"],"picked":"Shrug It Off","floor":13.0},{"not_picked":["Juggernaut","Brutality"],"picked":"Offering","floor":16.0},{"not_picked":["Sentinel","Thunderclap","Heavy Blade"],"picked":"SKIP","floor":18.0},{"not_picked":["Wild Strike+1","Sword Boomerang","Hemokinesis+1"],"picked":"SKIP","floor":19.0},{"not_picked":["Pummel","Rupture","Infernal Blade"],"picked":"SKIP","floor":20.0},{"not_picked":["Reckless Charge","Havoc","Pommel Strike+1"],"picked":"SKIP","floor":22.0},{"not_picked":["Flame Barrier","Hemokinesis"],"picked":"Armaments","floor":28.0},{"not_picked":["Pummel+1","Disarm"],"picked":"Shrug It Off","floor":30.0},{"not_picked":["Bludgeon","Dark Embrace"],"picked":"Feed","floor":33.0},{"not_picked":["Second Wind","Rupture"],"picked":"Sword Boomerang+1","floor":34.0},{"not_picked":["Warcry","Combust+1"],"picked":"Shockwave","floor":34.0},{"not_picked":["Wild Strike","Searing Blow"],"picked":"Shrug It Off","floor":34.0},{"not_picked":["Twin Strike","Corruption"],"picked":"Body Slam+1","floor":35.0},{"not_picked":["Body Slam","Bloodletting"],"picked":"Battle Trance","floor":36.0},{"not_picked":["True Grit","Uppercut","Clothesline"],"picked":"SKIP","floor":38.0},{"not_picked":["Wild Strike","Cleave","Headbutt+1"],"picked":"SKIP","floor":40.0},{"not_picked":["Pummel","Rampage"],"picked":"Entrench+1","floor":44.0},{"not_picked":["Heavy Blade","Clothesline+1","Feel No Pain"],"picked":"SKIP","floor":47.0},{"not_picked":["Double Tap+1","Power Through+1","Sword Boomerang"],"picked":"SKIP","floor":48.0}],"player_experience":908573,"relics_obtained":[{"floor":7.0,"key":"Regal Pillow"},{"floor":9.0,"key":"Bag of Marbles"},{"floor":10.0,"key":"Potion Belt"},{"floor":11.0,"key":"Odd Mushroom"},{"floor":13.0,"key":"Magic Flower"},{"floor":26.0,"key":"Happy Flower"},{"floor":28.0,"key":"Anchor"},{"floor":30.0,"key":"Juzu Bracelet"},{"floor":37.0,"key":"Dream Catcher"},{"floor":40.0,"key":"Toxic Egg 2"},{"floor":43.0,"key":"Unceasing Top"}],"event_choices":[{"event_name":"Golden Idol","player_choice":"Lose Max HP","floor":2.0,"damage_taken":0.0},{"event_name":"Shining Light","player_choice":"Entered Light","floor":5.0,"damage_taken":0.0},{"event_name":"Mushrooms","player_choice":"Fought Mushrooms","floor":11.0,"damage_taken":0.0},{"event_name":"Transmorgrifier","player_choice":"Transform","floor":12.0,"damage_taken":0.0},{"event_name":"The Mausoleum","player_choice":"No","floor":21.0,"damage_taken":0.0},{"event_name":"Vampires","player_choice":"Ignored","floor":24.0,"damage_taken":0.0},{"event_name":"Golden Shrine","player_choice":"Pray","floor":29.0,"damage_taken":0.0},{"event_name":"Winding Halls","player_choice":"Writhe","floor":45.0,"damage_taken":0.0}],"is_beta":false,"boss_relics":[{"not_picked":["White Beast Statue","Runic Cube"],"picked":"Velvet Choker"},{"not_picked":["Cursed Key","Black Blood"],"picked":"Orrery"}],"items_purged_floors":[14,31,39,42],"is_endless":false,"potions_floor_spawned":[3,7,8,13,22,28,33,35,40,44],"ascension_level":15}