{"gold_per_floor":[20,0,12,27,42,76,76,107,107,107,141,141,164,183,183,276,276,296,296,221,201,220,258,258,299,299,643,643,643,71,91,91,163,163,181,181,197,1196,1210,414,446,466,513,533,533,558,558,558,558,558],"floor_reached":50,"playtime":2354,"items_purged":["Strike_B","Strike_B","Normality"],"score":1206,"play_id":"db77d661-7bcd-4bff-8fb9-6c18c7493a9f","local_time":"20190201120529","is_ascension_mode":true,"campfire_choices":[{"data":"Barrage","floor":7.0,"key":"SMITH"},{"data":"Beam Cell","floor":15.0,"key":"SMITH"},{"data":"Doom and Gloom","floor":24.0,"key":"SMITH"},{"data":"Dualcast","floor":29.0,"key":"SMITH"},{"data":"Redo","floor":32.0,"key":"SMITH"},{"data":"Consume","floor":47.0,"key":"SMITH"},{"floor":49,"key":"RECALL"}],"neow_cost":"NO_GOLD","seed_source_timestamp":9141305332037,"circlet_count":0,"master_deck":["AscendersBane","Strike_B","Defend_B+1","Defend_B+1","Defend_B","Zap","Dualcast+1","Self Repair","Barrage+1","Doom and Gloom+1","Cold Snap","Beam Cell+1","Core Surge","Conserve Battery+1","Chill+1","Compile Driver+1","Impatience","FTL","Redo+1","Machine Learning","Normality","Echo Form+1","Coolheaded","Skim","Consume+1"],"special_seed":0,"relics":["Cracked Core","Bronze Scales","Anchor","Juzu Bracelet","Meat on the Bone","Bloody Idol","Nuclear Battery","Darkstone Periapt","Strawberry","Sundial","Old Coin","Cables","Black Star","Bag of Preparation","Frozen Egg 2","Centennial Puzzle","Nunchaku","Ornamental Fan","War Paint"],"potions_floor_usage":[50],"damage_taken":[{"damage":5.0,"enemies":"Small Slimes","floor":1.0,"turns":3.0},{"damage":2.0,"enemies":"2 Louse","floor":3.0,"turns":3.0},{"damage":1.0,"enemies":"Cultist","floor":4.0,"turns":3.0},{"damage":2.0,"enemies":"3 Louse","floor":5.0,"turns":4.0},{"damage":15.0,"enemies":"3 Sentries","floor":6.0,"turns":5.0},{"damage":8.0,"enemies":"Gremlin Nob","floor":8.0,"turns":3.0},{"damage":32.0,"enemies":"3 Sentries","floor":11.0,"turns":5.0},{"damage":1.0,"enemies":"Looter","floor":13.0,"turns":2.0},{"damage":9.0,"enemies":"Exordium Thugs","floor":14.0,"turns":3.0},{"damage":40.0,"enemies":"Slime Boss","floor":16.0,"turns":6.0},{"damage":2.0,"enemies":"3 Byrds","floor":18.0,"turns":3.0},{"damage":0.0,"enemies":"Chosen","floor":22.0,"turns":3.0},{"damage":39.0,"enemies":"Book of Stabbing","floor":23.0,"turns":4.0},{"damage":19.0,"enemies":"Slavers","floor":25.0,"turns":4.0},{"damage":37.0,"enemies":"Book of Stabbing","floor":27.0,"turns":4.0},{"damage":0.0,"enemies":"Centurion and Healer","floor":31.0,"turns":5.0},{"damage":45.0,"enemies":"Champ","floor":33.0,"turns":9.0},{"damage":7.0,"enemies":"3 Shapes","floor":35.0,"turns":3.0},{"damage":2.0,"enemies":"Orb Walker","floor":37.0,"turns":2.0},{"damage":23.0,"enemies":"3 Darklings","floor":39.0,"turns":5.0},{"damage":73.0,"enemies":"Nemesis","floor":41.0,"turns":9.0},{"damage":6.0,"enemies":"Transient","floor":42.0,"turns":6.0},{"damage":13.0,"enemies":"4 Shapes","floor":44.0,"turns":4.0},{"damage":56.0,"enemies":"Reptomancer","floor":46.0,"turns":7.0},{"damage":96,"enemies":"Donu and Deca","floor":50,"turns":10}],"seed_played":"3871611023830295565","potions_obtained":[{"floor":1.0,"key":"Fire Potion"},{"floor":3.0,"key":"AttackPotion"},{"floor":6.0,"key":"SneckoOil"},{"floor":16.0,"key":"GamblersBrew"},{"floor":21.0,"key":"Fire Potion"},{"floor":22.0,"key":"SpeedPotion"},{"floor":23.0,"key":"AttackPotion"},{"floor":42.0,"key":"SteroidPotion"},{"floor":46.0,"key":"Regen Potion"}],"is_trial":false,"path_per_floor":["M","?","M","M","M","E","R","E","T","?","E","?","M","M","R","B",null,"M","?","$","?","M","E","R","E","T","E","?","R","$","M","R","B",null,"M","?","M","?","M","$","E","M","T","M","?","E","R","?","R","B"],"character_chosen":"DEFECT","items_purchased":["Cables","Impatience","Strength Potion","FTL","Bag of Preparation","Frozen Egg 2","Echo Form+1","Coolheaded"],"campfire_rested":0,"item_purchase_floors":[30,30,30,30,40,40,40,40],"current_hp_per_floor":[59,59,64,70,71,63,63,62,62,62,37,13,31,41,41,20,58,63,63,63,63,70,50,50,57,57,39,39,39,39,63,63,42,69,74,74,77,90,79,79,30,55,60,59,59,27,27,74,74,0],"gold":558,"neow_bonus":"REMOVE_TWO","is_prod":false,"is_daily":false,"chose_seed":false,"campfire_upgraded":6,"win_rate":0,"timestamp":1548993929,"path_taken":["M","?","M","M","M","E","R","E","T","?","E","?","M","M","R","BOSS","M","?","$","?","M","E","R","E","T","E","?","R","$","M","R","BOSS","M","?","M","?","M","$","E","M","T","M","?","E","R","?","R","BOSS"],"build_version":"2019-01-23","purchased_purges":3,"victory":false,"max_hp_per_floor":[71,71,71,71,71,71,71,71,71,71,71,71,71,71,71,71,71,71,71,71,71,71,71,71,78,78,78,78,78,78,78,78,78,78,78,78,78,90,90,90,90,90,90,90,90,90,90,74,74,74],"card_choices":[{"not_picked":["Blizzard","Double Energy"],"picked":"Self Repair","floor":1.0},{"not_picked":["Recycle","Static Discharge","Rebound"],"picked":"SKIP","floor":3.0},{"not_picked":["Redo","Sweeping Beam"],"picked":"Barrage","floor":4.0},{"not_picked":["Ball Lightning","Turbo"],"picked":"Doom and Gloom","floor":5.0},{"not_picked":["Redo","Chaos","Coolheaded"],"picked":"SKIP","floor":6.0},{"not_picked":["Hologram","Gash"],"picked":"Cold Snap","floor":8.0},{"not_picked":["Thunder Strike","Force Field","Leap"],"picked":"SKIP","floor":11.0},{"not_picked":["Leap","Fusion"],"picked":"Beam Cell","floor":13.0},{"not_picked":["Gash","Conserve Battery","Ball Lightning"],"picked":"SKIP","floor":14.0},{"not_picked":["All For One","Meteor Strike"],"picked":"Core Surge","floor":16.0},{"not_picked":["Go for the Eyes","Stack","Barrage"],"picked":"SKIP","floor":18.0},{"not_picked":["Go for the Eyes","Stack","Barrage"],"picked":"SKIP","floor":18.0},{"not_picked":["Barrage","Recycle+1"],"picked":"Conserve Battery+1","floor":22.0},{"not_picked":["Hologram","Ball Lightning"],"picked":"Chill+1","floor":23.0},{"not_picked":["Rip and Tear","Beam Cell"],"picked":"Compile Driver+1","floor":25.0},{"not_picked":["Sweeping Beam","Ball Lightning","Meteor Strike"],"picked":"SKIP","floor":27.0},{"not_picked":["Ball Lightning","Cold Snap"],"picked":"Redo","floor":31.0},{"not_picked":["Reboot","Core Surge"],"picked":"Machine Learning","floor":33.0},{"not_picked":["Force Field","Double Energy+1","Cold Snap"],"picked":"SKIP","floor":35.0},{"not_picked":["Force Field","Double Energy+1","Cold Snap"],"picked":"SKIP","floor":35.0},{"not_picked":["Barrage+1","Melter","Conserve Battery+1"],"picked":"SKIP","floor":37.0},{"not_picked":["Barrage","Lockon","Rip and Tear"],"picked":"SKIP","floor":39.0},{"not_picked":["Skim","Gash","Aggregate+1"],"picked":"SKIP","floor":41.0},{"not_picked":["Gash","Aggregate+1"],"picked":"Skim","floor":41.0},{"not_picked":["Genetic Algorithm+1","Beam Cell+1","Sunder"],"picked":"SKIP","floor":42.0},{"not_picked":["Storm+1","Hologram","Tempest"],"picked":"SKIP","floor":44.0},{"not_picked":["All For One","Sweeping Beam+1"],"picked":"Consume","floor":46.0}],"player_experience":1254548,"relics_obtained":[{"floor":6.0,"key":"Bronze Scales"},{"floor":8.0,"key":"Anchor"},{"floor":9.0,"key":"Juzu Bracelet"},{"floor":11.0,"key":"Meat on the Bone"},{"floor":23.0,"key":"Darkstone Periapt"},{"floor":25.0,"key":"Strawberry"},{"floor":26.0,"key":"Sundial"},{"floor":27.0,"key":"Old Coin"},{"floor":41.0,"key":"Centennial Puzzle"},{"floor":41.0,"key":"Nunchaku"},{"floor":46.0,"key":"Ornamental Fan"},{"floor":46.0,"key":"War Paint"}],"event_choices":[{"damage_healed":0.0,"max_hp_gain":0.0,"max_hp_loss":0.0,"gold_gain":0.0,"event_name":"World of Goop","player_choice":"Left Gold","floor":2.0,"gold_loss":20.0,"damage_taken":0.0},{"damage_healed":0.0,"max_hp_gain":0.0,"max_hp_loss":0.0,"gold_gain":0.0,"event_name":"Match and Keep!","player_choice":"0 cards matched","floor":10.0,"gold_loss":0.0,"damage_taken":0.0,"cards_obtained":[]},{"damage_healed":0.0,"max_hp_gain":0.0,"max_hp_loss":0.0,"gold_gain":0.0,"event_name":"Golden Idol","player_choice":"Take Damage","floor":12.0,"gold_loss":0.0,"damage_taken":24.0,"relics_obtained":["Golden Idol"]},{"damage_healed":0.0,"max_hp_gain":0.0,"max_hp_loss":0.0,"gold_gain":0.0,"event_name":"The Mausoleum","player_choice":"Ignored","floor":19.0,"gold_loss":0.0,"damage_taken":0.0},{"damage_healed":0.0,"max_hp_gain":0.0,"max_hp_loss":0.0,"gold_gain":0.0,"event_name":"The Woman in Blue","player_choice":"Bought 1 Potion","floor":21.0,"gold_loss":0.0,"damage_taken":0.0},{"damage_healed":0.0,"max_hp_gain":0.0,"max_hp_loss":0.0,"gold_gain":0.0,"event_name":"Forgotten Altar","player_choice":"Gave Idol","floor":28.0,"relics_lost":["Golden Idol"],"gold_loss":0.0,"damage_taken":0.0,"relics_obtained":["Bloody Idol"]},{"damage_healed":0.0,"max_hp_gain":0.0,"max_hp_loss":0.0,"gold_gain":0.0,"event_name":"SensoryStone","player_choice":"Memory 1","floor":36.0,"gold_loss":0.0,"damage_taken":0.0},{"damage_healed":0.0,"max_hp_gain":0.0,"max_hp_loss":0.0,"gold_gain":999.0,"event_name":"MindBloom","player_choice":"Gold","floor":38.0,"gold_loss":0.0,"damage_taken":0.0,"cards_obtained":["Normality","Normality"]},{"damage_healed":0.0,"max_hp_gain":0.0,"max_hp_loss":0.0,"gold_gain":0.0,"event_name":"Tomb of Lord Red Mask","player_choice":"Ignored","floor":45.0,"gold_loss":0.0,"damage_taken":0.0},{"damage_healed":74.0,"max_hp_gain":0.0,"max_hp_loss":16.0,"gold_gain":0.0,"event_name":"The Moai Head","player_choice":"Heal","floor":48.0,"gold_loss":0.0,"damage_taken":0.0}],"is_beta":true,"boss_relics":[{"not_picked":["Eternal Feather","Runic Dome"],"picked":"Nuclear Battery"},{"not_picked":["Pandora\u0027s Box","Cursed Key"],"picked":"Black Star"}],"items_purged_floors":[20,30,40],"is_endless":false,"potions_floor_spawned":[1,3,6,16,22,23,37,42,46],"killed_by":"Donu and Deca","ascension_level":20}