{"gold_per_floor":[115,115,135,148,158,158,183,183,183,183,262,262,293,48,48,119,119,137,61,73,85,99,99,114,148,148,160,172,210,222,253,265,348,360,383,407,419,431,456,468,514,526,607,619,731,743,810,1,1,1],"floor_reached":51,"playtime":2211,"items_purged":["Strike_R"],"score":1283,"play_id":"22fb7d93-c906-4404-a548-1bbecb7ed374","local_time":"20190401185348","is_ascension_mode":true,"campfire_choices":[{"data":"Bash","floor":6.0,"key":"SMITH"},{"data":"Rupture","floor":8.0,"key":"SMITH"},{"data":"Hemokinesis","floor":10.0,"key":"SMITH"},{"data":"True Grit","floor":15.0,"key":"SMITH"},{"floor":23.0,"key":"REST"},{"floor":32,"key":"REST"},{"data":"Armaments","floor":40,"key":"SMITH"},{"floor":42,"key":"REST"},{"data":"Feel No Pain","floor":46,"key":"SMITH"},{"floor":49,"key":"REST"}],"neow_cost":"NONE","seed_source_timestamp":39244013369330,"circlet_count":0,"master_deck":["AscendersBane","Bash+1","Warcry","Rupture+1","Immolate+1","Hemokinesis+1","Flame Barrier","Headbutt","Second Wind","True Grit+1","Corruption","Impervious","Feel No Pain+1","Exhume","Burning Pact","Reaper","Limit Break","Carnage","Shrug It Off","Armaments+1","Clothesline","Shrug It Off+1","Shockwave","Shrug It Off","Impervious","Shrug It Off","Body Slam+1","Flame Barrier","Heavy Blade+1","Feel No Pain","Apotheosis","Good Instincts","Intimidate"],"special_seed":0,"relics":["Burning Blood","Juzu Bracelet","Blood Vial","Bottled Flame","Singing Bowl","Pandora\u0027s Box","Turnip","MawBank","Enchiridion","Vajra","Sozu","Omamori","Dodecahedron","Nunchaku","Bird Faced Urn","Calipers","Whetstone"],"potions_floor_usage":[33],"damage_taken":[{"damage":0.0,"enemies":"2 Louse","floor":1.0,"turns":4.0},{"damage":1.0,"enemies":"Cultist","floor":3.0,"turns":3.0},{"damage":1.0,"enemies":"Small Slimes","floor":4.0,"turns":5.0},{"damage":14.0,"enemies":"Blue Slaver","floor":5.0,"turns":4.0},{"damage":18.0,"enemies":"3 Sentries","floor":7.0,"turns":5.0},{"damage":42.0,"enemies":"Lagavulin","floor":13.0,"turns":8.0},{"damage":29.0,"enemies":"Hexaghost","floor":16.0,"turns":9.0},{"damage":6.0,"enemies":"3 Byrds","floor":18.0,"turns":5.0},{"damage":30.0,"enemies":"Chosen","floor":20.0,"turns":8.0},{"damage":38.0,"enemies":"Snake Plant","floor":21.0,"turns":9.0},{"damage":4.0,"enemies":"Snecko","floor":22.0,"turns":6.0},{"damage":17.0,"enemies":"Sentry and Sphere","floor":24.0,"turns":9.0},{"damage":45,"enemies":"Gremlin Leader","floor":25,"turns":7},{"damage":15,"enemies":"Snake Plant","floor":31,"turns":7},{"damage":74,"enemies":"Automaton","floor":33,"turns":11},{"damage":0,"enemies":"Orb Walker","floor":35,"turns":4},{"damage":2,"enemies":"3 Darklings","floor":36,"turns":9},{"damage":23,"enemies":"Spire Growth","floor":39,"turns":5},{"damage":38,"enemies":"Giant Head","floor":41,"turns":10},{"damage":2,"enemies":"Mind Bloom Boss Battle","floor":45,"turns":7},{"damage":37,"enemies":"2 Orb Walkers","floor":47,"turns":4},{"damage":60,"enemies":"Awakened One","floor":50,"turns":17}],"seed_played":"-7407860777109388417","potions_obtained":[{"floor":5.0,"key":"GamblersBrew"},{"floor":16.0,"key":"Weak Potion"},{"floor":18.0,"key":"EssenceOfSteel"}],"is_trial":false,"path_per_floor":["M","?","M","M","M","R","E","R","T","R","T","?","E","$","R","B",null,"M","$","M","M","M","R","M","E","T","$","?","T","?","M","R","B",null,"M","M","?","?","M","R","E","R","T","?","?","R","?","$","R","B",null],"character_chosen":"IRONCLAD","items_purchased":["True Grit","EssenceOfSteel","Corruption","Armaments","Clothesline","Feel No Pain","Calipers","Apotheosis","Whetstone","Good Instincts","Intimidate"],"campfire_rested":4,"item_purchase_floors":[14,14,14,19,19,48,48,48,48,48,48],"current_hp_per_floor":[81,81,82,82,74,74,62,62,62,62,62,62,28,28,28,7,63,65,65,43,22,34,59,50,37,37,37,16,16,16,15,41,7,68,77,88,84,84,67,67,44,69,69,69,86,86,57,57,83,56],"gold":1,"neow_bonus":"TEN_PERCENT_HP_BONUS","is_prod":false,"is_daily":false,"chose_seed":false,"campfire_upgraded":6,"win_rate":0,"timestamp":1554170028,"path_taken":["M","?","?","M","M","R","E","R","T","R","?","?","E","$","R","BOSS","M","$","M","M","M","R","M","E","T","?","?","?","?","M","R","BOSS","M","M","?","?","M","R","E","R","T","?","?","R","?","$","R","BOSS"],"build_version":"2019-01-23","purchased_purges":1,"victory":true,"max_hp_per_floor":[82,82,82,82,82,82,82,82,82,82,82,82,82,82,82,82,82,82,82,82,84,86,86,86,86,86,86,86,86,86,88,88,88,88,88,88,84,84,84,84,84,84,84,84,86,86,88,88,88,88],"card_choices":[{"not_picked":["Body Slam","Heavy Blade"],"picked":"Iron Wave","floor":1.0},{"not_picked":["Entrench","Second Wind"],"picked":"Rupture","floor":3.0},{"not_picked":["Heavy Blade","Burning Pact"],"picked":"Immolate","floor":4.0},{"not_picked":["Perfected Strike","Flex"],"picked":"Hemokinesis","floor":5.0},{"not_picked":["Inflame","Evolve"],"picked":"Flame Barrier","floor":7.0},{"not_picked":["Seeing Red","Headbutt"],"picked":"Second Wind","floor":13.0},{"not_picked":["Berserk","Limit Break"],"picked":"Impervious","floor":16.0},{"not_picked":["Cleave","Burning Pact"],"picked":"Shrug It Off","floor":18.0},{"not_picked":["Evolve+1","Cleave+1"],"picked":"Shrug It Off+1","floor":20.0},{"not_picked":["Dual Wield","Sword Boomerang","Wild Strike"],"picked":"Singing Bowl","floor":21.0},{"not_picked":["True Grit","Intimidate","Searing Blow"],"picked":"Singing Bowl","floor":22.0},{"not_picked":["True Grit","Carnage"],"picked":"Shockwave","floor":24.0},{"not_picked":["Intimidate+1","Headbutt"],"picked":"Shrug It Off","floor":25},{"not_picked":["Armaments","Flex","Pommel Strike"],"picked":"Singing Bowl","floor":31},{"not_picked":["Barricade","Bludgeon"],"picked":"Impervious","floor":33},{"not_picked":["Perfected Strike+1","Bloodletting+1"],"picked":"Shrug It Off","floor":35},{"not_picked":["Demon Form","Perfected Strike+1"],"picked":"Body Slam","floor":36},{"not_picked":["True Grit","Clothesline"],"picked":"Flame Barrier","floor":39},{"not_picked":["Iron Wave","Clothesline"],"picked":"Heavy Blade+1","floor":41},{"not_picked":["Clash+1","Clothesline+1","True Grit"],"picked":"Singing Bowl","floor":45},{"not_picked":["Thunderclap","True Grit","Armaments"],"picked":"Singing Bowl","floor":47}],"player_experience":2404480,"relics_obtained":[{"floor":7.0,"key":"Juzu Bracelet"},{"floor":9.0,"key":"Blood Vial"},{"floor":11.0,"key":"Bottled Flame"},{"floor":13.0,"key":"Singing Bowl"},{"floor":25,"key":"Turnip"},{"floor":26,"key":"MawBank"},{"floor":28,"key":"Enchiridion"},{"floor":29,"key":"Vajra"},{"floor":41,"key":"Omamori"},{"floor":43,"key":"Dodecahedron"},{"floor":45,"key":"Nunchaku"},{"floor":47,"key":"Bird Faced Urn"}],"event_choices":[{"damage_healed":0.0,"max_hp_gain":0.0,"max_hp_loss":0.0,"gold_gain":0.0,"cards_transformed":["Strike_R"],"event_name":"Transmorgrifier","player_choice":"Transformed","floor":2.0,"gold_loss":0.0,"damage_taken":0.0,"cards_obtained":["Warcry"]},{"damage_healed":0.0,"max_hp_gain":0.0,"max_hp_loss":0.0,"gold_gain":0.0,"event_name":"Match and Keep!","player_choice":"1 cards matched","floor":12.0,"gold_loss":0.0,"damage_taken":0.0,"cards_obtained":["Headbutt"]},{"damage_healed":0,"gold_gain":0,"player_choice":"Obtained Book","damage_taken":21,"max_hp_gain":0,"max_hp_loss":0,"event_name":"Cursed Tome","floor":28,"gold_loss":0},{"cards_removed":["Iron Wave"],"damage_healed":0,"gold_gain":0,"player_choice":"Elegance","damage_taken":0,"max_hp_gain":0,"max_hp_loss":0,"event_name":"Back to Basics","floor":30,"gold_loss":0},{"damage_healed":0,"gold_gain":0,"player_choice":"Max HP","damage_taken":0,"max_hp_gain":0,"max_hp_loss":4,"event_name":"Winding Halls","floor":37,"gold_loss":0},{"cards_removed":["Ghostly Armor"],"damage_healed":0,"gold_gain":0,"player_choice":"Removed Skill","damage_taken":0,"max_hp_gain":0,"max_hp_loss":0,"event_name":"Falling","floor":38,"gold_loss":0},{"damage_healed":0,"gold_gain":0,"player_choice":"Ignored","damage_taken":0,"max_hp_gain":0,"max_hp_loss":0,"event_name":"Tomb of Lord Red Mask","floor":44,"gold_loss":0},{"damage_healed":0,"gold_gain":0,"player_choice":"Fight","damage_taken":0,"max_hp_gain":0,"max_hp_loss":0,"event_name":"MindBloom","floor":45,"gold_loss":0},{"damage_healed":0,"gold_gain":0,"player_choice":"Fight","damage_taken":0,"max_hp_gain":0,"max_hp_loss":0,"event_name":"Mysterious Sphere","floor":47,"gold_loss":0}],"is_beta":false,"boss_relics":[{"not_picked":["Runic Pyramid","Black Blood"],"picked":"Pandora\u0027s Box"},{"not_picked":["Velvet Choker","Lizard Tail"],"picked":"Sozu"}],"items_purged_floors":[14],"is_endless":false,"potions_floor_spawned":[5,16,18,39,45],"ascension_level":15}