{"gold_per_floor":[117,5,18,95,115,144,144,169,169,169,186,218,218,245,245,317,317,332,332,332,206,276,276,301,301,351,401],"floor_reached":27,"playtime":993,"items_purged":["Strike_R"],"score":450,"play_id":"14ff0421-7983-4b61-a38a-b721925e72f0","local_time":"20181114120237","is_ascension_mode":true,"campfire_choices":[{"data":"Uppercut","floor":7.0,"key":"SMITH"},{"floor":10.0,"key":"REST"},{"data":"Armaments","floor":13.0,"key":"SMITH"},{"floor":15.0,"key":"REST"},{"data":"Corruption","floor":23,"key":"SMITH"},{"floor":25,"key":"REST"}],"neow_cost":"NONE","seed_source_timestamp":14882884559001,"circlet_count":0,"master_deck":["AscendersBane","Strike_R","Strike_R","Strike_R","Strike_R","Defend_R","Defend_R","Defend_R","Defend_R","Bash","Feel No Pain","Uppercut+1","Pommel Strike","Sword Boomerang","Armaments+1","Battle Trance","Feed","Corruption+1","Sentinel"],"special_seed":0,"relics":["Burning Blood","Mango","Bird Faced Urn","WingedGreaves","Dodecahedron","Art of War","Busted Crown","SsserpentHead","Pen Nib","Blood Vial"],"potions_floor_usage":[18,24,27],"damage_taken":[{"damage":16.0,"enemies":"Jaw Worm","floor":1.0,"turns":4.0},{"damage":0.0,"enemies":"Small Slimes","floor":3.0,"turns":3.0},{"damage":6.0,"enemies":"Cultist","floor":5.0,"turns":3.0},{"damage":44.0,"enemies":"Lagavulin","floor":6.0,"turns":12.0},{"damage":20.0,"enemies":"Gremlin Nob","floor":8.0,"turns":4.0},{"damage":8.0,"enemies":"Looter","floor":11.0,"turns":2.0},{"damage":25.0,"enemies":"3 Sentries","floor":12.0,"turns":13.0},{"damage":17.0,"enemies":"Gremlin Nob","floor":14.0,"turns":4.0},{"damage":32.0,"enemies":"Slime Boss","floor":16.0,"turns":8.0},{"damage":15,"enemies":"3 Byrds","floor":18,"turns":3},{"damage":27,"enemies":"2 Thieves","floor":22,"turns":4},{"damage":28,"enemies":"Book of Stabbing","floor":24,"turns":5},{"damage":33,"enemies":"Colosseum Slavers","floor":27,"turns":6},{"damage":73,"enemies":"Colosseum Nobs","floor":27,"turns":5}],"seed_played":"-6828136247559697296","potions_obtained":[{"floor":0.0,"key":"Strength Potion"},{"floor":0.0,"key":"Dexterity Potion"},{"floor":8.0,"key":"Swift Potion"},{"floor":11.0,"key":"LiquidBronze"},{"floor":12.0,"key":"Fire Potion"},{"floor":14.0,"key":"PowerPotion"},{"floor":18,"key":"Poison Potion"}],"is_trial":false,"path_per_floor":["M","$","M","?","M","E","R","E","T","R","M","E","R","E","R","B",null,"M","?","?","$","M","R","E","R","T","?"],"character_chosen":"IRONCLAD","items_purchased":["Feel No Pain","Uppercut","PowerPotion"],"campfire_rested":3,"item_purchase_floors":[2,2,21],"current_hp_per_floor":[58,58,64,64,64,40,40,26,26,52,50,33,33,24,50,28,74,71,71,71,71,52,52,36,63,63,0],"gold":401,"neow_bonus":"THREE_SMALL_POTIONS","is_prod":false,"is_daily":false,"chose_seed":false,"campfire_upgraded":3,"win_rate":0,"timestamp":1542225757,"path_taken":["M","$","M","?","M","E","R","E","T","R","M","E","R","E","R","BOSS","M","?","?","$","?","R","E","R","T","?"],"build_version":"2018-11-08","purchased_purges":1,"victory":false,"max_hp_per_floor":[75,75,75,75,75,89,89,89,89,89,89,89,89,89,89,89,89,93,93,93,93,93,93,93,93,93,93],"card_choices":[{"not_picked":["Dropkick","Clash","Perfected Strike"],"picked":"SKIP","floor":1.0},{"not_picked":["Dropkick","Clash","Perfected Strike"],"picked":"SKIP","floor":1.0},{"not_picked":["Disarm","Thunderclap"],"picked":"Pommel Strike","floor":3.0},{"not_picked":["Blood for Blood","Thunderclap","Combust"],"picked":"SKIP","floor":5.0},{"not_picked":["Metallicize","Wild Strike"],"picked":"Sword Boomerang","floor":6.0},{"not_picked":["Combust","Bludgeon"],"picked":"Armaments","floor":8.0},{"not_picked":["Blood for Blood","Warcry"],"picked":"Battle Trance","floor":11.0},{"not_picked":["Heavy Blade","Armaments","Clothesline"],"picked":"SKIP","floor":12.0},{"not_picked":["Second Wind","Rage","Sword Boomerang"],"picked":"SKIP","floor":14.0},{"not_picked":["Berserk","Brutality"],"picked":"Feed","floor":16.0},{"not_picked":["Warcry"],"picked":"SKIP","floor":18},{"not_picked":[],"picked":"Sentinel","floor":22},{"not_picked":["Rupture"],"picked":"SKIP","floor":24}],"player_experience":1632239,"relics_obtained":[{"floor":6.0,"key":"Mango"},{"floor":8.0,"key":"Bird Faced Urn"},{"floor":9.0,"key":"WingedGreaves"},{"floor":12.0,"key":"Dodecahedron"},{"floor":14.0,"key":"Art of War"},{"floor":24,"key":"Pen Nib"},{"floor":26,"key":"Blood Vial"}],"event_choices":[{"damage_healed":0.0,"max_hp_gain":0.0,"max_hp_loss":0.0,"gold_gain":77.0,"event_name":"Golden Wing","player_choice":"Gained Gold","floor":4.0,"gold_loss":0.0,"damage_taken":0.0},{"damage_healed":0,"gold_gain":0,"player_choice":"Read","damage_taken":0,"max_hp_gain":0,"max_hp_loss":0,"event_name":"The Library","floor":19,"gold_loss":0,"cards_obtained":["Corruption"]},{"damage_healed":0,"gold_gain":0,"player_choice":"Trade","damage_taken":0,"relics_obtained":["SsserpentHead"],"max_hp_gain":0,"max_hp_loss":0,"event_name":"FaceTrader","floor":20,"gold_loss":0},{"damage_healed":0,"gold_gain":0,"player_choice":"Fight","damage_taken":0,"max_hp_gain":0,"max_hp_loss":0,"event_name":"Colosseum","floor":27,"gold_loss":0},{"damage_healed":0,"gold_gain":0,"player_choice":"Fought Nobs","damage_taken":0,"max_hp_gain":0,"max_hp_loss":0,"event_name":"Colosseum","floor":27,"gold_loss":0}],"is_beta":false,"boss_relics":[{"not_picked":["Runic Pyramid","Black Blood"],"picked":"Busted Crown"}],"items_purged_floors":[21],"is_endless":false,"potions_floor_spawned":[1,8,11,12,14,18,27],"killed_by":"Colosseum Nobs","ascension_level":15}