{"gold_per_floor":[118,131,131,131,151,151,182,182,230,230,245,270,120,138,138,216,216,230,230,40,59,69,102,102,136,181,196,246,41,41,51,51,125,125,136,156,168,168,13,42,42,42],"floor_reached":42,"playtime":1756,"items_purged":["Strike_R"],"score":883,"play_id":"1f158ec8-3619-4b58-9602-8a6782c01c0b","local_time":"20190410153846","is_ascension_mode":true,"campfire_choices":[{"data":"Armaments","floor":6.0,"key":"SMITH"},{"data":"Defend_R","floor":8.0,"key":"SMITH"},{"data":"True Grit","floor":15.0,"key":"SMITH"},{"floor":24.0,"key":"REST"},{"floor":32.0,"key":"REST"},{"floor":41,"key":"REST"}],"neow_cost":"NONE","seed_source_timestamp":114870969055179,"circlet_count":0,"master_deck":["AscendersBane","Strike_R","Strike_R","Strike_R","Strike_R","Defend_R","Defend_R","Defend_R","Defend_R+1","Bash+1","Cleave+1","Anger+1","Armaments+1","Battle Trance+1","Headbutt+1","True Grit+1","Flame Barrier","Feed+1","Flame Barrier","Heavy Blade","Exhume","Feed+1","Limit Break+1","Shrug It Off","Shockwave+1","Feel No Pain+1","True Grit"],"special_seed":0,"relics":["Burning Blood","Art of War","PreservedInsect","Strawberry","Fusion Hammer","Enchiridion","Red Skull","Juzu Bracelet","Mercury Hourglass","Centennial Puzzle","Whetstone","Eternal Feather","War Paint","Frozen Egg 2"],"potions_floor_usage":[40,42,42],"damage_taken":[{"damage":1.0,"enemies":"Small Slimes","floor":1.0,"turns":4.0},{"damage":15.0,"enemies":"2 Louse","floor":2.0,"turns":2.0},{"damage":7.0,"enemies":"Jaw Worm","floor":5.0,"turns":2.0},{"damage":21.0,"enemies":"3 Sentries","floor":7.0,"turns":7.0},{"damage":8.0,"enemies":"Exordium Wildlife","floor":11.0,"turns":4.0},{"damage":8.0,"enemies":"Gremlin Nob","floor":12.0,"turns":3.0},{"damage":4.0,"enemies":"Gremlin Gang","floor":14.0,"turns":4.0},{"damage":7.0,"enemies":"Hexaghost","floor":16.0,"turns":8.0},{"damage":0.0,"enemies":"Chosen","floor":18.0,"turns":4.0},{"damage":9.0,"enemies":"Spheric Guardian","floor":21.0,"turns":5.0},{"damage":8.0,"enemies":"Chosen and Byrds","floor":22.0,"turns":6.0},{"damage":14.0,"enemies":"Gremlin Leader","floor":23.0,"turns":6.0},{"damage":26.0,"enemies":"Slavers","floor":25.0,"turns":4.0},{"damage":4.0,"enemies":"Snake Plant","floor":27.0,"turns":4.0},{"damage":12.0,"enemies":"Cultist and Chosen","floor":31.0,"turns":6.0},{"damage":34.0,"enemies":"Automaton","floor":33.0,"turns":9.0},{"damage":44.0,"enemies":"3 Darklings","floor":35.0,"turns":7.0},{"damage":10.0,"enemies":"Orb Walker","floor":36.0,"turns":3.0},{"damage":24.0,"enemies":"Sphere and 2 Shapes","floor":37.0,"turns":6.0},{"damage":17,"enemies":"Nemesis","floor":40,"turns":4},{"damage":84,"enemies":"Giant Head","floor":42,"turns":10}],"seed_played":"-1566532969912985720","potions_obtained":[{"floor":1.0,"key":"EssenceOfSteel"},{"floor":5.0,"key":"Dexterity Potion"},{"floor":12.0,"key":"Poison Potion"},{"floor":16.0,"key":"Energy Potion"},{"floor":22.0,"key":"SteroidPotion"},{"floor":27.0,"key":"Dexterity Potion"},{"floor":33.0,"key":"PowerPotion"},{"floor":38.0,"key":"Block Potion"},{"floor":40,"key":"Fire Potion"}],"is_trial":false,"path_per_floor":["M","M","?","?","M","R","E","R","T","?","M","E","$","M","R","B",null,"M","?","$","M","M","E","R","E","T","M","?","$","?","M","R","B",null,"M","M","M","?","$","E","R","E"],"character_chosen":"IRONCLAD","items_purchased":["Flame Barrier","Red Skull","Flame Barrier","PowerPotion","Whetstone","War Paint"],"campfire_rested":3,"item_purchase_floors":[13,20,20,29,29,39],"current_hp_per_floor":[80,71,46,46,45,45,30,30,30,30,28,33,33,35,35,34,75,81,60,60,60,61,53,81,64,64,66,66,66,66,64,94,66,93,59,55,45,45,45,34,83,0],"gold":42,"neow_bonus":"TEN_PERCENT_HP_BONUS","is_prod":false,"is_daily":false,"chose_seed":false,"campfire_upgraded":3,"win_rate":0,"timestamp":1554935926,"path_taken":["M","M","?","?","M","R","E","R","T","?","M","E","$","M","R","BOSS","M","?","$","M","M","E","R","E","T","M","?","?","?","M","R","BOSS","M","M","M","?","?","E","R","E"],"build_version":"2019-01-23","purchased_purges":1,"victory":false,"max_hp_per_floor":[82,82,82,82,82,82,82,82,82,82,82,89,89,89,89,89,89,89,89,89,92,95,95,95,98,98,98,98,98,98,102,102,102,102,106,106,114,114,114,114,114,114],"card_choices":[{"not_picked":["Infernal Blade","Seeing Red"],"picked":"Cleave","floor":1.0},{"not_picked":["Iron Wave","Seeing Red"],"picked":"Anger","floor":2.0},{"not_picked":["Havoc","Body Slam"],"picked":"Armaments","floor":5.0},{"not_picked":["Berserk","Flex"],"picked":"Battle Trance","floor":7.0},{"not_picked":["Fire Breathing","Body Slam"],"picked":"Headbutt","floor":11.0},{"not_picked":["Entrench","Blood for Blood"],"picked":"True Grit","floor":12.0},{"not_picked":["Sever Soul","Body Slam","Perfected Strike"],"picked":"SKIP","floor":14.0},{"not_picked":["Juggernaut","Offering"],"picked":"Feed","floor":16.0},{"not_picked":["Flex","Iron Wave","Thunderclap"],"picked":"SKIP","floor":18.0},{"not_picked":["Body Slam","Seeing Red"],"picked":"Heavy Blade","floor":21.0},{"not_picked":["Flex","Carnage","Body Slam"],"picked":"SKIP","floor":22.0},{"not_picked":["Heavy Blade","Iron Wave","Rupture"],"picked":"SKIP","floor":23.0},{"not_picked":["Reckless Charge","Dual Wield"],"picked":"Exhume","floor":25.0},{"not_picked":["Anger","Armaments","Dual Wield"],"picked":"SKIP","floor":27.0},{"not_picked":["Havoc","Clash","Twin Strike"],"picked":"SKIP","floor":31.0},{"not_picked":["Barricade","Berserk"],"picked":"Limit Break","floor":33.0},{"not_picked":["Havoc","Flex"],"picked":"Shrug It Off","floor":35.0},{"not_picked":["Body Slam","Anger"],"picked":"Shockwave+1","floor":36.0},{"not_picked":["Ghostly Armor","Clash+1"],"picked":"Feel No Pain+1","floor":37.0},{"not_picked":["Sword Boomerang","Perfected Strike"],"picked":"True Grit","floor":40}],"player_experience":2439798,"relics_obtained":[{"floor":7.0,"key":"Art of War"},{"floor":9.0,"key":"PreservedInsect"},{"floor":12.0,"key":"Strawberry"},{"floor":19.0,"key":"Enchiridion"},{"floor":23.0,"key":"Juzu Bracelet"},{"floor":25.0,"key":"Mercury Hourglass"},{"floor":26.0,"key":"Centennial Puzzle"},{"floor":40,"key":"Frozen Egg 2"}],"event_choices":[{"damage_healed":0.0,"max_hp_gain":0.0,"max_hp_loss":0.0,"gold_gain":0.0,"event_name":"Shining Light","player_choice":"Entered Light","floor":3.0,"gold_loss":0.0,"damage_taken":25.0,"cards_upgraded":["Bash","Cleave"]},{"damage_healed":0.0,"max_hp_gain":0.0,"max_hp_loss":0.0,"gold_gain":0.0,"event_name":"Living Wall","player_choice":"Grow","floor":4.0,"gold_loss":0.0,"damage_taken":0.0,"cards_upgraded":["Anger"]},{"damage_healed":0.0,"max_hp_gain":0.0,"max_hp_loss":0.0,"gold_gain":0.0,"event_name":"Liars Game","player_choice":"Ignored","floor":10.0,"gold_loss":0.0,"damage_taken":0.0},{"damage_healed":0.0,"max_hp_gain":0.0,"max_hp_loss":0.0,"gold_gain":0.0,"event_name":"Cursed Tome","player_choice":"Obtained Book","floor":19.0,"gold_loss":0.0,"damage_taken":21.0},{"damage_healed":0.0,"max_hp_gain":0.0,"max_hp_loss":0.0,"gold_gain":50.0,"event_name":"Nest","player_choice":"Stole From Cult","floor":28.0,"gold_loss":0.0,"damage_taken":0.0},{"damage_healed":0.0,"max_hp_gain":0.0,"max_hp_loss":0.0,"gold_gain":0.0,"event_name":"Duplicator","player_choice":"Copied","floor":30.0,"gold_loss":0.0,"damage_taken":0.0,"cards_obtained":["Feed"]},{"damage_healed":0.0,"max_hp_gain":0.0,"max_hp_loss":0.0,"gold_gain":0.0,"event_name":"Lab","player_choice":"Got Potions","floor":38.0,"gold_loss":0.0,"damage_taken":0.0}],"is_beta":false,"boss_relics":[{"not_picked":["Runic Cube","Lizard Tail"],"picked":"Fusion Hammer"},{"not_picked":["Snecko Eye","White Beast Statue"],"picked":"Eternal Feather"}],"items_purged_floors":[13],"is_endless":false,"potions_floor_spawned":[1,5,12,16,18,22,23,27,31,33,40],"killed_by":"Giant Head","ascension_level":15}