{"gold_per_floor":[144,189,234,279,324,369,414,459,459,504,546,546,636,636,636,961,961,980,33,82,151,200,200,298,298,298,347,396,481,481,530,530,855,855,904,953,1002,1051,16,65,65,65,65,20,20,89,187,14,14,14],"floor_reached":51,"playtime":3422,"items_purged":["Defend_G","Defend_R"],"score":786,"play_id":"8bcc196f-b35d-405a-b7f4-2fedb9b33b99","local_time":"20190506171826","daily_mods":["Chimera","Colorless Cards","Midas"],"is_ascension_mode":false,"campfire_choices":[{"floor":12,"key":"REST"},{"floor":15,"key":"REST"},{"floor":23,"key":"REST"},{"floor":32,"key":"REST"},{"floor":42,"key":"REST"},{"floor":45,"key":"REST"},{"floor":49,"key":"REST"}],"neow_cost":"","seed_source_timestamp":0,"circlet_count":0,"master_deck":["Bash","Survivor","Strike_R","Strike_G","Strike_B","Dual Wield+1","Second Wind","Perfected Strike","Metallicize","Bandage Up","Flex+1","Perfected Strike+1","Wild Strike","Armaments+1","Twin Strike","Swift Strike","Feed","Trip+1","Pommel Strike","Forethought+1","Flame Barrier+1","Corruption","HandOfGreed","Havoc+1","Perfected Strike+1","Pommel Strike","Madness+1","Dramatic Entrance","Madness+1","Twin Strike+1","Perfected Strike","Bloodletting+1","Offering+1","Wild Strike+1","Cleave+1","Intimidate+1","Havoc+1","Bandage Up+1","Exhume+1","Armaments+1","Feel No Pain","Secret Technique+1","Bandage Up+1","Clumsy","Flex+1","Perfected Strike+1","Dramatic Entrance","Havoc+1"],"special_seed":18022,"relics":["Burning Blood","Toxic Egg 2","Odd Mushroom","Ginger","Golden Idol","Empty Cage","Red Skull","Pantograph","Regal Pillow","Letter Opener","Red Mask","Cursed Key","Shuriken","War Paint","Ice Cream","Potion Belt","Omamori"],"potions_floor_usage":[22,24,24,24,24,24,24,29,33,38,41,47],"damage_taken":[{"damage":1,"enemies":"Jaw Worm","floor":1,"turns":4},{"damage":0,"enemies":"Small Slimes","floor":2,"turns":3},{"damage":9,"enemies":"2 Louse","floor":3,"turns":4},{"damage":13,"enemies":"Large Slime","floor":4,"turns":7},{"damage":15,"enemies":"Lots of Slimes","floor":5,"turns":5},{"damage":0,"enemies":"Exordium Wildlife","floor":6,"turns":5},{"damage":6,"enemies":"Looter","floor":7,"turns":4},{"damage":5,"enemies":"Blue Slaver","floor":8,"turns":5},{"damage":8,"enemies":"Large Slime","floor":10,"turns":5},{"damage":9,"enemies":"The Mushroom Lair","floor":11,"turns":5},{"damage":13,"enemies":"3 Sentries","floor":13,"turns":7},{"damage":40,"enemies":"Slime Boss","floor":16,"turns":10},{"damage":24,"enemies":"2 Thieves","floor":18,"turns":4},{"damage":12,"enemies":"Spheric Guardian","floor":20,"turns":5},{"damage":26,"enemies":"Chosen and Byrds","floor":21,"turns":8},{"damage":18,"enemies":"Snake Plant","floor":22,"turns":4},{"damage":55,"enemies":"Gremlin Leader","floor":24,"turns":5},{"damage":14,"enemies":"Cultist and Chosen","floor":27,"turns":4},{"damage":0,"enemies":"Chosen and Byrds","floor":28,"turns":3},{"damage":6,"enemies":"Masked Bandits","floor":29,"turns":3},{"damage":10,"enemies":"Centurion and Healer","floor":31,"turns":4},{"damage":69,"enemies":"Collector","floor":33,"turns":7},{"damage":0,"enemies":"Orb Walker","floor":35,"turns":1},{"damage":19,"enemies":"3 Darklings","floor":36,"turns":4},{"damage":33,"enemies":"Spire Growth","floor":37,"turns":3},{"damage":12,"enemies":"Sphere and 2 Shapes","floor":38,"turns":5},{"damage":6,"enemies":"3 Darklings","floor":40,"turns":1},{"damage":0,"enemies":"Maw","floor":41,"turns":2},{"damage":28,"enemies":"Jaw Worm Horde","floor":46,"turns":5},{"damage":51,"enemies":"Reptomancer","floor":47,"turns":3},{"damage":82,"enemies":"Awakened One","floor":50,"turns":8}],"seed_played":"2603549402228900304","potions_obtained":[{"floor":3,"key":"BloodPotion"},{"floor":4,"key":"PowerPotion"},{"floor":7,"key":"EntropicBrew"},{"floor":10,"key":"Regen Potion"},{"floor":22,"key":"EssenceOfSteel"},{"floor":24,"key":"FearPotion"},{"floor":28,"key":"BloodPotion"},{"floor":31,"key":"Explosive Potion"},{"floor":33,"key":"Explosive Potion"},{"floor":36,"key":"GamblersBrew"},{"floor":37,"key":"Weak Potion"},{"floor":40,"key":"SmokeBomb"},{"floor":46,"key":"Strength Potion"}],"is_trial":false,"path_per_floor":["M","M","M","M","M","M","M","M","T","M","?","R","E","?","R","B",null,"M","$","M","M","M","R","E","?","T","M","M","?","?","M","R","B",null,"M","M","M","M","$","M","M","R","T","$","R","M","E","$","R","B",null],"character_chosen":"IRONCLAD","items_purchased":["Pommel Strike","Red Skull","Pantograph","Forethought+1","Flame Barrier+1","Corruption","HandOfGreed","Havoc+1","Bandage Up+1","Exhume+1","Armaments+1","Feel No Pain","Secret Technique+1","Shuriken","War Paint","Flex+1","Havoc+1","Omamori"],"campfire_rested":7,"item_purchase_floors":[19,19,19,19,19,19,19,19,39,39,39,39,39,39,39,44,48,48],"current_hp_per_floor":[80,80,77,70,61,71,75,80,80,80,77,80,77,57,80,50,80,66,66,64,51,57,81,35,35,35,34,40,52,52,52,89,30,89,89,76,49,47,47,47,53,89,89,89,89,77,45,45,87,32],"gold":14,"neow_bonus":"","is_prod":false,"is_daily":true,"chose_seed":false,"campfire_upgraded":0,"win_rate":0,"timestamp":1557155906,"path_taken":["M","M","M","M","M","M","M","M","T","M","?","R","E","?","R","BOSS","M","$","M","M","M","R","E","?","T","M","M","?","?","M","R","BOSS","M","M","M","M","$","M","M","R","T","?","R","M","E","$","R","BOSS"],"build_version":"2019-01-23","purchased_purges":2,"victory":true,"max_hp_per_floor":[80,80,80,80,80,80,80,80,80,80,80,80,80,80,80,80,80,80,80,80,83,83,83,86,86,86,89,89,89,89,89,89,89,89,89,89,89,89,89,89,89,89,89,89,89,89,92,92,92,92],"card_choices":[{"not_picked":["Wild Strike","Clothesline"],"picked":"Dual Wield","floor":1},{"not_picked":["Havoc","Flex"],"picked":"Second Wind","floor":2},{"not_picked":["Headbutt","Wild Strike"],"picked":"Perfected Strike","floor":3},{"not_picked":["Wild Strike","Twin Strike"],"picked":"Metallicize","floor":4},{"not_picked":["Brutality","Armaments"],"picked":"Bandage Up","floor":5},{"not_picked":["Havoc","Headbutt"],"picked":"Flex","floor":6},{"not_picked":["Clash","Rampage"],"picked":"Perfected Strike","floor":7},{"not_picked":["Headbutt","Sadistic Nature"],"picked":"Wild Strike","floor":8},{"not_picked":["Enlightenment+1","Heavy Blade"],"picked":"Armaments+1","floor":10},{"not_picked":["Flash of Steel","Clothesline"],"picked":"Twin Strike","floor":11},{"not_picked":["Cleave","Anger"],"picked":"Swift Strike","floor":13},{"not_picked":["Bludgeon","Panache"],"picked":"Feed","floor":16},{"not_picked":["Headbutt","Carnage"],"picked":"Trip+1","floor":18},{"not_picked":["Havoc+1","Hemokinesis"],"picked":"Perfected Strike+1","floor":20},{"not_picked":["Headbutt+1","Metallicize"],"picked":"Pommel Strike","floor":21},{"not_picked":["Uppercut","Entrench+1"],"picked":"Madness+1","floor":22},{"not_picked":["Iron Wave","Body Slam+1"],"picked":"Dramatic Entrance","floor":24},{"not_picked":["True Grit+1","Thunderclap"],"picked":"Madness+1","floor":27},{"not_picked":["Demon Form","Wild Strike"],"picked":"Twin Strike+1","floor":28},{"not_picked":["Havoc+1","Swift Strike"],"picked":"Perfected Strike","floor":29},{"not_picked":["Flex+1","Combust"],"picked":"Bloodletting+1","floor":31},{"not_picked":["Mayhem","Sadistic Nature"],"picked":"Offering+1","floor":33},{"not_picked":["Dual Wield+1","Armaments+1"],"picked":"Wild Strike+1","floor":35},{"not_picked":["Heavy Blade","Clothesline+1"],"picked":"Cleave+1","floor":36},{"not_picked":["Entrench+1","Flame Barrier+1"],"picked":"Intimidate+1","floor":37},{"not_picked":["Body Slam","True Grit+1"],"picked":"Havoc+1","floor":38},{"not_picked":["Whirlwind+1","Heavy Blade"],"picked":"Bandage Up+1","floor":40},{"not_picked":["Pummel","Iron Wave"],"picked":"Perfected Strike+1","floor":46},{"not_picked":["Thunderclap+1","Intimidate+1"],"picked":"Dramatic Entrance","floor":47}],"player_experience":63871,"relics_obtained":[{"floor":9,"key":"Toxic Egg 2"},{"floor":11,"key":"Odd Mushroom"},{"floor":13,"key":"Ginger"},{"floor":24,"key":"Regal Pillow"},{"floor":26,"key":"Letter Opener"},{"floor":29,"key":"Red Mask"},{"floor":43,"key":"Ice Cream"},{"floor":47,"key":"Potion Belt"}],"event_choices":[{"damage_healed":0,"gold_gain":0,"player_choice":"Fought Mushrooms","damage_taken":0,"max_hp_gain":0,"max_hp_loss":0,"event_name":"Mushrooms","floor":11,"gold_loss":0},{"damage_healed":0,"gold_gain":0,"player_choice":"Take Damage","damage_taken":20,"relics_obtained":["Golden Idol"],"max_hp_gain":0,"max_hp_loss":0,"event_name":"Golden Idol","floor":14,"gold_loss":0},{"damage_healed":0,"gold_gain":0,"player_choice":"Ignored","damage_taken":0,"max_hp_gain":0,"max_hp_loss":0,"event_name":"Vampires","floor":25,"gold_loss":0},{"damage_healed":0,"gold_gain":0,"player_choice":"Fought Bandits","damage_taken":0,"max_hp_gain":0,"max_hp_loss":0,"event_name":"Masked Bandits","floor":29,"gold_loss":0},{"damage_healed":0,"gold_gain":0,"player_choice":"Upgraded","damage_taken":0,"max_hp_gain":0,"max_hp_loss":0,"event_name":"Upgrade Shrine","floor":30,"gold_loss":0,"cards_upgraded":["Perfected Strike"]}],"is_beta":false,"boss_relics":[{"not_picked":["Black Star","Pandora\u0027s Box"],"picked":"Empty Cage"},{"not_picked":["Lizard Tail","Astrolabe"],"picked":"Cursed Key"}],"items_purged_floors":[19,39],"is_endless":false,"potions_floor_spawned":[3,4,7,10,22,24,28,31,33,36,37,40,41,46],"ascension_level":0}