{"gold_per_floor":[110,110,124,143,25,56,56,56],"floor_reached":8,"playtime":340,"items_purged":[],"score":59,"play_id":"faad486b-5063-4074-985e-d005f572b625","local_time":"20181207205808","is_ascension_mode":true,"campfire_choices":[],"neow_cost":"NONE","seed_source_timestamp":508919582041421,"circlet_count":0,"master_deck":["Defend_G","Defend_G","Defend_G","Defend_G","Defend_G","Strike_G","Strike_G","Strike_G","Strike_G","Survivor","Neutralize","Infinite Blades","All Out Attack","Terror","Noxious Fumes","Dodge and Roll","Caltrops"],"relics":["Philosopher\u0027s Stone","Question Card","Ice Cream"],"potions_floor_usage":[],"damage_taken":[{"damage":3,"enemies":"2 Louse","floor":1,"turns":3},{"damage":0,"enemies":"Small Slimes","floor":3,"turns":4},{"damage":0,"enemies":"Jaw Worm","floor":4,"turns":5},{"damage":20,"enemies":"Lagavulin","floor":6,"turns":7},{"damage":9,"enemies":"Gremlin Nob","floor":8,"turns":2}],"seed_played":"3972664481235924892","potions_obtained":[{"floor":1,"key":"LiquidBronze"}],"is_trial":false,"path_per_floor":["M","?","M","M","$","E","?","E"],"character_chosen":"THE_SILENT","items_purchased":["Noxious Fumes","Dodge and Roll"],"campfire_rested":0,"item_purchase_floors":[5,5],"current_hp_per_floor":[67,60,60,60,60,40,7,0],"gold":56,"neow_bonus":"BOSS_RELIC","is_prod":false,"is_daily":false,"chose_seed":false,"campfire_upgraded":0,"win_rate":0,"timestamp":1544212688,"path_taken":["M","?","M","M","$","E","?","E"],"build_version":"2018-12-06","purchased_purges":0,"victory":false,"max_hp_per_floor":[70,70,70,70,70,70,70,70],"card_choices":[{"not_picked":["Eviscerate","Dagger Throw"],"picked":"Infinite Blades","floor":1},{"not_picked":["Dagger Throw","Quick Slash"],"picked":"All Out Attack","floor":3},{"not_picked":["Blade Dance","Escape Plan"],"picked":"Terror","floor":4},{"not_picked":["Quick Slash","Outmaneuver"],"picked":"Caltrops","floor":6}],"player_experience":18448,"relics_obtained":[{"floor":6,"key":"Question Card"}],"event_choices":[{"cards_removed":["Strike_G"],"damage_healed":0,"gold_gain":0,"player_choice":"Card Removal","damage_taken":7,"max_hp_gain":0,"max_hp_loss":0,"event_name":"Golden Wing","floor":2,"gold_loss":0},{"damage_healed":0,"gold_gain":0,"player_choice":"Success","damage_taken":33,"relics_obtained":["Ice Cream"],"max_hp_gain":0,"max_hp_loss":0,"event_name":"Scrap Ooze","floor":7,"gold_loss":0}],"is_beta":true,"boss_relics":[],"items_purged_floors":[],"is_endless":false,"potions_floor_spawned":[1],"killed_by":"Gremlin Nob","ascension_level":1}