{"gold_per_floor":[109,123,123,123,123,157,157,171,198,198,218,168,168,212,212,331,331,354,368,368,348,367,367,402,402,482,525,196,196,210,230,230,350,350,364,383,407,407,425,463,463,463,489,58,58,78,102,49,49,49],"floor_reached":51,"playtime":3625,"items_purged":["Strike_B","Strike_B"],"score":1120,"play_id":"ea22b118-784c-4a0b-85cd-5c1ad69bcd4e","local_time":"20190109052358","is_ascension_mode":true,"campfire_choices":[{"data":"Buffer","floor":7.0,"key":"SMITH"},{"data":"Defragment","floor":10.0,"key":"SMITH"},{"floor":13.0,"key":"REST"},{"data":"Darkness","floor":15.0,"key":"SMITH"},{"floor":23.0,"key":"REST"},{"data":"Dualcast","floor":29.0,"key":"SMITH"},{"data":"Defragment","floor":32.0,"key":"SMITH"},{"data":"Multi-Cast","floor":41.0,"key":"SMITH"},{"data":"Redo","floor":45,"key":"SMITH"},{"floor":49,"key":"REST"}],"neow_cost":"NONE","seed_source_timestamp":19628963506915,"circlet_count":0,"master_deck":["AscendersBane","Strike_B","Strike_B","Defend_B","Defend_B","Defend_B","Defend_B","Zap+1","Dualcast+1","Conserve Battery","Sweeping Beam","Buffer+1","Dark Shackles","Double Energy","Conserve Battery","Leap","Defragment+1","Storm","Darkness+1","All For One","Coolheaded","Gash","Buffer+1","Defragment+1","Multi-Cast+1","Steam+1","Chill","Good Instincts","Electrodynamics","Reinforced Body","Redo+1","Loop","FTL","Redo"],"special_seed":0,"relics":["Cracked Core","Golden Idol","Smiling Mask","Regal Pillow","PreservedInsect","Busted Crown","Gremlin Horn","Letter Opener","Dodecahedron","Meat on the Bone","Runic Capacitor","Nuclear Battery","Darkstone Periapt","Blood Vial","Calipers"],"potions_floor_usage":[50,50],"damage_taken":[{"damage":0.0,"enemies":"Small Slimes","floor":1.0,"turns":3.0},{"damage":0.0,"enemies":"2 Louse","floor":2.0,"turns":2.0},{"damage":38.0,"enemies":"Gremlin Nob","floor":6.0,"turns":6.0},{"damage":0.0,"enemies":"Cultist","floor":8.0,"turns":4.0},{"damage":0.0,"enemies":"Blue Slaver","floor":11.0,"turns":4.0},{"damage":0.0,"enemies":"Lagavulin","floor":14.0,"turns":7.0},{"damage":17.0,"enemies":"The Guardian","floor":16.0,"turns":12.0},{"damage":22.0,"enemies":"Chosen","floor":18.0,"turns":6.0},{"damage":6.0,"enemies":"2 Thieves","floor":19.0,"turns":5.0},{"damage":2.0,"enemies":"Centurion and Healer","floor":22.0,"turns":7.0},{"damage":28.0,"enemies":"Book of Stabbing","floor":24.0,"turns":6.0},{"damage":10.0,"enemies":"Gremlin Leader","floor":27.0,"turns":5.0},{"damage":19.0,"enemies":"Sentry and Sphere","floor":30.0,"turns":6.0},{"damage":0.0,"enemies":"3 Cultists","floor":31.0,"turns":4.0},{"damage":16.0,"enemies":"Automaton","floor":33.0,"turns":7.0},{"damage":4.0,"enemies":"3 Darklings","floor":35.0,"turns":8.0},{"damage":0.0,"enemies":"Orb Walker","floor":36.0,"turns":5.0},{"damage":0.0,"enemies":"Transient","floor":37.0,"turns":5.0},{"damage":21.0,"enemies":"Jaw Worm Horde","floor":39.0,"turns":6.0},{"damage":10.0,"enemies":"Nemesis","floor":40.0,"turns":8.0},{"damage":0,"enemies":"3 Darklings","floor":46,"turns":6},{"damage":0,"enemies":"4 Shapes","floor":47,"turns":4},{"damage":72,"enemies":"Donu and Deca","floor":50,"turns":9}],"seed_played":"43612134144924794","potions_obtained":[{"floor":8.0,"key":"Weak Potion"},{"floor":14.0,"key":"Poison Potion"},{"floor":18.0,"key":"Strength Potion"},{"floor":21.0,"key":"FearPotion"},{"floor":22.0,"key":"Regen Potion"},{"floor":27.0,"key":"Block Potion"},{"floor":30.0,"key":"Fire Potion"},{"floor":33.0,"key":"Explosive Potion"},{"floor":35.0,"key":"Swift Potion"},{"floor":39.0,"key":"Ancient Potion"},{"floor":40.0,"key":"Fire Potion"}],"is_trial":false,"path_per_floor":["M","M","?","?","?","E","R","M","T","R","M","?","R","E","R","B",null,"M","M","?","?","M","R","E","?","T","E","$","R","M","M","R","B",null,"M","M","M","?","M","E","R","?","T","$","R","M","M","$","R","B",null],"character_chosen":"DEFECT","items_purchased":["Defragment","Runic Capacitor","Redo","Calipers","Loop","Redo"],"campfire_rested":3,"item_purchase_floors":[28,28,44,44,44,48],"current_hp_per_floor":[75,75,75,75,75,37,37,37,37,37,37,37,74,74,74,57,71,49,43,43,43,41,76,55,55,55,45,45,45,38,50,50,46,69,65,65,65,65,44,46,46,46,46,46,46,48,50,50,76,16],"gold":49,"neow_bonus":"TEN_PERCENT_HP_BONUS","is_prod":false,"is_daily":false,"chose_seed":false,"campfire_upgraded":7,"win_rate":0,"timestamp":1547007838,"path_taken":["M","M","?","?","?","E","R","M","T","R","?","?","R","E","R","BOSS","M","M","?","?","?","R","E","?","T","E","$","R","M","M","R","BOSS","M","M","?","?","M","E","R","?","T","$","R","?","M","?","R","BOSS"],"build_version":"2019-01-07","purchased_purges":2,"victory":true,"max_hp_per_floor":[82,82,76,76,76,76,76,76,76,76,76,76,76,76,76,76,76,76,76,76,76,76,76,76,76,76,76,76,76,76,76,76,76,76,76,76,76,76,76,76,76,76,76,76,76,76,76,76,76,76],"card_choices":[{"not_picked":["Barrage","Static Discharge"],"picked":"Conserve Battery","floor":1.0},{"not_picked":["Compile Driver","Barrage"],"picked":"Sweeping Beam","floor":2.0},{"not_picked":["Biased Cognition","Tempest"],"picked":"Leap","floor":6.0},{"not_picked":["Coolheaded","Fusion"],"picked":"Defragment","floor":8.0},{"not_picked":["Sweeping Beam","Chaos"],"picked":"Storm","floor":11.0},{"not_picked":["Doom and Gloom","White Noise"],"picked":"Darkness","floor":14.0},{"not_picked":["Meteor Strike","Fission"],"picked":"All For One","floor":16.0},{"not_picked":[],"picked":"Coolheaded","floor":18.0},{"not_picked":[],"picked":"Gash","floor":19.0},{"not_picked":["Streamline"],"picked":"SKIP","floor":22.0},{"not_picked":["Stack"],"picked":"SKIP","floor":24.0},{"not_picked":["Cold Snap"],"picked":"SKIP","floor":27.0},{"not_picked":["Stack"],"picked":"SKIP","floor":30.0},{"not_picked":["Beam Cell"],"picked":"SKIP","floor":31.0},{"not_picked":[],"picked":"Multi-Cast","floor":33.0},{"not_picked":[],"picked":"Steam+1","floor":35.0},{"not_picked":[],"picked":"Chill","floor":36.0},{"not_picked":["Sweeping Beam"],"picked":"SKIP","floor":37.0},{"not_picked":["Conserve Battery"],"picked":"SKIP","floor":39.0},{"not_picked":["Conserve Battery"],"picked":"SKIP","floor":40.0},{"not_picked":["Sweeping Beam"],"picked":"SKIP","floor":46},{"not_picked":[],"picked":"FTL","floor":47}],"player_experience":429256,"relics_obtained":[{"floor":6.0,"key":"Smiling Mask"},{"floor":9.0,"key":"Regal Pillow"},{"floor":14.0,"key":"PreservedInsect"},{"floor":24.0,"key":"Letter Opener"},{"floor":26.0,"key":"Dodecahedron"},{"floor":27.0,"key":"Meat on the Bone"},{"floor":40.0,"key":"Darkstone Periapt"},{"floor":43,"key":"Blood Vial"}],"event_choices":[{"damage_healed":0.0,"max_hp_gain":0.0,"max_hp_loss":6.0,"gold_gain":0.0,"event_name":"Golden Idol","player_choice":"Lose Max HP","floor":3.0,"gold_loss":0.0,"damage_taken":0.0,"relics_obtained":["Golden Idol"]},{"damage_healed":0.0,"max_hp_gain":0.0,"max_hp_loss":0.0,"gold_gain":0.0,"event_name":"Living Wall","player_choice":"Grow","floor":4.0,"gold_loss":0.0,"damage_taken":0.0,"cards_upgraded":["Zap"]},{"damage_healed":0.0,"max_hp_gain":0.0,"max_hp_loss":0.0,"gold_gain":0.0,"event_name":"Match and Keep!","player_choice":"4 cards matched","floor":5.0,"gold_loss":0.0,"damage_taken":0.0,"cards_obtained":["Buffer","Dark Shackles","Double Energy","Conserve Battery"]},{"damage_healed":0.0,"max_hp_gain":0.0,"max_hp_loss":0.0,"gold_gain":0.0,"event_name":"World of Goop","player_choice":"Left Gold","floor":12.0,"gold_loss":50.0,"damage_taken":0.0},{"damage_healed":0.0,"max_hp_gain":0.0,"max_hp_loss":0.0,"gold_gain":0.0,"event_name":"The Mausoleum","player_choice":"Opened","floor":20.0,"gold_loss":0.0,"damage_taken":0.0,"relics_obtained":["Gremlin Horn"]},{"damage_healed":0.0,"max_hp_gain":0.0,"max_hp_loss":0.0,"gold_gain":0.0,"event_name":"The Woman in Blue","player_choice":"Bought 1 Potion","floor":21.0,"gold_loss":0.0,"damage_taken":0.0},{"damage_healed":0.0,"max_hp_gain":0.0,"max_hp_loss":0.0,"gold_gain":0.0,"event_name":"Duplicator","player_choice":"Copied","floor":25.0,"gold_loss":0.0,"damage_taken":0.0,"cards_obtained":["Buffer"]},{"damage_healed":0.0,"max_hp_gain":0.0,"max_hp_loss":0.0,"gold_gain":0.0,"event_name":"Mysterious Sphere","player_choice":"Ignored","floor":38.0,"gold_loss":0.0,"damage_taken":0.0},{"damage_healed":0,"gold_gain":0,"player_choice":"3 cards matched","damage_taken":0,"max_hp_gain":0,"max_hp_loss":0,"event_name":"Match and Keep!","floor":42,"gold_loss":0,"cards_obtained":["Good Instincts","Electrodynamics","Reinforced Body"]}],"is_beta":true,"boss_relics":[{"not_picked":["Lizard Tail","White Beast Statue"],"picked":"Busted Crown"},{"not_picked":["Calling Bell","Runic Dome"],"picked":"Nuclear Battery"}],"items_purged_floors":[28,44],"is_endless":false,"potions_floor_spawned":[8,14,18,22,27,30,33,35,39,40],"ascension_level":12}