{"gold_per_floor":[12,23,43,60,79,79,106,106,106,117,117,117,130,55,55,133,133,143,143],"floor_reached":19,"playtime":848,"items_purged":["Strike_R"],"score":333,"play_id":"8f7c7cad-ba86-4a86-97a8-a10baa494ca5","local_time":"20190506011935","is_ascension_mode":true,"campfire_choices":[{"data":"Reaper","floor":6,"key":"SMITH"},{"data":"True Grit","floor":8,"key":"SMITH"},{"data":"Spot Weakness","floor":11,"key":"SMITH"},{"data":"Inflame","floor":15,"key":"SMITH"}],"neow_cost":"NO_GOLD","seed_source_timestamp":816834224591700,"circlet_count":0,"master_deck":["AscendersBane","Strike_R","Strike_R","Strike_R","Strike_R","Defend_R","Defend_R","Defend_R","Defend_R","Bash","Reaper+1","Pommel Strike","Spot Weakness+1","True Grit+1","Twin Strike","Inflame+1","Carnage","Immolate","Armaments+1"],"relics":["Burning Blood","Question Card","Matryoshka","Runic Cube"],"potions_floor_usage":[5,7,16],"damage_taken":[{"damage":12,"enemies":"Cultist","floor":1,"turns":4},{"damage":15,"enemies":"2 Louse","floor":2,"turns":3},{"damage":14,"enemies":"Small Slimes","floor":3,"turns":4},{"damage":17,"enemies":"2 Fungi Beasts","floor":4,"turns":4},{"damage":19,"enemies":"Large Slime","floor":5,"turns":5},{"damage":21,"enemies":"3 Sentries","floor":7,"turns":8},{"damage":14,"enemies":"Exordium Wildlife","floor":10,"turns":6},{"damage":16,"enemies":"3 Louse","floor":13,"turns":3},{"damage":54,"enemies":"Slime Boss","floor":16,"turns":9},{"damage":19,"enemies":"Chosen","floor":18,"turns":5},{"damage":62,"enemies":"3 Byrds","floor":19,"turns":4}],"seed_played":"-1819326801031734582","potions_obtained":[{"floor":2,"key":"Fire Potion"},{"floor":5,"key":"Fire Potion"},{"floor":7,"key":"Fire Potion"}],"is_trial":false,"path_per_floor":["M","M","M","M","M","R","E","R","T","M","R","$","M","$","R","B",null,"M","M"],"character_chosen":"IRONCLAD","items_purchased":[],"campfire_rested":0,"item_purchase_floors":[],"current_hp_per_floor":[66,65,64,53,50,50,56,56,56,58,58,58,63,63,63,23,62,49,0],"gold":143,"neow_bonus":"THREE_RARE_CARDS","is_prod":false,"is_daily":false,"chose_seed":false,"campfire_upgraded":4,"win_rate":0,"timestamp":1557094775,"path_taken":["M","?","M","M","M","R","E","R","T","M","R","$","?","$","R","BOSS","M","M"],"build_version":"2019-01-23","purchased_purges":1,"victory":false,"max_hp_per_floor":[75,75,75,75,75,75,75,75,75,75,75,75,75,75,75,75,75,75,75],"card_choices":[{"not_picked":["Brutality","Limit Break"],"picked":"Reaper","floor":0},{"not_picked":["Clash","Thunderclap"],"picked":"Pommel Strike","floor":1},{"not_picked":["Flex","Pommel Strike"],"picked":"Spot Weakness","floor":2},{"not_picked":["Perfected Strike","Wild Strike"],"picked":"True Grit","floor":3},{"not_picked":["Intimidate","Clash"],"picked":"Twin Strike","floor":4},{"not_picked":["Uppercut","Rampage"],"picked":"Inflame","floor":5},{"not_picked":["Feel No Pain","Pommel Strike","Body Slam"],"picked":"SKIP","floor":7},{"not_picked":["Intimidate","Feel No Pain","Wild Strike","Power Through"],"picked":"SKIP","floor":10},{"not_picked":["Power Through","Spot Weakness","Clash"],"picked":"Carnage","floor":13},{"not_picked":["Fiend Fire","Impervious","Dark Embrace"],"picked":"Immolate","floor":16},{"not_picked":["Headbutt+1","Perfected Strike","Pommel Strike"],"picked":"Armaments+1","floor":18}],"player_experience":378964,"relics_obtained":[{"floor":7,"key":"Question Card"},{"floor":9,"key":"Matryoshka"}],"event_choices":[],"is_beta":false,"boss_relics":[{"not_picked":["White Beast Statue","Eternal Feather"],"picked":"Runic Cube"}],"items_purged_floors":[14],"is_endless":false,"potions_floor_spawned":[2,5,7],"killed_by":"3 Byrds","ascension_level":19}