{"gold_per_floor":[115,115,115,128,53,96,96,121,145,188,211,225,225,239,239,332,332,356,19,33,46,70,70],"floor_reached":23,"playtime":835,"items_purged":["Strike_R"],"score":426,"play_id":"591387c4-6f87-4262-b8f8-2ea95011fd71","local_time":"20181130223946","is_ascension_mode":true,"campfire_choices":[{"data":"Clothesline","floor":7,"key":"SMITH"},{"data":"Inflame","floor":15,"key":"SMITH"}],"neow_cost":"NONE","seed_source_timestamp":417875299142749,"circlet_count":0,"master_deck":["AscendersBane","Strike_R","Strike_R","Strike_R","Defend_R","Defend_R","Defend_R","Defend_R","Bash","Disarm","Clothesline+1","Dual Wield","Inflame+1","Heavy Blade","Iron Wave","Spot Weakness","Warcry","Reaper","Warcry+1","Immolate","Cleave","Armaments","Pummel"],"relics":["Burning Blood","NeowsBlessing","Golden Idol","Boot","PreservedInsect","Anchor","Bag of Preparation","Coffee Dripper","Lantern"],"potions_floor_usage":[10,14,23],"damage_taken":[{"damage":0,"enemies":"Small Slimes","floor":1,"turns":1},{"damage":0,"enemies":"Jaw Worm","floor":4,"turns":1},{"damage":0,"enemies":"Gremlin Nob","floor":6,"turns":1},{"damage":3,"enemies":"Cultist","floor":8,"turns":3},{"damage":21,"enemies":"Lagavulin","floor":10,"turns":6},{"damage":4,"enemies":"Red Slaver","floor":11,"turns":4},{"damage":4,"enemies":"Blue Slaver","floor":12,"turns":5},{"damage":10,"enemies":"Lots of Slimes","floor":14,"turns":4},{"damage":35,"enemies":"Hexaghost","floor":16,"turns":11},{"damage":34,"enemies":"2 Thieves","floor":18,"turns":4},{"damage":15,"enemies":"Chosen","floor":20,"turns":5},{"damage":19,"enemies":"Centurion and Healer","floor":21,"turns":3},{"damage":46,"enemies":"3 Cultists","floor":22,"turns":5},{"damage":28,"enemies":"Gremlin Leader","floor":23,"turns":2}],"seed_played":"-1150978661022778858","potions_obtained":[{"floor":1,"key":"Energy Potion"},{"floor":4,"key":"Fire Potion"},{"floor":12,"key":"Regen Potion"},{"floor":16,"key":"Ancient Potion"},{"floor":18,"key":"Ancient Potion"},{"floor":21,"key":"Strength Potion"}],"is_trial":false,"path_per_floor":["M","?","?","M","$","E","R","M","T","E","M","M","?","M","R","B",null,"M","$","M","M","M","E"],"character_chosen":"IRONCLAD","items_purchased":["Immolate","Lantern"],"campfire_rested":0,"item_purchase_floors":[19,19],"current_hp_per_floor":[74,48,48,54,54,60,60,63,63,48,50,52,52,48,48,19,61,47,47,45,42,14,0],"gold":70,"neow_bonus":"THREE_ENEMY_KILL","is_prod":false,"is_daily":false,"chose_seed":false,"campfire_upgraded":2,"win_rate":0,"timestamp":1543613986,"path_taken":["M","?","?","?","?","E","R","M","T","E","M","M","?","?","R","BOSS","M","$","M","M","M","E"],"build_version":"2018-11-15","purchased_purges":1,"victory":false,"max_hp_per_floor":[75,75,75,75,75,75,75,75,75,75,75,75,75,75,75,75,75,75,75,75,75,75,75],"card_choices":[{"not_picked":["Combust","Intimidate"],"picked":"Disarm","floor":1},{"not_picked":["Heavy Blade","Burning Pact"],"picked":"Clothesline","floor":4},{"not_picked":["Heavy Blade","Clash"],"picked":"Dual Wield","floor":6},{"not_picked":["Blood for Blood","Clash"],"picked":"Inflame","floor":8},{"not_picked":["Barricade","Perfected Strike"],"picked":"Heavy Blade","floor":10},{"not_picked":["Fire Breathing","Combust"],"picked":"Iron Wave","floor":11},{"not_picked":["Sword Boomerang","True Grit"],"picked":"Spot Weakness","floor":12},{"not_picked":["Hemokinesis","Fire Breathing"],"picked":"Warcry","floor":14},{"not_picked":["Juggernaut","Barricade"],"picked":"Reaper","floor":16},{"not_picked":["Wild Strike","Spot Weakness"],"picked":"Warcry+1","floor":18},{"not_picked":["Thunderclap","Body Slam"],"picked":"Cleave","floor":20},{"not_picked":["Bloodletting","Warcry"],"picked":"Armaments","floor":21},{"not_picked":["Cleave","Thunderclap"],"picked":"Pummel","floor":22}],"player_experience":358287,"relics_obtained":[{"floor":6,"key":"Boot"},{"floor":9,"key":"PreservedInsect"},{"floor":10,"key":"Anchor"}],"event_choices":[{"damage_healed":0,"gold_gain":0,"player_choice":"Take Damage","damage_taken":26,"relics_obtained":["Golden Idol"],"max_hp_gain":0,"max_hp_loss":0,"event_name":"Golden Idol","floor":2,"gold_loss":0},{"cards_removed":["Strike_R"],"damage_healed":0,"gold_gain":0,"player_choice":"Card Removal","damage_taken":0,"max_hp_gain":0,"max_hp_loss":0,"event_name":"Wheel of Change","floor":3,"gold_loss":0},{"damage_healed":0,"gold_gain":0,"player_choice":"Gave Potion","damage_taken":0,"relics_obtained":["Bag of Preparation"],"max_hp_gain":0,"max_hp_loss":0,"event_name":"WeMeetAgain","floor":13,"gold_loss":0}],"is_beta":false,"boss_relics":[{"not_picked":["Philosopher\u0027s Stone","Pandora\u0027s Box"],"picked":"Coffee Dripper"}],"items_purged_floors":[5],"is_endless":false,"potions_floor_spawned":[1,4,8,12,16,18,21],"killed_by":"Gremlin Leader","ascension_level":17}