{"gold_per_floor":[109,109,120,140,215,215,240,240,240,266,266,285,285,88,88,161,161,176,176,91,91,101,101],"floor_reached":23,"playtime":607,"items_purged":["Strike_R"],"score":345,"play_id":"476c8b7e-bc70-4a21-ad2d-6855a4d6a7a7","local_time":"25611116154741","is_ascension_mode":true,"campfire_choices":[{"data":"Inflame","floor":6.0,"key":"SMITH"},{"floor":8.0,"key":"REST"},{"data":"Clothesline","floor":13.0,"key":"SMITH"},{"data":"Armaments","floor":15.0,"key":"SMITH"}],"neow_cost":"NONE","seed_source_timestamp":2731818764700,"circlet_count":0,"master_deck":["AscendersBane","Strike_R","Strike_R","Strike_R","Strike_R","Defend_R","Defend_R","Defend_R","Defend_R","Bash","Inflame+1","Dropkick","Shrug It Off","Clothesline+1","Rage","Armaments+1","Berserk","Body Slam","RitualDagger","Writhe"],"special_seed":0,"relics":["Burning Blood","NeowsBlessing","Meat on the Bone","Bottled Lightning","Happy Flower","Letter Opener","Sozu","Smiling Mask","Pantograph"],"potions_floor_usage":[],"damage_taken":[{"damage":0.0,"enemies":"Cultist","floor":1.0,"turns":1.0},{"damage":0.0,"enemies":"Jaw Worm","floor":3.0,"turns":1.0},{"damage":0.0,"enemies":"Small Slimes","floor":4.0,"turns":1.0},{"damage":40.0,"enemies":"Lagavulin","floor":7.0,"turns":6.0},{"damage":20.0,"enemies":"Gremlin Nob","floor":10.0,"turns":4.0},{"damage":4.0,"enemies":"3 Louse","floor":12.0,"turns":2.0},{"damage":19.0,"enemies":"The Guardian","floor":16.0,"turns":12.0},{"damage":32.0,"enemies":"Shell Parasite","floor":18.0,"turns":8.0},{"damage":13.0,"enemies":"Spheric Guardian","floor":22.0,"turns":4.0},{"damage":65,"enemies":"Slavers","floor":23,"turns":5}],"seed_played":"-8297619826326825063","potions_obtained":[{"floor":3.0,"key":"LiquidBronze"},{"floor":7.0,"key":"Dexterity Potion"},{"floor":10.0,"key":"Explosive Potion"}],"is_trial":false,"path_per_floor":["M","?","M","M","?","R","E","R","T","E","T","M","R","$","R","B",null,"M","?","?","?","M","E"],"character_chosen":"IRONCLAD","items_purchased":["Rage","Armaments"],"campfire_rested":1,"item_purchase_floors":[14,14],"current_hp_per_floor":[74,74,75,75,64,64,30,52,52,50,50,52,52,52,52,51,69,55,49,49,49,54,0],"gold":101,"neow_bonus":"THREE_ENEMY_KILL","is_prod":false,"is_daily":false,"chose_seed":false,"campfire_upgraded":3,"win_rate":0,"timestamp":1542358061,"path_taken":["M","?","?","M","?","R","E","R","T","E","?","M","R","?","R","BOSS","M","?","?","?","M","E"],"build_version":"2018-11-15","purchased_purges":1,"victory":false,"max_hp_per_floor":[75,75,75,75,75,75,75,75,75,75,75,75,75,75,75,75,75,75,75,75,75,75,75],"card_choices":[{"not_picked":["Flex","Warcry","Combust"],"picked":"SKIP","floor":1.0},{"not_picked":["Evolve","Headbutt","Flex"],"picked":"SKIP","floor":3.0},{"not_picked":["Thunderclap","Sword Boomerang"],"picked":"Inflame","floor":4.0},{"not_picked":["Searing Blow","Headbutt"],"picked":"Dropkick","floor":7.0},{"not_picked":["Metallicize","Fire Breathing"],"picked":"Shrug It Off","floor":10.0},{"not_picked":["Perfected Strike","Infernal Blade"],"picked":"Clothesline","floor":12.0},{"not_picked":["Juggernaut","Limit Break"],"picked":"Berserk","floor":16.0},{"not_picked":["Fire Breathing","Perfected Strike"],"picked":"Body Slam","floor":18.0},{"not_picked":["Sentinel","Dropkick","Thunderclap"],"picked":"SKIP","floor":22.0}],"player_experience":149634,"relics_obtained":[{"floor":7.0,"key":"Meat on the Bone"},{"floor":9.0,"key":"Bottled Lightning"},{"floor":10.0,"key":"Happy Flower"},{"floor":11.0,"key":"Letter Opener"}],"event_choices":[{"damage_healed":0.0,"max_hp_gain":0.0,"max_hp_loss":0.0,"gold_gain":0.0,"event_name":"Match and Keep!","player_choice":"0 cards matched","floor":2.0,"gold_loss":0.0,"damage_taken":0.0,"cards_obtained":[]},{"damage_healed":0.0,"max_hp_gain":0.0,"max_hp_loss":0.0,"gold_gain":75.0,"event_name":"World of Goop","player_choice":"Gather Gold","floor":5.0,"gold_loss":0.0,"damage_taken":11.0},{"damage_healed":0.0,"max_hp_gain":0.0,"max_hp_loss":0.0,"gold_gain":0.0,"event_name":"Nest","player_choice":"Joined the Cult","floor":19.0,"gold_loss":0.0,"damage_taken":6.0,"cards_obtained":["RitualDagger"]},{"damage_healed":0.0,"max_hp_gain":0.0,"max_hp_loss":0.0,"gold_gain":0.0,"event_name":"Addict","player_choice":"Obtained Relic","floor":20.0,"gold_loss":85.0,"damage_taken":0.0,"relics_obtained":["Smiling Mask"]},{"damage_healed":0.0,"max_hp_gain":0.0,"max_hp_loss":0.0,"gold_gain":0.0,"event_name":"The Mausoleum","player_choice":"Opened","floor":21.0,"gold_loss":0.0,"damage_taken":0.0,"relics_obtained":["Pantograph"],"cards_obtained":["Writhe"]}],"is_beta":false,"boss_relics":[{"not_picked":["Mark of Pain","Black Star"],"picked":"Sozu"}],"items_purged_floors":[14],"is_endless":false,"potions_floor_spawned":[3,7,10],"killed_by":"Slavers","ascension_level":15}