{"gold_per_floor":[16,27,41,41,54,54,93,93,120,120,161,179,203,242,242,331,331,354,354,354,328,328],"floor_reached":22,"playtime":1060,"items_purged":[],"score":361,"play_id":"ad28bad2-4513-47e2-8fcf-73d09bd820ac","local_time":"20181019210000","is_ascension_mode":true,"campfire_choices":[{"data":"Bash","floor":6,"key":"SMITH"},{"data":"True Grit","floor":8,"key":"SMITH"},{"data":"Rampage","floor":10,"key":"SMITH"},{"floor":15,"key":"REST"}],"neow_cost":"NO_GOLD","seed_source_timestamp":45593532705911,"circlet_count":0,"master_deck":["Strike_R","Strike_R","Strike_R","Strike_R","Strike_R","Defend_R","Defend_R","Defend_R","Defend_R","Bash+1","AscendersBane","Cleave","Rampage+1","True Grit+1","Pommel Strike","Flame Barrier","Shrug It Off","Reckless Charge","True Grit","Exhume","Clothesline+1","Ghostly Armor"],"relics":["Burning Blood","Golden Idol","Potion Belt","Art of War","Vajra","Dead Branch","Lizard Tail"],"potions_floor_usage":[5,7,11,20],"damage_taken":[{"damage":0,"enemies":"Small Slimes","floor":1,"turns":3},{"damage":7,"enemies":"Jaw Worm","floor":2,"turns":5},{"damage":6,"enemies":"2 Louse","floor":3,"turns":2},{"damage":2,"enemies":"Gremlin Gang","floor":5,"turns":4},{"damage":19,"enemies":"Gremlin Nob","floor":7,"turns":4},{"damage":20,"enemies":"Lagavulin","floor":11,"turns":7},{"damage":5,"enemies":"2 Fungi Beasts","floor":12,"turns":4},{"damage":8,"enemies":"3 Louse","floor":13,"turns":3},{"damage":20,"enemies":"3 Sentries","floor":14,"turns":8},{"damage":40,"enemies":"The Guardian","floor":16,"turns":13},{"damage":25,"enemies":"Shell Parasite","floor":18,"turns":14},{"damage":19,"enemies":"Colosseum Slavers","floor":20,"turns":6},{"damage":28,"enemies":"2 Thieves","floor":21,"turns":5},{"damage":78,"enemies":"3 Cultists","floor":22,"turns":5}],"seed_played":"6799828190310912756","potions_obtained":[{"floor":1,"key":"EssenceOfSteel"},{"floor":2,"key":"Block Potion"},{"floor":5,"key":"Block Potion"},{"floor":7,"key":"Ancient Potion"},{"floor":14,"key":"Poison Potion"}],"is_trial":false,"path_per_floor":["M","M","M","?","M","R","E","R","T","R","E","M","M","E","R","B",null,"M","?","?","M"],"character_chosen":"IRONCLAD","items_purchased":[],"campfire_rested":1,"item_purchase_floors":[],"current_hp_per_floor":[88,87,87,56,60,60,47,47,47,47,33,34,32,18,44,10,69,50,50,37,15,0],"gold":328,"neow_bonus":"TWENTY_PERCENT_HP_BONUS","is_prod":false,"is_daily":false,"chose_seed":false,"campfire_upgraded":3,"win_rate":0,"timestamp":1540008000,"path_taken":["M","M","M","?","M","R","E","R","T","R","E","M","M","E","R","BOSS","M","?","?","M","?"],"build_version":"2018-10-18","purchased_purges":0,"victory":false,"max_hp_per_floor":[89,89,89,89,89,89,89,89,89,89,89,89,89,89,89,89,89,89,89,89,89,89],"card_choices":[{"not_picked":["Sever Soul","Combust"],"picked":"Cleave","floor":1},{"not_picked":["Cleave","Corruption","Seeing Red"],"picked":"SKIP","floor":2},{"not_picked":["Pummel","Searing Blow"],"picked":"Rampage","floor":3},{"not_picked":["Corruption","Entrench"],"picked":"True Grit","floor":5},{"not_picked":["Flex","Dual Wield"],"picked":"Pommel Strike","floor":7},{"not_picked":["Clothesline","Thunderclap"],"picked":"Flame Barrier","floor":11},{"not_picked":["Armaments","Blood for Blood"],"picked":"Shrug It Off","floor":12},{"not_picked":["Shrug It Off","Havoc"],"picked":"Reckless Charge","floor":13},{"not_picked":["Headbutt","Clothesline"],"picked":"True Grit","floor":14},{"not_picked":["Barricade","Limit Break"],"picked":"Exhume","floor":16},{"not_picked":["Heavy Blade","Evolve"],"picked":"Clothesline+1","floor":18},{"not_picked":["Headbutt","Havoc"],"picked":"Ghostly Armor","floor":21}],"player_experience":1399190,"relics_obtained":[{"floor":7,"key":"Potion Belt"},{"floor":9,"key":"Art of War"},{"floor":11,"key":"Vajra"},{"floor":14,"key":"Dead Branch"}],"event_choices":[{"damage_healed":0,"gold_gain":0,"player_choice":"Take Damage","damage_taken":31,"relics_obtained":["Golden Idol"],"max_hp_gain":0,"max_hp_loss":0,"event_name":"Golden Idol","floor":4,"gold_loss":0},{"damage_healed":0,"gold_gain":0,"player_choice":"Ignored","damage_taken":0,"max_hp_gain":0,"max_hp_loss":0,"event_name":"The Mausoleum","floor":19,"gold_loss":0},{"damage_healed":0,"gold_gain":0,"player_choice":"Fight","damage_taken":0,"max_hp_gain":0,"max_hp_loss":0,"event_name":"Colosseum","floor":20,"gold_loss":0},{"damage_healed":0,"gold_gain":0,"player_choice":"Fled From Nobs","damage_taken":0,"max_hp_gain":0,"max_hp_loss":0,"event_name":"Colosseum","floor":20,"gold_loss":0}],"is_beta":false,"boss_relics":[{"not_picked":["Calling Bell","Black Blood"],"picked":"Lizard Tail"}],"items_purged_floors":[],"is_endless":false,"potions_floor_spawned":[1,2,5,7,14],"killed_by":"3 Cultists","ascension_level":15}