{"gold_per_floor":[112,127,143,143,19,19,76,76,99,113,4,104,124,151,151,151],"floor_reached":16,"playtime":1247,"items_purged":["Strike_R"],"score":171,"play_id":"0d24788b-1f75-449b-937b-ecf8710cb725","local_time":"20190415213733","is_ascension_mode":true,"campfire_choices":[{"data":"Evolve","floor":6,"key":"SMITH"},{"data":"True Grit","floor":8,"key":"SMITH"},{"floor":15,"key":"REST"}],"neow_cost":"NONE","seed_source_timestamp":303486381441400,"circlet_count":0,"master_deck":["AscendersBane","Strike_R","Strike_R","Strike_R","Defend_R","Defend_R","Defend_R","Defend_R","Bash","Battle Trance","Evolve+1","True Grit+1","Cleave","Spot Weakness","Fiend Fire","Flame Barrier","Whirlwind","Shrug It Off"],"relics":["Burning Blood","Tiny Chest","Juzu Bracelet","Orichalcum"],"potions_floor_usage":[7,14,16],"damage_taken":[{"damage":13,"enemies":"Cultist","floor":1,"turns":6},{"damage":6,"enemies":"2 Louse","floor":2,"turns":4},{"damage":3,"enemies":"Jaw Worm","floor":3,"turns":5},{"damage":23,"enemies":"Gremlin Nob","floor":7,"turns":4},{"damage":12,"enemies":"Red Slaver","floor":10,"turns":4},{"damage":10,"enemies":"Large Slime","floor":13,"turns":5},{"damage":6,"enemies":"3 Sentries","floor":14,"turns":6},{"damage":60,"enemies":"Slime Boss","floor":16,"turns":13}],"seed_played":"-6577194345723289056","potions_obtained":[{"floor":2,"key":"GamblersBrew"},{"floor":3,"key":"Dexterity Potion"},{"floor":14,"key":"Dexterity Potion"}],"is_trial":false,"path_per_floor":["M","M","M","?","$","R","E","R","T","M","$","?","M","E","R","B"],"character_chosen":"IRONCLAD","items_purchased":["Cleave","Spot Weakness","Whirlwind"],"campfire_rested":1,"item_purchase_floors":[5,5,11],"current_hp_per_floor":[65,65,68,60,60,60,43,43,43,37,37,37,33,33,57,0],"gold":151,"neow_bonus":"REMOVE_CARD","is_prod":false,"is_daily":false,"chose_seed":false,"campfire_upgraded":2,"win_rate":0,"timestamp":1555353453,"path_taken":["M","M","M","?","$","R","E","R","T","M","?","?","M","E","R","BOSS"],"build_version":"2019-01-23","purchased_purges":1,"victory":false,"max_hp_per_floor":[80,80,80,80,80,80,80,80,80,80,80,80,80,80,80,80],"card_choices":[{"not_picked":["Flex","Perfected Strike"],"picked":"Battle Trance","floor":1},{"not_picked":["Sever Soul","Clothesline"],"picked":"Evolve","floor":2},{"not_picked":["Havoc","Sword Boomerang"],"picked":"True Grit","floor":3},{"not_picked":["Body Slam","Dark Embrace"],"picked":"Fiend Fire","floor":7},{"not_picked":["Sword Boomerang","Reckless Charge"],"picked":"Flame Barrier","floor":10},{"not_picked":["Burning Pact","Iron Wave"],"picked":"Shrug It Off","floor":13},{"not_picked":["Thunderclap","Entrench","Iron Wave"],"picked":"SKIP","floor":14}],"player_experience":262995,"relics_obtained":[{"floor":7,"key":"Tiny Chest"},{"floor":9,"key":"Juzu Bracelet"},{"floor":14,"key":"Orichalcum"}],"event_choices":[{"damage_healed":0,"gold_gain":0,"player_choice":"Damaged","damage_taken":8,"max_hp_gain":0,"max_hp_loss":0,"event_name":"Wheel of Change","floor":4,"gold_loss":0},{"damage_healed":0,"gold_gain":100,"player_choice":"Pray","damage_taken":0,"max_hp_gain":0,"max_hp_loss":0,"event_name":"Golden Shrine","floor":12,"gold_loss":0}],"is_beta":false,"boss_relics":[],"items_purged_floors":[11],"is_endless":false,"potions_floor_spawned":[2,3,14],"killed_by":"Slime Boss","ascension_level":11}