{"gold_per_floor":[99,99,24,24,24,24,24,24,24,24,24,24,24,24,24,24,24,0,0,0,0,0,0,0,0,0,0,0,0,0,0,0,0,0,0,0,0,0,0,0,0,0,0,0,0,0,0,0,0,0,0],"floor_reached":51,"playtime":2886,"items_purged":["Strike_B"],"score":1670,"play_id":"cf57971c-61d7-4c12-a899-42540b7c5c86","local_time":"20181227005846","is_ascension_mode":true,"campfire_choices":[{"data":"Sunder","floor":6.0,"key":"SMITH"},{"floor":10.0,"key":"REST"},{"data":"Hologram","floor":15.0,"key":"SMITH"},{"data":"Beam Cell","floor":23.0,"key":"SMITH"},{"data":"Biased Cognition","floor":27.0,"key":"SMITH"},{"data":"Rainbow","floor":32.0,"key":"SMITH"},{"floor":40.0,"key":"REST"},{"floor":42.0,"key":"REST"},{"data":"Redo","floor":46.0,"key":"SMITH"},{"floor":49.0,"key":"REST"}],"neow_cost":"NONE","seed_source_timestamp":2961469155610,"circlet_count":0,"master_deck":["AscendersBane","Zap","Dualcast","Compile Driver+1","Leap","Sunder+1","Beam Cell+1","Hologram+1","Core Surge","Cold Snap","Biased Cognition+1","BootSequence","Cold Snap","Barrage","FTL","Reinforced Body","Machine Learning","Redo+1","Decay","Ball Lightning","Rainbow+1","Coolheaded+1","Echo Form","Turbo+1","All For One","Capacitor+1","Conserve Battery+1","Glacier","Go for the Eyes"],"special_seed":0,"relics":["Ectoplasm","Bag of Preparation","Darkstone Periapt","Nunchaku","Oddly Smooth Stone","Regal Pillow","Nloth\u0027s Gift","Sundial","Boot","Bronze Scales","The Courier","Orrery","Unceasing Top","Red Mask","Dodecahedron","Toxic Egg 2","Shovel"],"potions_floor_usage":[50,51],"damage_taken":[{"damage":1.0,"enemies":"2 Louse","floor":1.0,"turns":3.0},{"damage":7.0,"enemies":"Jaw Worm","floor":4.0,"turns":3.0},{"damage":1.0,"enemies":"Cultist","floor":5.0,"turns":3.0},{"damage":3.0,"enemies":"Exordium Wildlife","floor":7.0,"turns":3.0},{"damage":21.0,"enemies":"Lagavulin","floor":8.0,"turns":6.0},{"damage":8.0,"enemies":"Gremlin Nob","floor":12.0,"turns":3.0},{"damage":0.0,"enemies":"Lagavulin","floor":14.0,"turns":5.0},{"damage":15.0,"enemies":"Hexaghost","floor":16.0,"turns":9.0},{"damage":0.0,"enemies":"2 Thieves","floor":18.0,"turns":4.0},{"damage":0.0,"enemies":"Spheric Guardian","floor":20.0,"turns":4.0},{"damage":0.0,"enemies":"Cultist and Chosen","floor":21.0,"turns":5.0},{"damage":0.0,"enemies":"3 Cultists","floor":22.0,"turns":4.0},{"damage":0.0,"enemies":"Slavers","floor":25.0,"turns":4.0},{"damage":10.0,"enemies":"Snake Plant","floor":28.0,"turns":4.0},{"damage":16.0,"enemies":"Gremlin Leader","floor":29.0,"turns":6.0},{"damage":6.0,"enemies":"Shelled Parasite and Fungi","floor":30.0,"turns":3.0},{"damage":0.0,"enemies":"Book of Stabbing","floor":31.0,"turns":4.0},{"damage":27.0,"enemies":"Collector","floor":33.0,"turns":8.0},{"damage":33.0,"enemies":"3 Darklings","floor":35.0,"turns":5.0},{"damage":0.0,"enemies":"Mind Bloom Boss Battle","floor":36.0,"turns":7.0},{"damage":0.0,"enemies":"Orb Walker","floor":37.0,"turns":4.0},{"damage":46.0,"enemies":"Reptomancer","floor":41.0,"turns":7.0},{"damage":9.0,"enemies":"Transient","floor":44.0,"turns":6.0},{"damage":4.0,"enemies":"3 Darklings","floor":45.0,"turns":5.0},{"damage":23.0,"enemies":"Nemesis","floor":47.0,"turns":7.0},{"damage":16.0,"enemies":"4 Shapes","floor":48.0,"turns":4.0},{"damage":13,"enemies":"Awakened One","floor":50,"turns":13},{"damage":34,"enemies":"Time Eater","floor":51,"turns":2}],"seed_played":"-4476636469634776875","potions_obtained":[{"floor":12.0,"key":"SkillPotion"},{"floor":18.0,"key":"Energy Potion"},{"floor":20.0,"key":"AttackPotion"},{"floor":22.0,"key":"AttackPotion"},{"floor":25.0,"key":"Poison Potion"},{"floor":30.0,"key":"Fire Potion"},{"floor":35.0,"key":"AttackPotion"},{"floor":37.0,"key":"AttackPotion"},{"floor":44.0,"key":"AttackPotion"},{"floor":45.0,"key":"Poison Potion"}],"is_trial":false,"path_per_floor":["M","?","$","M","M","R","M","E","T","R","$","E","T","E","R","B",null,"M","?","M","M","M","R","?","E","T","R","M","E","M","E","R","B",null,"M","?","M","?","?","R","E","R","T","M","M","R","E","M","R","B","B"],"character_chosen":"DEFECT","items_purchased":[],"campfire_rested":4,"item_purchase_floors":[],"current_hp_per_floor":[63,42,42,35,34,34,31,10,10,31,31,23,23,23,23,8,55,55,61,61,61,61,61,61,61,61,61,51,35,29,29,29,2,58,25,25,25,25,25,63,17,55,55,46,42,42,19,3,41,28,0],"gold":0,"neow_bonus":"BOSS_RELIC","is_prod":false,"is_daily":false,"chose_seed":false,"campfire_upgraded":6,"win_rate":0,"timestamp":1545843526,"path_taken":["M","?","$","M","M","R","M","E","T","R","$","E","?","E","R","BOSS","M","?","M","M","M","R","?","E","T","R","M","E","?","E","R","BOSS","M","?","M","?","?","R","E","R","T","M","M","R","E","?","R","BOSS","BOSS"],"build_version":"2018-12-20","purchased_purges":1,"victory":false,"max_hp_per_floor":[71,71,71,71,71,71,71,71,71,71,71,71,71,71,71,71,71,71,77,77,77,77,77,77,77,77,77,77,77,77,77,77,77,77,77,77,77,77,77,77,77,77,77,77,77,77,77,77,77,77,77],"card_choices":[{"not_picked":["Redo","Stack"],"picked":"Compile Driver","floor":1.0},{"not_picked":["Barrage","Sweeping Beam"],"picked":"Leap","floor":4.0},{"not_picked":["Double Energy","Sweeping Beam"],"picked":"Sunder","floor":5.0},{"not_picked":["Chill","White Noise"],"picked":"Beam Cell","floor":7.0},{"not_picked":["Sweeping Beam","Go for the Eyes"],"picked":"Hologram","floor":8.0},{"not_picked":["Hello World","Amplify"],"picked":"Core Surge","floor":12.0},{"not_picked":["Gash","White Noise"],"picked":"Cold Snap","floor":14.0},{"not_picked":["Meteor Strike","Amplify"],"picked":"Biased Cognition","floor":16.0},{"not_picked":["Stack","Streamline","Gash"],"picked":"SKIP","floor":18.0},{"not_picked":["Genetic Algorithm","Force Field","Go for the Eyes"],"picked":"SKIP","floor":20.0},{"not_picked":["Auto Shields","Coolheaded"],"picked":"Ball Lightning","floor":21.0},{"not_picked":["Fusion","Gash","Double Energy"],"picked":"SKIP","floor":22.0},{"not_picked":["Fusion","Gash","Double Energy"],"picked":"SKIP","floor":22.0},{"not_picked":["Fusion","Gash","Double Energy"],"picked":"SKIP","floor":22.0},{"not_picked":["Meteor Strike","Turbo"],"picked":"Rainbow","floor":25.0},{"not_picked":["Redo","Gash"],"picked":"Coolheaded","floor":28.0},{"not_picked":["Steam","Leap"],"picked":"Echo Form","floor":29.0},{"not_picked":["Go for the Eyes","Scrape+1"],"picked":"Turbo+1","floor":30.0},{"not_picked":["Conserve Battery","Barrage","Rebound"],"picked":"SKIP","floor":31.0},{"not_picked":["Echo Form","Core Surge"],"picked":"All For One","floor":33.0},{"not_picked":["Leap","Static Discharge"],"picked":"Capacitor+1","floor":34.0},{"not_picked":["FTL","Coolheaded"],"picked":"Conserve Battery+1","floor":34.0},{"not_picked":["Sunder","Scrape"],"picked":"Glacier","floor":35.0},{"not_picked":["Leap","Go for the Eyes","Stack"],"picked":"SKIP","floor":37.0},{"not_picked":["Sweeping Beam","Machine Learning","Rebound"],"picked":"SKIP","floor":41.0},{"not_picked":["Force Field+1","Hologram+1","Turbo+1"],"picked":"SKIP","floor":44.0},{"not_picked":["Conserve Battery+1","Aggregate+1","Echo Form"],"picked":"SKIP","floor":45.0},{"not_picked":["Thunder Strike","Reinforced Body+1","Turbo+1"],"picked":"SKIP","floor":47.0},{"not_picked":["Blizzard+1","Gash+1"],"picked":"Go for the Eyes","floor":48.0}],"player_experience":2458406,"relics_obtained":[{"floor":8.0,"key":"Bag of Preparation"},{"floor":9.0,"key":"Darkstone Periapt"},{"floor":12.0,"key":"Nunchaku"},{"floor":13.0,"key":"Oddly Smooth Stone"},{"floor":14.0,"key":"Regal Pillow"},{"floor":25.0,"key":"Sundial"},{"floor":26.0,"key":"Boot"},{"floor":29.0,"key":"Bronze Scales"},{"floor":31.0,"key":"The Courier"},{"floor":36.0,"key":"Unceasing Top"},{"floor":41.0,"key":"Dodecahedron"},{"floor":43.0,"key":"Toxic Egg 2"},{"floor":47.0,"key":"Shovel"}],"event_choices":[{"damage_healed":0.0,"max_hp_gain":0.0,"max_hp_loss":0.0,"gold_gain":0.0,"event_name":"Shining Light","player_choice":"Entered Light","floor":2.0,"gold_loss":0.0,"damage_taken":21.0,"cards_upgraded":["Compile Driver","Strike_B"]},{"damage_healed":0.0,"max_hp_gain":0.0,"max_hp_loss":0.0,"gold_gain":0.0,"event_name":"Forgotten Altar","player_choice":"Smashed Altar","floor":19.0,"gold_loss":0.0,"damage_taken":0.0,"cards_obtained":["Decay"]},{"damage_healed":0.0,"max_hp_gain":0.0,"max_hp_loss":0.0,"gold_gain":0.0,"event_name":"N\u0027loth","player_choice":"Traded Relic","floor":24.0,"relics_lost":["Pandora\u0027s Box"],"gold_loss":0.0,"damage_taken":0.0,"relics_obtained":["Nloth\u0027s Gift"]},{"damage_healed":0.0,"max_hp_gain":0.0,"max_hp_loss":0.0,"gold_gain":0.0,"event_name":"MindBloom","player_choice":"Fight","floor":36.0,"gold_loss":0.0,"damage_taken":0.0},{"damage_healed":0.0,"max_hp_gain":0.0,"max_hp_loss":0.0,"gold_gain":0.0,"event_name":"Tomb of Lord Red Mask","player_choice":"Paid","floor":38.0,"gold_loss":0.0,"damage_taken":0.0,"relics_obtained":["Red Mask"]},{"damage_healed":0.0,"max_hp_gain":0.0,"max_hp_loss":0.0,"gold_gain":0.0,"event_name":"Accursed Blacksmith","player_choice":"Forge","floor":39.0,"gold_loss":0.0,"damage_taken":0.0,"cards_upgraded":["Coolheaded"]}],"is_beta":false,"boss_relics":[{"not_picked":["Black Star","Calling Bell"],"picked":"Pandora\u0027s Box"},{"not_picked":["Busted Crown","Sozu"],"picked":"Orrery"}],"items_purged_floors":[3],"is_endless":false,"potions_floor_spawned":[12,18,20,22,25,30,35,37,44,45,48],"killed_by":"Time Eater","ascension_level":20}