{"gold_per_floor":[212,24,34,34,59,59,75,109,109,35,54,75,75,250,250,250],"floor_reached":16,"playtime":590,"items_purged":["Strike_G"],"score":128,"play_id":"43eb0c07-56f9-4e62-9b1b-6947268a2e64","local_time":"20180719221113","is_ascension_mode":true,"campfire_choices":[{"data":"Bouncing Flask","floor":6,"key":"SMITH"},{"floor":15,"key":"REST"}],"neow_cost":"NONE","seed_source_timestamp":51766232782216,"circlet_count":0,"master_deck":["Defend_G","Defend_G","Defend_G","Defend_G","Defend_G","Strike_G","Strike_G","Strike_G","Strike_G","Survivor","Neutralize","Bouncing Flask+1","Catalyst+1","Flechettes","Poisoned Stab","Poisoned Stab","Deadly Poison","Dodge and Roll","Die Die Die","Riddle With Holes","Doubt"],"relics":["Ring of the Snake","Golden Idol","Vajra","Matryoshka"],"potions_floor_usage":[8,16],"damage_taken":[{"damage":11,"enemies":"Jaw Worm","floor":1,"turns":9},{"damage":0,"enemies":"2 Louse","floor":3,"turns":2},{"damage":0,"enemies":"Cultist","floor":5,"turns":3},{"damage":1,"enemies":"Red Slaver","floor":7,"turns":4},{"damage":19,"enemies":"3 Sentries","floor":8,"turns":7},{"damage":0,"enemies":"Looter","floor":11,"turns":3},{"damage":0,"enemies":"2 Fungi Beasts","floor":12,"turns":2},{"damage":43,"enemies":"Slime Boss","floor":16,"turns":8}],"seed_played":"3110071033510260232","potions_obtained":[{"floor":1,"key":"Weak Potion"},{"floor":5,"key":"Block Potion"},{"floor":7,"key":"Poison Potion"}],"is_trial":false,"path_per_floor":["M","$","M","?","M","R","M","E","T","$","M","M","?","?","R"],"character_chosen":"THE_SILENT","items_purchased":["Catalyst","Flechettes","Die Die Die"],"campfire_rested":1,"item_purchase_floors":[2,2,10],"current_hp_per_floor":[59,59,59,42,42,42,41,22,22,22,22,22,22,22,43,0],"gold":250,"neow_bonus":"HUNDRED_GOLD","is_prod":false,"is_daily":false,"chose_seed":false,"campfire_upgraded":1,"win_rate":0,"timestamp":1532031073,"path_taken":["M","$","M","?","M","R","?","E","T","?","M","M","?","?","R","BOSS"],"build_version":"2018-07-12","purchased_purges":1,"victory":false,"max_hp_per_floor":[70,70,70,70,70,70,70,70,70,70,70,70,70,70,70,70],"card_choices":[{"not_picked":["Masterful Stab","Dagger Throw"],"picked":"Bouncing Flask","floor":1},{"not_picked":["Sucker Punch","Underhanded Strike"],"picked":"Poisoned Stab","floor":3},{"not_picked":["Bane","Calculated Gamble"],"picked":"Poisoned Stab","floor":5},{"not_picked":["Choke","Bane"],"picked":"Deadly Poison","floor":7},{"not_picked":["Finisher","Caltrops"],"picked":"Dodge and Roll","floor":8},{"not_picked":["Sucker Punch","Terror"],"picked":"Riddle With Holes","floor":11},{"not_picked":["Backstab","Quick Slash","Dagger Spray"],"picked":"SKIP","floor":12}],"player_experience":164116,"relics_obtained":[{"floor":8,"key":"Vajra"},{"floor":9,"key":"Matryoshka"}],"event_choices":[{"event_name":"Golden Idol","player_choice":"Take Damage","floor":4,"damage_taken":0},{"event_name":"Living Wall","player_choice":"Grow","floor":13,"damage_taken":0},{"event_name":"Liars Game","player_choice":"agreed","floor":14,"damage_taken":0}],"boss_relics":[],"items_purged_floors":[2],"is_endless":false,"potions_floor_spawned":[1,5,7],"killed_by":"Slime Boss","ascension_level":5}