{"gold_per_floor":[110,124,137,137,156,156,175,100,123,154,154,165,165,175,175,175],"floor_reached":16,"playtime":556,"items_purged":["Pain"],"score":203,"play_id":"9d240683-1c87-490e-9f53-d27285f2498e","local_time":"20190428223802","is_ascension_mode":true,"campfire_choices":[{"data":"Flame Barrier","floor":6,"key":"SMITH"},{"data":"Entrench","floor":11,"key":"SMITH"},{"floor":13,"key":"REST"},{"floor":15,"key":"REST"}],"neow_cost":"PERCENT_DAMAGE","seed_source_timestamp":202634213374700,"circlet_count":0,"master_deck":["AscendersBane","Strike_R","Strike_R","Strike_R","Strike_R","Strike_R","Defend_R","Defend_R","Defend_R","Defend_R","Bash","Cleave","Iron Wave","Flame Barrier+1","Rampage","Disarm","Entrench+1","Spot Weakness","Shrug It Off"],"relics":["Burning Blood","Ice Cream","WarpedTongs","Regal Pillow"],"potions_floor_usage":[10,14,16,16],"damage_taken":[{"damage":6,"enemies":"Cultist","floor":1,"turns":3},{"damage":9,"enemies":"Jaw Worm","floor":2,"turns":4},{"damage":0,"enemies":"2 Louse","floor":3,"turns":2},{"damage":1,"enemies":"Lots of Slimes","floor":5,"turns":2},{"damage":14,"enemies":"Blue Slaver","floor":7,"turns":4},{"damage":25,"enemies":"3 Sentries","floor":10,"turns":6},{"damage":21,"enemies":"Gremlin Gang","floor":12,"turns":4},{"damage":11,"enemies":"Large Slime","floor":14,"turns":6},{"damage":76,"enemies":"Slime Boss","floor":16,"turns":9}],"seed_played":"-3525487381882868192","potions_obtained":[{"floor":2,"key":"LiquidBronze"},{"floor":5,"key":"SteroidPotion"},{"floor":12,"key":"LiquidBronze"},{"floor":14,"key":"SkillPotion"}],"is_trial":false,"path_per_floor":["M","M","M","?","M","R","M","$","T","E","R","M","R","M","R","B"],"character_chosen":"IRONCLAD","items_purchased":[],"campfire_rested":2,"item_purchase_floors":[],"current_hp_per_floor":[50,47,53,53,58,58,50,50,50,31,31,16,53,48,75,0],"gold":175,"neow_bonus":"ONE_RARE_RELIC","is_prod":false,"is_daily":false,"chose_seed":false,"campfire_upgraded":2,"win_rate":0,"timestamp":1556480282,"path_taken":["M","M","?","?","?","R","M","$","T","E","R","M","R","M","R","BOSS"],"build_version":"2019-01-23","purchased_purges":1,"victory":false,"max_hp_per_floor":[75,75,75,75,75,75,75,75,75,75,75,75,75,75,75,75],"card_choices":[{"not_picked":["Perfected Strike","Combust"],"picked":"Cleave","floor":1},{"not_picked":["Clash","Body Slam"],"picked":"Iron Wave","floor":2},{"not_picked":["Iron Wave","Twin Strike"],"picked":"Flame Barrier","floor":3},{"not_picked":["Reckless Charge","Heavy Blade"],"picked":"Rampage","floor":5},{"not_picked":["Hemokinesis","Anger"],"picked":"Disarm","floor":7},{"not_picked":["Cleave","Sword Boomerang"],"picked":"Entrench","floor":10},{"not_picked":["Headbutt","Iron Wave"],"picked":"Spot Weakness","floor":12},{"not_picked":["Sword Boomerang","Clash"],"picked":"Shrug It Off","floor":14}],"player_experience":354122,"relics_obtained":[{"floor":10,"key":"Regal Pillow"}],"event_choices":[{"damage_healed":0,"gold_gain":0,"player_choice":"Rummage","damage_taken":0,"relics_obtained":["WarpedTongs"],"max_hp_gain":0,"max_hp_loss":0,"event_name":"Accursed Blacksmith","floor":4,"gold_loss":0,"cards_obtained":["Pain"]}],"is_beta":false,"boss_relics":[],"items_purged_floors":[8],"is_endless":false,"potions_floor_spawned":[2,5,12,14],"killed_by":"Slime Boss","ascension_level":19}