{"gold_per_floor":[112,15,32,32,32,32,32,61,108,108,162,182,214,230,230,230],"floor_reached":16,"playtime":595,"items_purged":["Parasite"],"score":189,"play_id":"8e83fdd7-9add-415c-81bb-b495912fd295","local_time":"20181007193111","is_ascension_mode":true,"campfire_choices":[{"data":"Bash","floor":6,"key":"SMITH"},{"floor":10,"key":"REST"},{"floor":15,"key":"REST"}],"neow_cost":"CURSE","seed_source_timestamp":43880165518080,"circlet_count":0,"master_deck":["Strike_R","Strike_R","Strike_R","Strike_R","Strike_R","Defend_R","Defend_R","Defend_R","Defend_R","Bash+1","AscendersBane","Limit Break","Cleave","Iron Wave","Clothesline+1","Shockwave","Warcry","True Grit","True Grit"],"relics":["Burning Blood","Dead Branch","Molten Egg 2","Centennial Puzzle","Omamori","Art of War"],"potions_floor_usage":[8,16],"damage_taken":[{"damage":6,"enemies":"Cultist","floor":1,"turns":3},{"damage":23,"enemies":"Jaw Worm","floor":3,"turns":6},{"damage":30,"enemies":"3 Sentries","floor":8,"turns":7},{"damage":2,"enemies":"2 Louse","floor":12,"turns":3},{"damage":37,"enemies":"Lagavulin","floor":13,"turns":10},{"damage":7,"enemies":"Blue Slaver","floor":14,"turns":4},{"damage":40,"enemies":"Slime Boss","floor":16,"turns":8}],"seed_played":"1127148399807771156","potions_obtained":[{"floor":3,"key":"SteroidPotion"},{"floor":12,"key":"EssenceOfSteel"},{"floor":13,"key":"Block Potion"}],"is_trial":false,"path_per_floor":["M","$","M","?","?","R","?","E","T","R","T","M","E","M","R"],"character_chosen":"IRONCLAD","items_purchased":["Iron Wave"],"campfire_rested":2,"item_purchase_floors":[2],"current_hp_per_floor":[68,68,51,51,51,51,46,22,22,43,43,47,16,15,36,0],"gold":230,"neow_bonus":"THREE_RARE_CARDS","is_prod":false,"is_daily":false,"chose_seed":false,"campfire_upgraded":1,"win_rate":0,"timestamp":1538965871,"path_taken":["M","$","M","?","?","R","?","E","T","R","?","M","E","M","R","BOSS"],"build_version":"2018-10-04v2","purchased_purges":1,"victory":false,"max_hp_per_floor":[75,72,72,72,72,72,72,72,72,72,72,72,72,72,72,72],"card_choices":[{"not_picked":["Dark Embrace","Juggernaut"],"picked":"Limit Break","floor":0},{"not_picked":["Wild Strike","Fire Breathing"],"picked":"Cleave","floor":1},{"not_picked":["Perfected Strike","Shrug It Off"],"picked":"Clothesline","floor":3},{"not_picked":["Evolve","Sentinel"],"picked":"Shockwave","floor":8},{"not_picked":["Body Slam+1","Twin Strike+1"],"picked":"Warcry","floor":12},{"not_picked":["Infernal Blade","Thunderclap+1"],"picked":"True Grit","floor":13},{"not_picked":["Dropkick+1","Cleave+1"],"picked":"True Grit","floor":14}],"player_experience":1293504,"relics_obtained":[{"floor":8,"key":"Molten Egg 2"},{"floor":9,"key":"Centennial Puzzle"},{"floor":11,"key":"Omamori"},{"floor":13,"key":"Art of War"}],"event_choices":[{"event_name":"Upgrade Shrine","player_choice":"Upgraded","floor":4,"damage_taken":0},{"event_name":"Liars Game","player_choice":"disagreed","floor":5,"damage_taken":0},{"event_name":"Scrap Ooze","player_choice":"success","floor":7,"damage_taken":5}],"is_beta":false,"boss_relics":[],"items_purged_floors":[2],"is_endless":false,"potions_floor_spawned":[3,12,13],"killed_by":"Slime Boss","ascension_level":15}