{"gold_per_floor":[109,125,144,144,144,144,179,179,179,179,179,195,229,1,1,1],"floor_reached":16,"playtime":488,"items_purged":[],"score":189,"play_id":"38d6ab02-bf03-413c-ad29-050c1b00c979","local_time":"20181104201944","is_ascension_mode":true,"campfire_choices":[{"data":"Bash","floor":6,"key":"SMITH"},{"data":"True Grit","floor":8,"key":"SMITH"},{"data":"Disarm","floor":11,"key":"SMITH"},{"data":"Armaments","floor":15,"key":"SMITH"}],"neow_cost":"NONE","seed_source_timestamp":96277571697058,"circlet_count":0,"master_deck":["AscendersBane","Strike_R","Strike_R","Strike_R","Strike_R","Defend_R","Defend_R","Defend_R","Defend_R","Bash+1","Reaper","Pommel Strike","Disarm+1","Anger","True Grit+1","Feel No Pain","Armaments+1","Exhume"],"relics":["Burning Blood","Singing Bowl","Question Card","Letter Opener","Kunai","Strawberry"],"potions_floor_usage":[13],"damage_taken":[{"damage":5,"enemies":"Small Slimes","floor":1,"turns":4},{"damage":14,"enemies":"Jaw Worm","floor":2,"turns":4},{"damage":1,"enemies":"Cultist","floor":3,"turns":3},{"damage":38,"enemies":"Gremlin Nob","floor":7,"turns":5},{"damage":19,"enemies":"3 Louse","floor":12,"turns":3},{"damage":18,"enemies":"Lagavulin","floor":13,"turns":9},{"damage":49,"enemies":"Slime Boss","floor":16,"turns":11}],"seed_played":"-8010249871884669657","potions_obtained":[{"floor":3,"key":"Regen Potion"},{"floor":10,"key":"BloodPotion"}],"is_trial":false,"path_per_floor":["M","M","M","?","?","R","E","R","T","?","R","M","E","$","R","B"],"character_chosen":"IRONCLAD","items_purchased":["Exhume","Strawberry"],"campfire_rested":0,"item_purchase_floors":[14,14],"current_hp_per_floor":[75,73,75,75,70,70,42,42,42,42,42,41,36,43,43,0],"gold":1,"neow_bonus":"TRANSFORM_CARD","is_prod":false,"is_daily":false,"chose_seed":false,"campfire_upgraded":4,"win_rate":0,"timestamp":1541391584,"path_taken":["M","M","M","?","?","R","E","R","T","?","R","?","E","$","R","BOSS"],"build_version":"2018-11-01","purchased_purges":0,"victory":false,"max_hp_per_floor":[75,75,75,75,75,75,75,75,75,75,75,75,75,82,82,82],"card_choices":[{"not_picked":["Headbutt","Iron Wave"],"picked":"Pommel Strike","floor":1},{"not_picked":["True Grit","Clash"],"picked":"Disarm","floor":2},{"not_picked":["Flex","Headbutt"],"picked":"Anger","floor":3},{"not_picked":["Hemokinesis","Thunderclap"],"picked":"True Grit","floor":7},{"not_picked":["Perfected Strike","Infernal Blade","Anger"],"picked":"Feel No Pain","floor":12},{"not_picked":["Anger","Pommel Strike","Shockwave"],"picked":"Armaments","floor":13}],"player_experience":1583032,"relics_obtained":[{"floor":7,"key":"Question Card"},{"floor":9,"key":"Letter Opener"},{"floor":13,"key":"Kunai"}],"event_choices":[{"damage_healed":0,"gold_gain":0,"player_choice":"Ignored","damage_taken":0,"max_hp_gain":0,"max_hp_loss":0,"event_name":"Liars Game","floor":4,"gold_loss":0},{"damage_healed":0,"gold_gain":0,"player_choice":"Success","damage_taken":5,"relics_obtained":["Singing Bowl"],"max_hp_gain":0,"max_hp_loss":0,"event_name":"Scrap Ooze","floor":5,"gold_loss":0},{"damage_healed":0,"gold_gain":0,"player_choice":"Got Potions","damage_taken":0,"max_hp_gain":0,"max_hp_loss":0,"event_name":"Lab","floor":10,"gold_loss":0}],"is_beta":false,"boss_relics":[],"items_purged_floors":[],"is_endless":false,"potions_floor_spawned":[3,12],"killed_by":"Slime Boss","ascension_level":15}