{"gold_per_floor":[215,390,401,239,257,257,286,286,310,339,356,356,375,400,400,498,498,510,306,326,251,325,325,358,458,458,478,511,172,172,190,190,285,285,296,296,296,336,353,353,387,387,413,430,132,149,199,239,239,264],"floor_reached":51,"playtime":2252,"items_purged":["Doubt","Strike_R","Doubt"],"score":840,"play_id":"bd144b7c-3ec9-4ae8-a60a-62ac01ed2537","local_time":"20190509013012","is_ascension_mode":false,"campfire_choices":[{"data":"Uppercut","floor":6,"key":"SMITH"},{"data":"Armaments","floor":12,"key":"SMITH"},{"data":"Perfected Strike","floor":15,"key":"SMITH"},{"data":"Immolate","floor":23,"key":"SMITH"},{"data":"Uppercut","floor":32,"key":"SMITH"},{"data":"Inflame","floor":40,"key":"SMITH"},{"data":"Demon Form","floor":49,"key":"SMITH"}],"neow_cost":"NONE","seed_source_timestamp":418950863954900,"circlet_count":0,"master_deck":["Strike_R","Strike_R","Strike_R","Defend_R","Defend_R","Defend_R","Defend_R","Bash","Uppercut+1","Iron Wave","Headbutt","Combust","Pommel Strike","Shrug It Off","Perfected Strike+1","Armaments+1","Perfected Strike+1","Inflame+1","Immolate+1","Warcry+1","Headbutt","Uppercut+1","Spot Weakness+1","Inflame","Shrug It Off","Demon Form+1","Pommel Strike+1","PanicButton","HandOfGreed","Spot Weakness+1","Madness","Madness","Headbutt"],"relics":["Burning Blood","Oddly Smooth Stone","Smiling Mask","Pocketwatch","Boot","Sozu","Anchor","Meat on the Bone","Art of War","Shovel","Kunai","Pear","Ancient Tea Set","Gremlin Horn","Cursed Key","Juzu Bracelet","Bronze Scales","Singing Bowl","Lantern"],"potions_floor_usage":[10,13,50,50,50],"damage_taken":[{"damage":1,"enemies":"Cultist","floor":1,"turns":4},{"damage":3,"enemies":"2 Louse","floor":3,"turns":3},{"damage":0,"enemies":"Small Slimes","floor":5,"turns":3},{"damage":21,"enemies":"Lagavulin","floor":7,"turns":6},{"damage":12,"enemies":"3 Sentries","floor":10,"turns":6},{"damage":5,"enemies":"Exordium Thugs","floor":11,"turns":5},{"damage":10,"enemies":"Large Slime","floor":13,"turns":4},{"damage":8,"enemies":"Lagavulin","floor":14,"turns":6},{"damage":33,"enemies":"Hexaghost","floor":16,"turns":10},{"damage":20,"enemies":"2 Thieves","floor":18,"turns":3},{"damage":0,"enemies":"Chosen","floor":20,"turns":3},{"damage":9,"enemies":"Slavers","floor":24,"turns":3},{"damage":2,"enemies":"Colosseum Slavers","floor":25,"turns":2},{"damage":14,"enemies":"Colosseum Nobs","floor":25,"turns":4},{"damage":0,"enemies":"Snake Plant","floor":27,"turns":2},{"damage":5,"enemies":"Book of Stabbing","floor":28,"turns":4},{"damage":0,"enemies":"Centurion and Healer","floor":31,"turns":4},{"damage":59,"enemies":"Automaton","floor":33,"turns":8},{"damage":0,"enemies":"3 Shapes","floor":35,"turns":5},{"damage":3,"enemies":"3 Darklings","floor":38,"turns":5},{"damage":15,"enemies":"Writhing Mass","floor":39,"turns":4},{"damage":7,"enemies":"Reptomancer","floor":41,"turns":4},{"damage":0,"enemies":"Jaw Worm Horde","floor":44,"turns":4},{"damage":1,"enemies":"Transient","floor":46,"turns":5},{"damage":26,"enemies":"Giant Head","floor":47,"turns":7},{"damage":3,"enemies":"Spire Growth","floor":48,"turns":4},{"damage":54,"enemies":"Awakened One","floor":50,"turns":11}],"seed_played":"-6988242088497325666","potions_obtained":[{"floor":1,"key":"BloodPotion"},{"floor":5,"key":"LiquidBronze"},{"floor":11,"key":"Explosive Potion"},{"floor":13,"key":"Explosive Potion"},{"floor":16,"key":"Dexterity Potion"}],"is_trial":false,"path_per_floor":["M","?","M","$","M","R","E","?","T","E","M","R","M","E","R","B",null,"M","$","M","?","T","R","E","?","T","M","E","$","?","M","R","B",null,"M","?","?","M","M","R","E","?","T","M","$","M","E","M","R","B",null],"character_chosen":"IRONCLAD","items_purchased":["Headbutt","Combust","Anchor","Gremlin Horn","Inflame","Singing Bowl"],"campfire_rested":0,"item_purchase_floors":[4,4,19,29,29,45],"current_hp_per_floor":[80,80,80,80,80,80,65,65,65,59,60,60,56,54,54,27,80,66,66,72,72,72,72,69,65,75,81,82,82,82,88,88,47,90,90,80,80,83,74,74,73,62,62,68,68,75,57,62,62,35],"gold":264,"neow_bonus":"HUNDRED_GOLD","is_prod":false,"is_daily":false,"chose_seed":false,"campfire_upgraded":7,"win_rate":1,"timestamp":1557390612,"path_taken":["M","?","M","$","M","R","E","?","T","E","?","R","M","E","R","BOSS","M","$","M","?","?","R","E","?","T","?","E","?","?","M","R","BOSS","M","?","?","M","M","R","E","?","T","M","$","M","E","M","R","BOSS"],"build_version":"2019-01-23","purchased_purges":3,"victory":true,"max_hp_per_floor":[80,80,80,80,80,80,80,80,80,80,80,80,80,80,80,80,80,80,80,80,80,80,80,80,80,90,90,90,90,90,90,90,90,90,90,90,90,90,90,90,90,90,90,90,90,92,94,96,96,96],"card_choices":[{"not_picked":["Rupture","Sentinel"],"picked":"Uppercut","floor":1},{"not_picked":["Dual Wield","Entrench"],"picked":"Iron Wave","floor":3},{"not_picked":["Pummel","Iron Wave"],"picked":"Pommel Strike","floor":5},{"not_picked":["Clash","Corruption"],"picked":"Shrug It Off","floor":7},{"not_picked":["Whirlwind","Pommel Strike"],"picked":"Perfected Strike","floor":10},{"not_picked":["Infernal Blade","Anger"],"picked":"Armaments","floor":11},{"not_picked":["Flex","Rampage"],"picked":"Perfected Strike","floor":13},{"not_picked":["Clash","Combust"],"picked":"Inflame","floor":14},{"not_picked":["Exhume","Barricade"],"picked":"Immolate","floor":16},{"not_picked":["Combust","Wild Strike"],"picked":"Warcry+1","floor":18},{"not_picked":["Searing Blow","Combust","Rampage"],"picked":"SKIP","floor":20},{"not_picked":["Thunderclap+1","Intimidate"],"picked":"Headbutt","floor":24},{"not_picked":["Sword Boomerang","Heavy Blade"],"picked":"Uppercut","floor":25},{"not_picked":["Evolve","Headbutt"],"picked":"Spot Weakness+1","floor":27},{"not_picked":["Sentinel","Anger","Havoc+1"],"picked":"SKIP","floor":28},{"not_picked":["Headbutt","Combust"],"picked":"Shrug It Off","floor":31},{"not_picked":["Brutality","Barricade"],"picked":"Demon Form","floor":33},{"not_picked":["Armaments","Blood for Blood+1"],"picked":"Pommel Strike+1","floor":35},{"not_picked":["The Bomb","Sadistic Nature"],"picked":"PanicButton","floor":36},{"not_picked":["PanicButton","Dramatic Entrance"],"picked":"HandOfGreed","floor":36},{"not_picked":["Anger+1","Perfected Strike","Sword Boomerang"],"picked":"SKIP","floor":38},{"not_picked":["Anger+1","Perfected Strike","Sword Boomerang"],"picked":"SKIP","floor":38},{"not_picked":["Searing Blow","Wild Strike","Pommel Strike"],"picked":"SKIP","floor":39},{"not_picked":["Headbutt+1","Cleave"],"picked":"Spot Weakness+1","floor":41},{"not_picked":["Perfected Strike","Iron Wave+1"],"picked":"Headbutt","floor":44},{"not_picked":["Flex+1","Clash","True Grit"],"picked":"Singing Bowl","floor":46},{"not_picked":["Second Wind","Sword Boomerang","Double Tap"],"picked":"Singing Bowl","floor":47},{"not_picked":["Blood for Blood","Heavy Blade+1","True Grit+1"],"picked":"Singing Bowl","floor":48}],"player_experience":765835,"relics_obtained":[{"floor":7,"key":"Oddly Smooth Stone"},{"floor":9,"key":"Smiling Mask"},{"floor":10,"key":"Pocketwatch"},{"floor":14,"key":"Boot"},{"floor":22,"key":"Meat on the Bone"},{"floor":24,"key":"Art of War"},{"floor":25,"key":"Shovel"},{"floor":25,"key":"Kunai"},{"floor":26,"key":"Pear"},{"floor":28,"key":"Ancient Tea Set"},{"floor":41,"key":"Juzu Bracelet"},{"floor":43,"key":"Bronze Scales"},{"floor":47,"key":"Lantern"}],"event_choices":[{"damage_healed":0,"gold_gain":175,"player_choice":"AGREE","damage_taken":0,"max_hp_gain":0,"max_hp_loss":0,"event_name":"Liars Game","floor":2,"gold_loss":0,"cards_obtained":["Doubt"]},{"damage_healed":0,"gold_gain":0,"player_choice":"Ignored","damage_taken":0,"max_hp_gain":0,"max_hp_loss":0,"event_name":"NoteForYourself","floor":8,"gold_loss":0},{"cards_removed":["Strike_R"],"damage_healed":0,"gold_gain":0,"player_choice":"Gave Gold","damage_taken":0,"max_hp_gain":0,"max_hp_loss":0,"event_name":"Beggar","floor":21,"gold_loss":75},{"damage_healed":0,"gold_gain":0,"player_choice":"Fight","damage_taken":0,"max_hp_gain":0,"max_hp_loss":0,"event_name":"Colosseum","floor":25,"gold_loss":0},{"damage_healed":0,"gold_gain":0,"player_choice":"Fought Nobs","damage_taken":0,"max_hp_gain":0,"max_hp_loss":0,"event_name":"Colosseum","floor":25,"gold_loss":0},{"damage_healed":0,"gold_gain":0,"player_choice":"Bought 0 Potions","damage_taken":0,"max_hp_gain":0,"max_hp_loss":0,"event_name":"The Woman in Blue","floor":30,"gold_loss":0},{"damage_healed":0,"gold_gain":0,"player_choice":"Memory 3","damage_taken":10,"max_hp_gain":0,"max_hp_loss":0,"event_name":"SensoryStone","floor":36,"gold_loss":0},{"damage_healed":0,"gold_gain":0,"player_choice":"Upgraded","damage_taken":0,"max_hp_gain":0,"max_hp_loss":0,"event_name":"Upgrade Shrine","floor":37,"gold_loss":0,"cards_upgraded":["Perfected Strike"]},{"damage_healed":0,"gold_gain":0,"player_choice":"Embrace Madness","damage_taken":11,"max_hp_gain":0,"max_hp_loss":0,"event_name":"Winding Halls","floor":42,"gold_loss":0,"cards_obtained":["Madness","Madness"]}],"is_beta":false,"boss_relics":[{"not_picked":["Philosopher\u0027s Stone","Fusion Hammer"],"picked":"Sozu"},{"not_picked":["Lizard Tail","Calling Bell"],"picked":"Cursed Key"}],"items_purged_floors":[4,19,45],"is_endless":false,"potions_floor_spawned":[1,5,11,13,16,20,28,31,41,44,46,48],"ascension_level":0}