{"gold_per_floor":[110,110,10,27,40,40,59,73,127,70,99,109,109,123,123,199,199,209,55,55,68,68,97,97,97,144,176,176,208,239,239,239,239],"floor_reached":33,"playtime":1027,"items_purged":["Strike_G","Strike_G"],"score":756,"play_id":"1bcf5086-7c74-4ca1-b75e-4c42f9e6b32f","local_time":"20190403225805","is_ascension_mode":true,"campfire_choices":[{"data":"Neutralize","floor":6.0,"key":"SMITH"},{"data":"Finisher","floor":13.0,"key":"SMITH"},{"data":"Terror","floor":15.0,"key":"SMITH"},{"floor":24.0,"key":"REST"},{"data":"Footwork","floor":28.0,"key":"SMITH"},{"data":"Acrobatics","floor":32,"key":"SMITH"}],"neow_cost":"NONE","seed_source_timestamp":2280279805500,"circlet_count":0,"master_deck":["AscendersBane","Defend_G","Defend_G","Defend_G","Defend_G","Defend_G","Strike_G","Survivor","Neutralize+1","Heel Hook","Quick Slash","Finisher+1","Terror+1","Adrenaline","Glass Knife","Leg Sweep+1","Decay","Heel Hook","Choke","Escape Plan","Footwork+1","Backflip","Acrobatics+1"],"special_seed":0,"relics":["Ring of the Snake","Strawberry","Paper Crane","Art of War","Regal Pillow","Runic Dome","Juzu Bracelet","Vajra","Matryoshka","Red Mask","StoneCalendar","Lantern"],"potions_floor_usage":[29,30],"damage_taken":[{"damage":1.0,"enemies":"Small Slimes","floor":1.0,"turns":4.0},{"damage":0.0,"enemies":"Jaw Worm","floor":4.0,"turns":5.0},{"damage":0.0,"enemies":"Cultist","floor":5.0,"turns":3.0},{"damage":0.0,"enemies":"Looter","floor":7.0,"turns":4.0},{"damage":0.0,"enemies":"Large Slime","floor":8.0,"turns":4.0},{"damage":17.0,"enemies":"Gremlin Nob","floor":11.0,"turns":4.0},{"damage":0.0,"enemies":"3 Louse","floor":12.0,"turns":1.0},{"damage":0.0,"enemies":"2 Fungi Beasts","floor":14.0,"turns":3.0},{"damage":0.0,"enemies":"Slime Boss","floor":16.0,"turns":2.0},{"damage":11.0,"enemies":"2 Thieves","floor":18.0,"turns":4.0},{"damage":5.0,"enemies":"Chosen","floor":21.0,"turns":5.0},{"damage":33.0,"enemies":"Slavers","floor":23.0,"turns":8.0},{"damage":0.0,"enemies":"Book of Stabbing","floor":27.0,"turns":3.0},{"damage":0,"enemies":"Masked Bandits","floor":29,"turns":2},{"damage":13,"enemies":"Slavers","floor":30,"turns":3},{"damage":39,"enemies":"Collector","floor":33,"turns":6}],"seed_played":"-7385802412744103077","potions_obtained":[{"floor":7.0,"key":"SmokeBomb"},{"floor":8.0,"key":"Regen Potion"},{"floor":11.0,"key":"Explosive Potion"},{"floor":14.0,"key":"Ancient Potion"},{"floor":23.0,"key":"GamblersBrew"},{"floor":27.0,"key":"SkillPotion"}],"is_trial":false,"path_per_floor":["M","?","$","M","M","R","M","M","T","$","E","M","R","M","R","B",null,"M","$","?","M","?","E","R","?","T","E","R","?","E","T","R","B"],"character_chosen":"THE_SILENT","items_purchased":["Quick Slash","SteroidPotion","AttackPotion"],"campfire_rested":1,"item_purchase_floors":[3,10,19],"current_hp_per_floor":[65,47,47,47,47,47,47,47,47,47,42,42,42,42,42,42,65,54,54,54,49,49,16,52,52,52,52,52,52,39,39,39,0],"gold":239,"neow_bonus":"RANDOM_COMMON_RELIC","is_prod":false,"is_daily":false,"chose_seed":false,"campfire_upgraded":5,"win_rate":0,"timestamp":1554303485,"path_taken":["M","?","?","M","M","R","M","?","T","$","E","?","R","M","R","BOSS","M","$","?","M","?","E","R","?","T","E","R","?","E","?","R","BOSS"],"build_version":"2019-01-23","purchased_purges":2,"victory":false,"max_hp_per_floor":[73,73,73,73,73,73,73,73,73,73,73,73,73,73,73,73,73,73,73,73,73,73,73,73,73,73,73,73,73,73,73,73,73],"card_choices":[{"not_picked":["Outmaneuver","Deflect"],"picked":"Heel Hook","floor":1.0},{"not_picked":["Skewer","Sucker Punch","Quick Slash"],"picked":"SKIP","floor":4.0},{"not_picked":["Quick Slash","Crippling Poison"],"picked":"Finisher","floor":5.0},{"not_picked":["Deadly Poison","Poisoned Stab"],"picked":"Terror","floor":7.0},{"not_picked":["Eviscerate","Sucker Punch","PiercingWail"],"picked":"SKIP","floor":8.0},{"not_picked":["Dodge and Roll","Deadly Poison","Crippling Poison"],"picked":"SKIP","floor":11.0},{"not_picked":["Reflex","Leg Sweep","Deflect"],"picked":"SKIP","floor":12.0},{"not_picked":["Deflect","Dagger Throw"],"picked":"Adrenaline","floor":14.0},{"not_picked":["Unload","Storm of Steel"],"picked":"Glass Knife","floor":16.0},{"not_picked":["Quick Slash","Slice"],"picked":"Leg Sweep+1","floor":18.0},{"not_picked":["Sucker Punch","Dagger Throw","Blade Dance"],"picked":"SKIP","floor":21.0},{"not_picked":["Outmaneuver","Bane"],"picked":"Heel Hook","floor":23.0},{"not_picked":["Tactician","Distraction"],"picked":"Footwork","floor":27.0},{"not_picked":["Concentrate","Die Die Die"],"picked":"Backflip","floor":29},{"not_picked":["Setup","Deadly Poison"],"picked":"Acrobatics","floor":30}],"player_experience":2917931,"relics_obtained":[{"floor":9.0,"key":"Art of War"},{"floor":11.0,"key":"Regal Pillow"},{"floor":23.0,"key":"Juzu Bracelet"},{"floor":26.0,"key":"Vajra"},{"floor":27.0,"key":"Matryoshka"},{"floor":29,"key":"Red Mask"},{"floor":30,"key":"StoneCalendar"},{"floor":31,"key":"Lantern"}],"event_choices":[{"damage_healed":0.0,"max_hp_gain":0.0,"max_hp_loss":0.0,"gold_gain":0.0,"event_name":"Scrap Ooze","player_choice":"Success","floor":2.0,"gold_loss":0.0,"damage_taken":18.0,"relics_obtained":["Paper Crane"]},{"damage_healed":0.0,"max_hp_gain":0.0,"max_hp_loss":0.0,"gold_gain":0.0,"event_name":"Beggar","player_choice":"Ignored","floor":20.0,"gold_loss":0.0,"damage_taken":0.0},{"damage_healed":0.0,"max_hp_gain":0.0,"max_hp_loss":0.0,"gold_gain":0.0,"event_name":"Forgotten Altar","player_choice":"Smashed Altar","floor":22.0,"gold_loss":0.0,"damage_taken":0.0,"cards_obtained":["Decay"]},{"damage_healed":0.0,"max_hp_gain":0.0,"max_hp_loss":0.0,"gold_gain":0.0,"cards_transformed":["Strike_G","Strike_G"],"event_name":"Drug Dealer","player_choice":"Became Test Subject","floor":25.0,"gold_loss":0.0,"damage_taken":0.0,"cards_obtained":["Choke","Escape Plan"]},{"damage_healed":0,"gold_gain":0,"player_choice":"Fought Bandits","damage_taken":0,"max_hp_gain":0,"max_hp_loss":0,"event_name":"Masked Bandits","floor":29,"gold_loss":0}],"is_beta":false,"boss_relics":[{"not_picked":["Calling Bell","Busted Crown"],"picked":"Runic Dome"}],"items_purged_floors":[3,19],"is_endless":false,"potions_floor_spawned":[7,8,11,14,23,27],"killed_by":"Collector","ascension_level":20}