{"gold_per_floor":[115,65,25,39,39,70,83,101,101,101,124,139,180,193,193,312,312,332,332,332,352,352,352,365,390,440,465,480,511,511,550,550,550],"floor_reached":33,"playtime":1151,"items_purged":[],"score":353,"play_id":"1063ccf1-9d9b-48ac-b5f2-4747727d2df8","local_time":"25610716221901","is_ascension_mode":false,"campfire_choices":[{"data":"1","floor":15,"key":"LIFT"},{"data":"2","floor":23,"key":"LIFT"},{"data":"3","floor":30,"key":"LIFT"},{"floor":32,"key":"REST"}],"neow_cost":"NONE","seed_source_timestamp":38358863444748,"circlet_count":0,"master_deck":["Strike_R","Strike_R","Strike_R","Strike_R","Defend_R","Defend_R","Defend_R","Defend_R","Bash","Rage","Inflame","Flex","Infernal Blade","Fire Breathing","Flex","Power Through","Cleave","Twin Strike","Impervious","Feed","Pommel Strike","Clothesline","Havoc+1","Rage+1","Injury","Entrench+1","Twin Strike+1","Anger+1","Anger+1"],"relics":["Burning Blood","NeowsBlessing","Question Card","Ice Cream","Golden Idol","Girya","Cursed Key","Smiling Mask","Red Skull","Juzu Bracelet","Ancient Tea Set"],"potions_floor_usage":[7,11,11,16,18,22,31,33],"damage_taken":[{"damage":0,"enemies":"Jaw Worm","floor":1,"turns":1},{"damage":0,"enemies":"Cultist","floor":4,"turns":1},{"damage":0,"enemies":"Gremlin Nob","floor":6,"turns":1},{"damage":0,"enemies":"Small Slimes","floor":7,"turns":2},{"damage":9,"enemies":"Exordium Wildlife","floor":8,"turns":5},{"damage":5,"enemies":"Lots of Slimes","floor":11,"turns":4},{"damage":3,"enemies":"3 Louse","floor":12,"turns":4},{"damage":39,"enemies":"Lagavulin","floor":13,"turns":9},{"damage":4,"enemies":"Looter","floor":14,"turns":3},{"damage":38,"enemies":"The Guardian","floor":16,"turns":8},{"damage":18,"enemies":"2 Thieves","floor":18,"turns":5},{"damage":22,"enemies":"Shell Parasite","floor":21,"turns":6},{"damage":0,"enemies":"Centurion and Healer","floor":22,"turns":1},{"damage":22,"enemies":"Snake Plant","floor":24,"turns":4},{"damage":4,"enemies":"Cultist and Chosen","floor":25,"turns":5},{"damage":9,"enemies":"Sentry and Sphere","floor":27,"turns":4},{"damage":16,"enemies":"Snake Plant","floor":28,"turns":3},{"damage":31,"enemies":"Slavers","floor":29,"turns":5},{"damage":0,"enemies":"Book of Stabbing","floor":31,"turns":4},{"damage":53,"enemies":"Collector","floor":33,"turns":7}],"seed_played":"-8903102104343433996","potions_obtained":[{"floor":4,"key":"Energy Potion"},{"floor":6,"key":"Block Potion"},{"floor":7,"key":"SmokeBomb"},{"floor":8,"key":"Poison Potion"},{"floor":14,"key":"Fire Potion"},{"floor":16,"key":"Weak Potion"},{"floor":18,"key":"Weak Potion"},{"floor":29,"key":"Energy Potion"},{"floor":31,"key":"Ancient Potion"}],"is_trial":false,"path_per_floor":["M","?","$","M","$","E","M","M","T","?","M","M","E","M","R","B",null,"M","?","?","M","M","R","M","M","T","M","M","E","R","E","R"],"character_chosen":"IRONCLAD","items_purchased":["Inflame"],"campfire_rested":1,"item_purchase_floors":[3],"current_hp_per_floor":[80,80,80,80,80,80,80,77,77,77,78,80,47,49,49,17,80,68,68,68,62,68,68,52,57,57,57,47,22,22,28,53,0],"gold":550,"neow_bonus":"THREE_ENEMY_KILL","is_prod":false,"is_daily":false,"chose_seed":false,"campfire_upgraded":0,"win_rate":0,"timestamp":1531754341,"path_taken":["M","?","$","M","$","E","M","M","T","?","?","M","E","M","R","BOSS","M","?","?","M","M","R","M","M","T","M","?","E","R","E","R","BOSS"],"build_version":"2018-07-12","purchased_purges":0,"victory":false,"max_hp_per_floor":[80,80,80,80,80,80,80,80,80,80,80,80,80,80,80,80,80,80,80,80,80,80,80,80,83,83,86,86,86,86,86,86,86],"card_choices":[{"not_picked":["Perfected Strike","Corruption"],"picked":"Rage","floor":1},{"not_picked":["Havoc","Clash"],"picked":"Flex","floor":4},{"not_picked":["Perfected Strike","Carnage"],"picked":"Infernal Blade","floor":6},{"not_picked":["Searing Blow","Intimidate","Power Through"],"picked":"Fire Breathing","floor":7},{"not_picked":["Corruption","Thunderclap","Shrug It Off"],"picked":"Flex","floor":8},{"not_picked":["Perfected Strike","Body Slam","True Grit"],"picked":"Power Through","floor":11},{"not_picked":["Thunderclap","Dual Wield","Iron Wave"],"picked":"Cleave","floor":12},{"not_picked":["Burning Pact","Carnage","Shrug It Off"],"picked":"Twin Strike","floor":13},{"not_picked":["Burning Pact","True Grit","Perfected Strike"],"picked":"Impervious","floor":14},{"not_picked":["Fiend Fire","Brutality","Demon Form"],"picked":"Feed","floor":16},{"not_picked":["Thunderclap","Cleave","Warcry"],"picked":"Pommel Strike","floor":18},{"not_picked":["Headbutt","Sentinel","Cleave"],"picked":"Clothesline","floor":21},{"not_picked":["Perfected Strike","Rage","Heavy Blade"],"picked":"Havoc+1","floor":24},{"not_picked":["Wild Strike","Whirlwind","Metallicize+1"],"picked":"Rage+1","floor":25},{"not_picked":["Pommel Strike","Combust+1","Limit Break"],"picked":"Entrench+1","floor":27},{"not_picked":["Fire Breathing","Shrug It Off","True Grit"],"picked":"Twin Strike+1","floor":28},{"not_picked":["Disarm","Carnage","Pommel Strike"],"picked":"Anger+1","floor":29},{"not_picked":["Heavy Blade","Rampage","Thunderclap"],"picked":"Anger+1","floor":31}],"player_experience":71674,"relics_obtained":[{"floor":6,"key":"Question Card"},{"floor":9,"key":"Ice Cream"},{"floor":13,"key":"Girya"},{"floor":26,"key":"Red Skull"},{"floor":29,"key":"Juzu Bracelet"},{"floor":31,"key":"Ancient Tea Set"}],"event_choices":[{"event_name":"The Cleric","player_choice":"Card Removal","floor":2,"damage_taken":0},{"event_name":"Golden Idol","player_choice":"Take Wound","floor":10,"damage_taken":0},{"event_name":"Fountain of Cleansing","player_choice":"Removed Curse","floor":19,"damage_taken":0},{"event_name":"Wheel of Change","player_choice":"Relic","floor":20,"damage_taken":0}],"boss_relics":[{"not_picked":["Philosopher\u0027s Stone","Lizard Tail"],"picked":"Cursed Key"}],"items_purged_floors":[],"is_endless":false,"potions_floor_spawned":[4,6,7,8,14,16,18,22,29,31],"killed_by":"Collector","ascension_level":0}