{"gold_per_floor":[113,113,38,54,70,70,17,17,17,28,28,53,53,84,84,84],"floor_reached":16,"playtime":641,"items_purged":[],"score":216,"play_id":"ac9f5a53-8c67-43db-aaf5-59bdf6b2ab65","local_time":"20190306141501","is_ascension_mode":true,"campfire_choices":[{"data":"Sword Boomerang","floor":6,"key":"SMITH"},{"data":"Battle Trance","floor":8,"key":"SMITH"},{"data":"Headbutt","floor":11,"key":"SMITH"},{"data":"Pummel","floor":13,"key":"SMITH"},{"floor":15,"key":"REST"}],"neow_cost":"NONE","seed_source_timestamp":3214785862205000,"circlet_count":0,"master_deck":["AscendersBane","Strike_R+1","Strike_R","Strike_R+1","Strike_R","Defend_R","Defend_R","Defend_R","Defend_R","Bash+1","Battle Trance+1","Sword Boomerang+1","Headbutt+1","Pummel+1","Fiend Fire"],"relics":["Burning Blood","Sundial","Whetstone"],"potions_floor_usage":[12,14,16],"damage_taken":[{"damage":2,"enemies":"2 Louse","floor":1,"turns":3},{"damage":1,"enemies":"Small Slimes","floor":4,"turns":3},{"damage":9,"enemies":"Jaw Worm","floor":5,"turns":3},{"damage":21,"enemies":"3 Louse","floor":10,"turns":4},{"damage":25,"enemies":"Lagavulin","floor":12,"turns":5},{"damage":30,"enemies":"3 Sentries","floor":14,"turns":7},{"damage":53,"enemies":"Hexaghost","floor":16,"turns":7}],"seed_played":"-5504992061451635461","potions_obtained":[{"floor":1,"key":"BloodPotion"},{"floor":14,"key":"SneckoOil"}],"is_trial":false,"path_per_floor":["M","?","?","M","M","R","$","R","T","M","R","E","R","E","R","B"],"character_chosen":"IRONCLAD","items_purchased":["Strength Potion"],"campfire_rested":1,"item_purchase_floors":[7],"current_hp_per_floor":[79,79,79,82,79,79,79,79,79,64,64,53,53,29,53,0],"gold":84,"neow_bonus":"TEN_PERCENT_HP_BONUS","is_prod":false,"is_daily":false,"chose_seed":false,"campfire_upgraded":4,"win_rate":0,"timestamp":1551881701,"path_taken":["M","?","?","M","M","R","$","R","T","M","R","E","R","E","R","BOSS"],"build_version":"2019-01-23","purchased_purges":0,"victory":false,"max_hp_per_floor":[82,82,82,82,82,82,82,82,82,82,82,82,82,82,82,82],"card_choices":[{"not_picked":["Shockwave","Twin Strike"],"picked":"Battle Trance","floor":1},{"not_picked":["Armaments","Flex"],"picked":"Sword Boomerang","floor":4},{"not_picked":["Warcry","Body Slam","Sword Boomerang"],"picked":"SKIP","floor":5},{"not_picked":["Iron Wave","Rage"],"picked":"Headbutt","floor":10},{"not_picked":["Shrug It Off","Clothesline"],"picked":"Pummel","floor":12},{"not_picked":["Second Wind","Iron Wave"],"picked":"Fiend Fire","floor":14}],"player_experience":2241568,"relics_obtained":[{"floor":12,"key":"Sundial"},{"floor":14,"key":"Whetstone"}],"event_choices":[{"damage_healed":0,"gold_gain":0,"player_choice":"Grow","damage_taken":0,"max_hp_gain":0,"max_hp_loss":0,"event_name":"Living Wall","floor":2,"gold_loss":0,"cards_upgraded":["Bash"]},{"cards_removed":["Strike_R"],"damage_healed":0,"gold_gain":0,"player_choice":"Card Removal","damage_taken":0,"max_hp_gain":0,"max_hp_loss":0,"event_name":"The Cleric","floor":3,"gold_loss":75}],"is_beta":false,"boss_relics":[],"items_purged_floors":[],"is_endless":false,"potions_floor_spawned":[1,10,14],"killed_by":"Hexaghost","ascension_level":20}