{"gold_per_floor":[359,55,230,230,87,87,122,122,122,122,139,159,186,201,201,306,306,306,306,306,306,231,231,171,171,171,171,171,171,171,171,171,171,171,171,15,15,15,15,15,15,15,15,15,15,15,15,15,15,15],"floor_reached":51,"playtime":3569,"items_purged":["Doubt"],"score":859,"play_id":"67c34d54-ddc6-4e11-85bb-4f83c31f1982","local_time":"20190106033857","is_ascension_mode":true,"campfire_choices":[{"data":"Feed","floor":6.0,"key":"SMITH"},{"data":"Seeing Red","floor":8.0,"key":"SMITH"},{"floor":10.0,"key":"REST"},{"data":"Seeing Red","floor":15.0,"key":"SMITH"},{"floor":23.0,"key":"REST"},{"data":"Juggernaut","floor":25.0,"key":"SMITH"},{"data":"Panacea","floor":28.0,"key":"SMITH"},{"data":"Immolate","floor":32,"key":"SMITH"},{"data":"Limit Break","floor":40,"key":"SMITH"},{"data":"True Grit","floor":41,"key":"SMITH"},{"data":"Flex","floor":42,"key":"SMITH"},{"data":"Flame Barrier","floor":44,"key":"SMITH"},{"floor":49,"key":"REST"}],"neow_cost":"TEN_PERCENT_HP_LOSS","seed_source_timestamp":0,"circlet_count":0,"master_deck":["Defend_R","Defend_R","Defend_R","Defend_R","Bash","Feed+1","Seeing Red+1","Metallicize","Seeing Red+1","Flex+1","Flame Barrier+1","Juggernaut+1","Bite","Bite","Bite","Bite","Pummel+1","Panacea+1","Immolate+1","True Grit+1","Clothesline","Limit Break+1","Clumsy","Doubt","Clumsy","Thunderclap+1","Power Through","Evolve","Seeing Red+1","Flex+1","Armaments","Good Instincts"],"special_seed":0,"relics":["Burning Blood","Thread and Needle","Pocketwatch","WingedGreaves","Mercury Hourglass","Letter Opener","Ectoplasm","Red Mask","Shuriken","Calling Bell","Bag of Preparation","Blue Candle","Bird Faced Urn","Charon\u0027s Ashes","Pantograph","FossilizedHelix"],"potions_floor_usage":[45,45,50,50],"damage_taken":[{"damage":11.0,"enemies":"2 Louse","floor":1.0,"turns":3.0},{"damage":47.0,"enemies":"Gremlin Nob","floor":7.0,"turns":5.0},{"damage":3.0,"enemies":"Jaw Worm","floor":11.0,"turns":2.0},{"damage":0.0,"enemies":"Cultist","floor":12.0,"turns":4.0},{"damage":15.0,"enemies":"3 Sentries","floor":13.0,"turns":8.0},{"damage":0.0,"enemies":"Exordium Wildlife","floor":14.0,"turns":3.0},{"damage":11.0,"enemies":"The Guardian","floor":16.0,"turns":16.0},{"damage":15.0,"enemies":"Chosen","floor":18.0,"turns":5.0},{"damage":41.0,"enemies":"Masked Bandits","floor":20.0,"turns":4.0},{"damage":13.0,"enemies":"2 Thieves","floor":24.0,"turns":3.0},{"damage":8.0,"enemies":"Shelled Parasite and Fungi","floor":29.0,"turns":4.0},{"damage":2.0,"enemies":"Sentry and Sphere","floor":30.0,"turns":3.0},{"damage":0,"enemies":"Chosen and Byrds","floor":31,"turns":4},{"damage":8,"enemies":"Collector","floor":33,"turns":6},{"damage":1,"enemies":"3 Shapes","floor":35,"turns":3},{"damage":0,"enemies":"Orb Walker","floor":38,"turns":2},{"damage":34,"enemies":"Jaw Worm Horde","floor":39,"turns":5},{"damage":36,"enemies":"2 Orb Walkers","floor":45,"turns":4},{"damage":62,"enemies":"Donu and Deca","floor":50,"turns":9}],"seed_played":"-3023074335008462449","potions_obtained":[{"floor":7.0,"key":"FearPotion"},{"floor":11.0,"key":"Swift Potion"},{"floor":12.0,"key":"Dexterity Potion"},{"floor":24.0,"key":"Regen Potion"},{"floor":29.0,"key":"BloodPotion"},{"floor":39,"key":"PowerPotion"},{"floor":45,"key":"LiquidBronze"}],"is_trial":false,"path_per_floor":["M","$","?","T","$","R","E","R","T","R","M","M","E","M","R","B",null,"M","?","?","?","$","R","M","R","T","?","R","M","M","M","R","B",null,"M","$","?","M","M","R","R","R","T","R","?","$","?","$","R","B",null],"character_chosen":"IRONCLAD","items_purchased":["Thread and Needle","Feed","Power Through","Evolve"],"campfire_rested":3,"item_purchase_floors":[2,5,36,36],"current_hp_per_floor":[67,67,67,67,67,67,26,26,26,47,54,64,59,69,69,64,82,73,61,36,36,36,55,58,58,58,46,46,56,73,73,73,73,73,77,77,77,77,54,54,54,54,54,54,39,39,39,39,62,33],"gold":15,"neow_bonus":"TWO_FIFTY_GOLD","is_prod":false,"is_daily":false,"chose_seed":false,"campfire_upgraded":10,"win_rate":0,"timestamp":1546742337,"path_taken":["M","$","?","?","$","R","E","R","T","R","M","M","E","M","R","BOSS","M","?","?","?","$","R","M","R","T","?","R","M","M","?","R","BOSS","M","$","?","M","?","R","R","R","T","R","?","$","?","?","R","BOSS"],"build_version":"2019-01-03v4","purchased_purges":1,"victory":true,"max_hp_per_floor":[72,72,72,72,72,72,72,72,72,72,76,80,84,88,88,88,88,88,61,65,65,65,65,69,69,69,69,69,69,73,73,73,73,73,77,77,77,77,77,77,77,77,77,77,77,77,77,77,77,77],"card_choices":[{"not_picked":["Sword Boomerang","Perfected Strike","Fire Breathing"],"picked":"SKIP","floor":1.0},{"not_picked":["Twin Strike","Heavy Blade"],"picked":"Seeing Red","floor":7.0},{"not_picked":["Headbutt","Shockwave"],"picked":"Metallicize","floor":11.0},{"not_picked":["Headbutt","Feel No Pain"],"picked":"Seeing Red","floor":12.0},{"not_picked":["Thunderclap","Flame Barrier"],"picked":"Flex","floor":13.0},{"not_picked":["Wild Strike","Feel No Pain"],"picked":"Flame Barrier","floor":14.0},{"not_picked":["Reaper","Limit Break"],"picked":"Juggernaut","floor":16.0},{"not_picked":["Havoc+1","Cleave","Uppercut"],"picked":"SKIP","floor":18.0},{"not_picked":["Corruption","Clash"],"picked":"Pummel+1","floor":20.0},{"not_picked":["Flex","Clash","Havoc"],"picked":"SKIP","floor":24.0},{"not_picked":["Iron Wave","Hemokinesis+1"],"picked":"Immolate","floor":29.0},{"not_picked":["Carnage","Headbutt+1"],"picked":"True Grit","floor":30},{"not_picked":["Blood for Blood","Power Through"],"picked":"Clothesline","floor":31},{"not_picked":["Berserk","Brutality"],"picked":"Limit Break","floor":33},{"not_picked":["Uppercut","Rampage"],"picked":"Thunderclap+1","floor":35},{"not_picked":["Pommel Strike","Warcry"],"picked":"Seeing Red+1","floor":38},{"not_picked":["Sword Boomerang","Clash+1"],"picked":"Flex+1","floor":39},{"not_picked":["Sword Boomerang+1","Thunderclap+1"],"picked":"Armaments","floor":45},{"not_picked":["Mind Blast","Jack Of All Trades"],"picked":"Good Instincts","floor":47}],"player_experience":397405,"relics_obtained":[{"floor":4.0,"key":"Pocketwatch"},{"floor":7.0,"key":"WingedGreaves"},{"floor":9.0,"key":"Mercury Hourglass"},{"floor":13.0,"key":"Letter Opener"},{"floor":20.0,"key":"Red Mask"},{"floor":26.0,"key":"Shuriken"},{"floor":34,"key":"Bag of Preparation"},{"floor":34,"key":"Blue Candle"},{"floor":34,"key":"Bird Faced Urn"},{"floor":43,"key":"Pantograph"},{"floor":45,"key":"FossilizedHelix"}],"event_choices":[{"damage_healed":0.0,"max_hp_gain":0.0,"max_hp_loss":0.0,"gold_gain":175.0,"event_name":"Liars Game","player_choice":"AGREE","floor":3.0,"gold_loss":0.0,"damage_taken":0.0,"cards_obtained":["Doubt"]},{"damage_healed":0.0,"max_hp_gain":0.0,"max_hp_loss":27.0,"gold_gain":0.0,"event_name":"Vampires","player_choice":"Became a vampire","floor":19.0,"gold_loss":0.0,"damage_taken":0.0,"cards_obtained":["Bite","Bite","Bite","Bite","Bite"]},{"damage_healed":0.0,"max_hp_gain":0.0,"max_hp_loss":0.0,"gold_gain":0.0,"event_name":"Masked Bandits","player_choice":"Fought Bandits","floor":20.0,"gold_loss":0.0,"damage_taken":0.0},{"damage_healed":0.0,"max_hp_gain":0.0,"max_hp_loss":0.0,"gold_gain":0.0,"event_name":"Ghosts","player_choice":"Ignored","floor":21.0,"gold_loss":0.0,"damage_taken":0.0},{"damage_healed":0.0,"max_hp_gain":0.0,"max_hp_loss":0.0,"gold_gain":0.0,"event_name":"Knowing Skull","player_choice":"CARD ","floor":27.0,"potions_obtained":[],"gold_loss":0.0,"damage_taken":12.0,"cards_obtained":["Panacea"]},{"cards_removed":["Bite"],"damage_healed":0,"gold_gain":0,"player_choice":"Gave Card","damage_taken":0,"relics_obtained":["Charon\u0027s Ashes"],"max_hp_gain":0,"max_hp_loss":0,"event_name":"WeMeetAgain","floor":37,"gold_loss":0},{"damage_healed":0,"gold_gain":0,"player_choice":"Fight","damage_taken":0,"max_hp_gain":0,"max_hp_loss":0,"event_name":"Mysterious Sphere","floor":45,"gold_loss":0},{"damage_healed":0,"gold_gain":0,"player_choice":"Memory 1","damage_taken":0,"max_hp_gain":0,"max_hp_loss":0,"event_name":"SensoryStone","floor":47,"gold_loss":0}],"is_beta":true,"boss_relics":[{"not_picked":["Philosopher\u0027s Stone","Empty Cage"],"picked":"Ectoplasm"},{"not_picked":["Snecko Eye","Pandora\u0027s Box"],"picked":"Calling Bell"}],"items_purged_floors":[22],"is_endless":false,"potions_floor_spawned":[7,11,12,24,29,39,45],"ascension_level":7}