{"gold_per_floor":[111,361,380,380,391,391,116,141,141,141,316,266,283,342,342,342],"floor_reached":16,"playtime":396,"items_purged":["Regret"],"score":127,"play_id":"8a4ded18-22c4-4374-b3cc-2bc88e87eadc","local_time":"25610724183958","is_ascension_mode":true,"campfire_choices":[{"data":"Shrug It Off","floor":6,"key":"SMITH"},{"floor":15,"key":"REST"}],"neow_cost":"TEN_PERCENT_HP_LOSS","seed_source_timestamp":25470499907635,"circlet_count":0,"master_deck":["Strike_R","Strike_R","Strike_R+1","Strike_R+1","Strike_R","Defend_R","Defend_R","Defend_R","Defend_R","Bash","Twin Strike","Shrug It Off+1","Metallicize","Clash"],"relics":["Burning Blood","Torii","Toolbox","Bottled Lightning","Kunai","The Courier"],"potions_floor_usage":[3,8,8,16],"damage_taken":[{"damage":13,"enemies":"Jaw Worm","floor":1,"turns":3},{"damage":0,"enemies":"Cultist","floor":3,"turns":2},{"damage":3,"enemies":"2 Louse","floor":5,"turns":2},{"damage":31,"enemies":"Lagavulin","floor":8,"turns":5},{"damage":0,"enemies":"Large Slime","floor":13,"turns":5},{"damage":58,"enemies":"Slime Boss","floor":16,"turns":13}],"seed_played":"6427907372749388460","potions_obtained":[{"floor":1,"key":"SteroidPotion"},{"floor":3,"key":"EssenceOfSteel"},{"floor":5,"key":"FearPotion"},{"floor":13,"key":"Ancient Potion"}],"is_trial":false,"path_per_floor":["M","?","M","?","M","R","$","E","T","T","?","?","M","?","R"],"character_chosen":"IRONCLAD","items_purchased":["Toolbox"],"campfire_rested":1,"item_purchase_floors":[7],"current_hp_per_floor":[65,65,71,57,60,60,60,35,35,35,35,35,41,41,62,4],"gold":342,"neow_bonus":"ONE_RARE_RELIC","is_prod":false,"is_daily":false,"chose_seed":false,"campfire_upgraded":1,"win_rate":0,"timestamp":1532432398,"path_taken":["M","?","M","?","?","R","$","E","T","?","?","?","M","?","R","BOSS"],"build_version":"2018-07-19v2","purchased_purges":1,"victory":false,"max_hp_per_floor":[72,72,72,72,72,72,72,72,72,72,72,72,72,72,72,72],"card_choices":[{"not_picked":["Inflame","Entrench"],"picked":"Twin Strike","floor":1},{"not_picked":["Wild Strike","Perfected Strike"],"picked":"Shrug It Off","floor":3},{"not_picked":["Clothesline","True Grit","Intimidate"],"picked":"SKIP","floor":5},{"not_picked":["Sever Soul","Clash"],"picked":"Metallicize","floor":8},{"not_picked":["Bloodletting","True Grit"],"picked":"Clash","floor":13}],"player_experience":130025,"relics_obtained":[{"floor":8,"key":"Bottled Lightning"},{"floor":9,"key":"Kunai"},{"floor":10,"key":"The Courier"}],"event_choices":[{"event_name":"Golden Shrine","player_choice":"Desecrate","floor":2,"damage_taken":0},{"event_name":"Shining Light","player_choice":"Entered Light","floor":4,"damage_taken":0},{"event_name":"Liars Game","player_choice":"agreed","floor":11,"damage_taken":0},{"event_name":"The Cleric","player_choice":"Card Removal","floor":12,"damage_taken":0},{"event_name":"Golden Wing","player_choice":"Gained Gold","floor":14,"damage_taken":0}],"is_beta":false,"boss_relics":[],"items_purged_floors":[7],"is_endless":false,"potions_floor_spawned":[1,3,5,13],"killed_by":"Slime Boss","ascension_level":6}