{"gold_per_floor":[118,129,109,122,142,173,173,190,260,260,277,277],"floor_reached":12,"playtime":476,"items_purged":[],"score":164,"play_id":"e563d7d2-ca19-44a4-92d3-3e8bde85397c","local_time":"20181208003524","is_ascension_mode":true,"campfire_choices":[{"data":"Calculated Gamble","floor":7,"key":"SMITH"},{"data":"Neutralize","floor":10,"key":"SMITH"}],"neow_cost":"NONE","seed_source_timestamp":9303735920444,"circlet_count":0,"master_deck":["AscendersBane","Defend_G","Defend_G","Defend_G","Defend_G","Defend_G","Strike_G","Strike_G","Strike_G","Strike_G","Strike_G","Survivor","Neutralize+1","Calculated Gamble+1","Eviscerate","Deadly Poison","Prepared"],"relics":["Runic Dome","Nunchaku","Paper Crane"],"potions_floor_usage":[6,6,11,12],"damage_taken":[{"damage":0,"enemies":"Jaw Worm","floor":1,"turns":4},{"damage":2,"enemies":"Cultist","floor":2,"turns":5},{"damage":0,"enemies":"Small Slimes","floor":4,"turns":3},{"damage":6,"enemies":"Looter","floor":5,"turns":3},{"damage":28,"enemies":"Gremlin Nob","floor":6,"turns":4},{"damage":5,"enemies":"Blue Slaver","floor":8,"turns":6},{"damage":15,"enemies":"Large Slime","floor":11,"turns":6},{"damage":12,"enemies":"Lagavulin","floor":12,"turns":5}],"seed_played":"-8310461479004208932","potions_obtained":[{"floor":1,"key":"Block Potion"},{"floor":3,"key":"SneckoOil"},{"floor":6,"key":"Strength Potion"},{"floor":11,"key":"Energy Potion"}],"is_trial":false,"path_per_floor":["M","M","?","M","M","E","R","M","T","R","M","E"],"character_chosen":"THE_SILENT","items_purchased":[],"campfire_rested":0,"item_purchase_floors":[],"current_hp_per_floor":[59,57,57,57,51,23,23,18,18,18,3,0],"gold":277,"neow_bonus":"BOSS_RELIC","is_prod":false,"is_daily":false,"chose_seed":false,"campfire_upgraded":2,"win_rate":0,"timestamp":1544200524,"path_taken":["M","M","?","M","?","E","R","M","T","R","M","E"],"build_version":"2018-12-06","purchased_purges":0,"victory":false,"max_hp_per_floor":[66,66,66,66,66,66,66,66,66,66,66,66],"card_choices":[{"not_picked":["Quick Slash","Dagger Throw"],"picked":"Calculated Gamble","floor":1},{"not_picked":["Quick Slash","Accuracy"],"picked":"Eviscerate","floor":2},{"not_picked":["Quick Slash","Dagger Spray"],"picked":"Deadly Poison","floor":4},{"not_picked":["Acrobatics","Outmaneuver"],"picked":"Prepared","floor":5},{"not_picked":["Underhanded Strike","Die Die Die","Flying Knee"],"picked":"SKIP","floor":6},{"not_picked":["Sucker Punch","Dash","Bane"],"picked":"SKIP","floor":8},{"not_picked":["Bane","Blade Dance","Accuracy"],"picked":"SKIP","floor":11},{"not_picked":["Bane","Blade Dance","Accuracy"],"picked":"SKIP","floor":11}],"player_experience":2304738,"relics_obtained":[{"floor":6,"key":"Nunchaku"},{"floor":9,"key":"Paper Crane"}],"event_choices":[{"damage_healed":0,"gold_gain":0,"player_choice":"Bought 1 Potion","damage_taken":0,"max_hp_gain":0,"max_hp_loss":0,"event_name":"The Woman in Blue","floor":3,"gold_loss":0}],"is_beta":false,"boss_relics":[],"items_purged_floors":[],"is_endless":false,"potions_floor_spawned":[1,6,11],"killed_by":"Lagavulin","ascension_level":20}