{"gold_per_floor":[109,384,399,324,343,369,3,33,33,33,52,52,72,82,82,183,183,197,21,21,21,41,41,60,60,85,99,110,73,73],"floor_reached":30,"playtime":2393,"items_purged":["Regret"],"score":290,"play_id":"14a23cd6-673a-472b-ab9b-cd518f07e4cf","local_time":"20190416003138","is_ascension_mode":true,"campfire_choices":[{"floor":12.0,"key":"REST"},{"floor":15.0,"key":"REST"},{"data":"Catalyst","floor":23.0,"key":"SMITH"},{"data":"Catalyst","floor":25.0,"key":"SMITH"}],"neow_cost":"NONE","seed_source_timestamp":41815908981033,"circlet_count":0,"master_deck":["Defend_G","Defend_G","Defend_G","Defend_G","Defend_G","Strike_G","Strike_G","Strike_G","Strike_G","Strike_G","Survivor","Neutralize","Crippling Poison","Catalyst+1","Footwork","Dash","Outmaneuver","Heel Hook","Catalyst+1","Burst","Poisoned Stab","Bouncing Flask","Dramatic Entrance","Night Terror","Escape Plan","Envenom","Panache","Dash","Deadly Poison","Concentrate+1","Poisoned Stab","Noxious Fumes"],"special_seed":0,"relics":["Orrery","Letter Opener","Toolbox","Dodecahedron","Bottled Tornado","Velvet Choker","Happy Flower"],"potions_floor_usage":[28],"damage_taken":[{"damage":0.0,"enemies":"Cultist","floor":1.0,"turns":5.0},{"damage":0.0,"enemies":"2 Louse","floor":3.0,"turns":3.0},{"damage":6.0,"enemies":"Jaw Worm","floor":5.0,"turns":4.0},{"damage":14.0,"enemies":"3 Sentries","floor":6.0,"turns":9.0},{"damage":29.0,"enemies":"Gremlin Nob","floor":8.0,"turns":6.0},{"damage":3.0,"enemies":"Looter","floor":11.0,"turns":3.0},{"damage":7.0,"enemies":"3 Louse","floor":13.0,"turns":3.0},{"damage":1.0,"enemies":"Exordium Thugs","floor":14.0,"turns":4.0},{"damage":14.0,"enemies":"Hexaghost","floor":16.0,"turns":6.0},{"damage":0.0,"enemies":"3 Byrds","floor":18.0,"turns":4.0},{"damage":2.0,"enemies":"Shell Parasite","floor":22.0,"turns":4.0},{"damage":3.0,"enemies":"Chosen and Byrds","floor":24.0,"turns":4.0},{"damage":14,"enemies":"Shelled Parasite and Fungi","floor":27,"turns":6},{"damage":37,"enemies":"Centurion and Healer","floor":28,"turns":6},{"damage":33,"enemies":"Chosen and Byrds","floor":30,"turns":6}],"seed_played":"-8442366226950584","potions_obtained":[{"floor":1.0,"key":"Fire Potion"},{"floor":6.0,"key":"Dexterity Potion"},{"floor":13.0,"key":"FearPotion"},{"floor":16.0,"key":"PowerPotion"},{"floor":22.0,"key":"SteroidPotion"},{"floor":24.0,"key":"SneckoOil"}],"is_trial":false,"path_per_floor":["M","?","M","$","M","E","$","E","T","?","M","R","M","M","R","B",null,"M","$","?","?","M","R","M","R","T","M","M","$","M"],"character_chosen":"THE_SILENT","items_purchased":["Bouncing Flask","Toolbox","Dramatic Entrance","Panache","Noxious Fumes"],"campfire_rested":2,"item_purchase_floors":[7,7,7,19,29],"current_hp_per_floor":[70,70,70,70,64,50,50,21,21,44,41,62,55,54,70,56,70,70,70,70,70,68,68,65,65,65,51,14,14,0],"gold":73,"neow_bonus":"BOSS_RELIC","is_prod":false,"is_daily":false,"chose_seed":false,"campfire_upgraded":2,"win_rate":0,"timestamp":1555371098,"path_taken":["M","?","?","$","M","E","?","E","T","?","?","R","M","M","R","BOSS","M","$","?","?","M","R","M","R","T","M","M","$","?"],"build_version":"2019-01-23","purchased_purges":1,"victory":false,"max_hp_per_floor":[70,70,70,70,70,70,70,70,70,70,70,70,70,70,70,70,70,70,70,70,70,70,70,70,70,70,70,70,70,70],"card_choices":[{"not_picked":["PiercingWail","Deadly Poison"],"picked":"Crippling Poison","floor":0.0},{"not_picked":["Blade Dance","PiercingWail"],"picked":"Catalyst","floor":0.0},{"not_picked":["Slice","Deflect"],"picked":"Footwork","floor":0.0},{"not_picked":["Terror","Backstab"],"picked":"Dash","floor":0.0},{"not_picked":["Eviscerate","Slice"],"picked":"Outmaneuver","floor":0.0},{"not_picked":["Cloak And Dagger","Crippling Poison"],"picked":"Heel Hook","floor":1.0},{"not_picked":["Dagger Throw","Bane"],"picked":"Catalyst","floor":3.0},{"not_picked":["Masterful Stab","Blur"],"picked":"Burst","floor":5.0},{"not_picked":["Cloak And Dagger","Dodge and Roll"],"picked":"Poisoned Stab","floor":6.0},{"not_picked":["A Thousand Cuts","Finisher"],"picked":"Night Terror","floor":8.0},{"not_picked":["Blade Dance","Quick Slash","Cloak And Dagger"],"picked":"SKIP","floor":11.0},{"not_picked":["Endless Agony","Crippling Poison"],"picked":"Escape Plan","floor":13.0},{"not_picked":["Endless Agony","Flying Knee","PiercingWail"],"picked":"SKIP","floor":14.0},{"not_picked":["Grand Finale","Night Terror"],"picked":"Envenom","floor":16.0},{"not_picked":["Prepared","Blade Dance","Cloak And Dagger"],"picked":"SKIP","floor":18.0},{"not_picked":["Eviscerate","Acrobatics","Masterful Stab"],"picked":"SKIP","floor":22.0},{"not_picked":["Leg Sweep","Deflect"],"picked":"Deadly Poison","floor":24.0},{"not_picked":["Dodge and Roll","Caltrops"],"picked":"Concentrate+1","floor":27},{"not_picked":["Dagger Spray","Acrobatics+1"],"picked":"Poisoned Stab","floor":28}],"player_experience":639665,"relics_obtained":[{"floor":6.0,"key":"Letter Opener"},{"floor":8.0,"key":"Dodecahedron"},{"floor":9.0,"key":"Bottled Tornado"},{"floor":26.0,"key":"Happy Flower"}],"event_choices":[{"damage_healed":0.0,"max_hp_gain":0.0,"max_hp_loss":0.0,"gold_gain":275.0,"event_name":"Golden Shrine","player_choice":"Desecrate","floor":2.0,"gold_loss":0.0,"damage_taken":0.0,"cards_obtained":["Regret"]},{"damage_healed":23.0,"max_hp_gain":0.0,"max_hp_loss":0.0,"gold_gain":0.0,"event_name":"Big Fish","player_choice":"Banana","floor":10.0,"gold_loss":0.0,"damage_taken":0.0},{"damage_healed":0.0,"max_hp_gain":0.0,"max_hp_loss":0.0,"gold_gain":0.0,"event_name":"Vampires","player_choice":"Ignored","floor":20.0,"gold_loss":0.0,"damage_taken":0.0},{"damage_healed":0.0,"max_hp_gain":0.0,"max_hp_loss":0.0,"gold_gain":0.0,"event_name":"Duplicator","player_choice":"Copied","floor":21.0,"gold_loss":0.0,"damage_taken":0.0,"cards_obtained":["Dash"]}],"is_beta":false,"boss_relics":[{"not_picked":["Black Star","Coffee Dripper"],"picked":"Velvet Choker"}],"items_purged_floors":[4],"is_endless":false,"potions_floor_spawned":[1,6,13,16,22,24],"killed_by":"Chosen and Byrds","ascension_level":4}