{"gold_per_floor":[114,10,10,10,29,29,49,79,156,156,167,192,202,202,202,202],"floor_reached":16,"playtime":457,"items_purged":["Strike_G"],"score":220,"play_id":"3043e690-a68a-4960-a9c7-87962f3415a6","local_time":"20190417234537","is_ascension_mode":true,"campfire_choices":[{"data":"Skewer","floor":6,"key":"SMITH"},{"data":"Cloak And Dagger","floor":10,"key":"SMITH"}],"neow_cost":"NONE","seed_source_timestamp":22053214267500,"circlet_count":0,"master_deck":["AscendersBane","Defend_G","Defend_G","Defend_G","Defend_G","Defend_G","Strike_G","Strike_G","Survivor","Neutralize","Skewer+1","Terror","Cloak And Dagger+1","Infinite Blades","Accuracy","Reflex"],"relics":["Ring of the Snake","Smiling Mask","Bag of Preparation","Mummified Hand","Shovel"],"potions_floor_usage":[8,12,16],"damage_taken":[{"damage":1,"enemies":"Cultist","floor":1,"turns":4},{"damage":3,"enemies":"2 Louse","floor":5,"turns":4},{"damage":2,"enemies":"Small Slimes","floor":7,"turns":2},{"damage":11,"enemies":"Erikyupuro","floor":8,"turns":8},{"damage":0,"enemies":"Looter","floor":11,"turns":3},{"damage":20,"enemies":"Lagavulin","floor":12,"turns":6},{"damage":7,"enemies":"Large Slime","floor":13,"turns":6},{"damage":17,"enemies":"Slime Boss","floor":16,"turns":5}],"seed_played":"6607553181119464500","potions_obtained":[{"floor":4,"key":"SkillPotion"},{"floor":4,"key":"PowerPotion"},{"floor":8,"key":"Fire Potion"}],"is_trial":false,"path_per_floor":["M","$","?","?","M","R","M","E","T","R","M","E","M","?","R","B"],"character_chosen":"THE_SILENT","items_purchased":["Strength Potion"],"campfire_rested":0,"item_purchase_floors":[2],"current_hp_per_floor":[58,58,58,58,55,55,53,42,42,42,42,22,15,15,15,0],"gold":202,"neow_bonus":"RANDOM_COMMON_RELIC","is_prod":false,"is_daily":false,"chose_seed":false,"campfire_upgraded":2,"win_rate":0,"timestamp":1555515937,"path_taken":["M","$","?","?","?","R","M","E","T","R","M","E","M","?","R","BOSS"],"build_version":"2019-01-23","purchased_purges":1,"victory":false,"max_hp_per_floor":[66,66,66,66,66,66,66,66,66,66,66,66,66,66,66,66],"card_choices":[{"not_picked":["Flying Knee","Dodge and Roll"],"picked":"Skewer","floor":1},{"not_picked":["Crippling Poison","Catalyst"],"picked":"Terror","floor":5},{"not_picked":["Slice","Acrobatics","Catalyst"],"picked":"SKIP","floor":7},{"not_picked":["Dodge and Roll","Blade Dance"],"picked":"Cloak And Dagger","floor":8},{"not_picked":["Cloak And Dagger","Setup","Deadly Poison"],"picked":"SKIP","floor":11},{"not_picked":["PiercingWail","Bouncing Flask"],"picked":"Infinite Blades","floor":12},{"not_picked":["Reflex","Setup"],"picked":"Accuracy","floor":13}],"player_experience":3005204,"relics_obtained":[{"floor":8,"key":"Bag of Preparation"},{"floor":9,"key":"Mummified Hand"},{"floor":12,"key":"Shovel"}],"event_choices":[{"damage_healed":0,"gold_gain":0,"player_choice":"Got Potions","damage_taken":0,"max_hp_gain":0,"max_hp_loss":0,"event_name":"Lab","floor":4,"gold_loss":0},{"damage_healed":0,"gold_gain":0,"player_choice":"Ignored","damage_taken":0,"max_hp_gain":0,"max_hp_loss":0,"event_name":"Liars Game","floor":14,"gold_loss":0}],"is_beta":false,"boss_relics":[],"items_purged_floors":[2],"is_endless":false,"potions_floor_spawned":[8,11],"killed_by":"Slime Boss","ascension_level":20}