{"gold_per_floor":[112,125,275,275,275,275,287,212,212,245,15,42,57,90,90,167,167,179,179,94,18,34,62,62,80,104,114,114,164,164,37,37,112,112,123,172,172,172,190,190,217,217,289,321,337,356,356,356,356,356],"floor_reached":51,"playtime":2640,"items_purged":["Strike_G","Strike_G"],"score":1267,"play_id":"5fd06a93-fe90-45c6-9d8f-1b1720ab4b88","local_time":"20190228114025","is_ascension_mode":true,"campfire_choices":[{"data":"Neutralize","floor":6,"key":"SMITH"},{"data":"Caltrops","floor":15,"key":"SMITH"},{"data":"Cloak And Dagger","floor":24,"key":"SMITH"},{"data":"Well Laid Plans","floor":30,"key":"SMITH"},{"floor":32,"key":"REST"},{"data":"Cloak And Dagger","floor":40,"key":"SMITH"},{"data":"Finisher","floor":42,"key":"SMITH"},{"data":"Cloak And Dagger","floor":47,"key":"SMITH"},{"floor":49,"key":"REST"}],"neow_cost":"NONE","seed_source_timestamp":12315090483236,"circlet_count":0,"master_deck":["AscendersBane","Defend_G","Defend_G","Defend_G","Defend_G","Defend_G","Strike_G","Strike_G","Strike_G","Survivor","Neutralize+1","Well Laid Plans+1","Quick Slash","Caltrops+1","Quick Slash","Endless Agony","Backflip","Dodge and Roll","Die Die Die","PiercingWail","Cloak And Dagger+1","Cloak And Dagger+1","Prepared","Slice","Infinite Blades","Leg Sweep","Escape Plan","Cloak And Dagger+1","Infinite Blades","Deflect","After Image+1","Finisher+1","Accuracy+1","Cloak And Dagger+1"],"relics":["Ring of the Snake","Kunai","Lantern","Oddly Smooth Stone","Centennial Puzzle","Potion Belt","Orrery","Happy Flower","Gremlin Horn","Smiling Mask","WristBlade","Shovel","Frozen Egg 2","Bronze Scales","Blue Candle","Bag of Preparation"],"potions_floor_usage":[16,27,28,36,36,50,50],"damage_taken":[{"damage":1,"enemies":"Small Slimes","floor":1,"turns":5},{"damage":2,"enemies":"2 Louse","floor":2,"turns":4},{"damage":0,"enemies":"Cultist","floor":7,"turns":4},{"damage":23,"enemies":"Lagavulin","floor":10,"turns":9},{"damage":5,"enemies":"3 Louse","floor":13,"turns":5},{"damage":17,"enemies":"Gremlin Nob","floor":14,"turns":4},{"damage":8,"enemies":"The Guardian","floor":16,"turns":13},{"damage":0,"enemies":"3 Byrds","floor":18,"turns":1},{"damage":2,"enemies":"Shell Parasite","floor":22,"turns":5},{"damage":13,"enemies":"Gremlin Leader","floor":23,"turns":10},{"damage":15,"enemies":"Centurion and Healer","floor":25,"turns":8},{"damage":7,"enemies":"Snake Plant","floor":27,"turns":4},{"damage":4,"enemies":"Cultist and Chosen","floor":28,"turns":4},{"damage":22,"enemies":"Automaton","floor":33,"turns":17},{"damage":5,"enemies":"Orb Walker","floor":35,"turns":4},{"damage":0,"enemies":"2 Orb Walkers","floor":36,"turns":8},{"damage":0,"enemies":"3 Shapes","floor":39,"turns":3},{"damage":4,"enemies":"Reptomancer","floor":41,"turns":7},{"damage":5,"enemies":"Giant Head","floor":44,"turns":8},{"damage":5,"enemies":"Sphere and 2 Shapes","floor":45,"turns":4},{"damage":10,"enemies":"Maw","floor":46,"turns":7},{"damage":25,"enemies":"Time Eater","floor":50,"turns":11}],"seed_played":"-1227793529712093486","potions_obtained":[{"floor":1,"key":"Explosive Potion"},{"floor":7,"key":"Dexterity Potion"},{"floor":14,"key":"SmokeBomb"},{"floor":16,"key":"Ancient Potion"},{"floor":25,"key":"Regen Potion"},{"floor":27,"key":"Dexterity Potion"},{"floor":35,"key":"SpeedPotion"},{"floor":41,"key":"Ancient Potion"},{"floor":44,"key":"Fire Potion"}],"is_trial":false,"path_per_floor":["M","M","?","?","?","R","M","?","T","E","$","T","M","E","R","B",null,"M","?","?","$","M","E","R","M","T","M","M","?","R","$","R","B",null,"M","?","?","T","M","R","E","R","T","E","M","M","R","?","R","B",null],"character_chosen":"THE_SILENT","items_purchased":["Oddly Smooth Stone","Leg Sweep","GhostInAJar"],"campfire_rested":2,"item_purchase_floors":[11,21,31],"current_hp_per_floor":[58,56,56,56,61,61,61,61,61,38,38,38,33,16,16,8,55,55,55,55,55,53,40,40,25,25,32,28,28,28,28,49,27,60,55,55,55,55,55,55,51,51,51,46,41,31,31,31,52,27],"gold":356,"neow_bonus":"THREE_CARDS","is_prod":false,"is_daily":false,"chose_seed":false,"campfire_upgraded":7,"win_rate":0,"timestamp":1551382825,"path_taken":["M","M","?","?","?","R","M","?","T","E","$","?","?","E","R","BOSS","M","?","?","$","M","E","R","M","T","M","M","?","R","$","R","BOSS","M","?","?","?","M","R","E","R","T","E","M","?","R","?","R","BOSS"],"build_version":"2019-01-23","purchased_purges":2,"victory":true,"max_hp_per_floor":[66,66,66,66,71,71,71,71,71,71,71,71,71,71,71,71,71,71,71,71,71,71,71,71,71,71,71,71,71,71,71,71,71,71,71,71,71,71,71,71,71,71,71,71,71,71,71,71,71,71],"card_choices":[{"not_picked":["Acrobatics","Setup"],"picked":"Well Laid Plans","floor":0},{"not_picked":["Concentrate","Setup"],"picked":"Quick Slash","floor":1},{"not_picked":["Slice","Dodge and Roll"],"picked":"Caltrops","floor":2},{"not_picked":["Acrobatics","Slice"],"picked":"Quick Slash","floor":7},{"not_picked":["Dagger Throw","Footwork"],"picked":"Endless Agony","floor":10},{"not_picked":["Caltrops","Setup"],"picked":"Backflip","floor":13},{"not_picked":["Flying Knee","Underhanded Strike"],"picked":"Dodge and Roll","floor":14},{"not_picked":["Glass Knife","Envenom"],"picked":"Die Die Die","floor":16},{"not_picked":["Skewer","Dagger Spray"],"picked":"PiercingWail","floor":17},{"not_picked":["Tactician","Dagger Spray"],"picked":"Cloak And Dagger","floor":17},{"not_picked":["Prepared","Dodge and Roll"],"picked":"Cloak And Dagger","floor":17},{"not_picked":["Underhanded Strike","Riddle With Holes"],"picked":"Prepared","floor":17},{"not_picked":["Quick Slash","Dash"],"picked":"Slice","floor":17},{"not_picked":["Dash","Prepared"],"picked":"Infinite Blades","floor":18},{"not_picked":["Flechettes","Underhanded Strike"],"picked":"Escape Plan","floor":22},{"not_picked":["After Image","Caltrops"],"picked":"Cloak And Dagger+1","floor":23},{"not_picked":["Slice+1","Setup"],"picked":"Infinite Blades","floor":25},{"not_picked":["Leg Sweep","Underhanded Strike"],"picked":"Deflect","floor":27},{"not_picked":["Tools of the Trade","Phantasmal Killer"],"picked":"After Image","floor":33},{"not_picked":["Bane","Dagger Throw","Flechettes"],"picked":"SKIP","floor":35},{"not_picked":["Masterful Stab","Poisoned Stab+1","Underhanded Strike"],"picked":"SKIP","floor":39},{"not_picked":["Caltrops+1","Slice"],"picked":"Finisher","floor":41},{"not_picked":["Dagger Throw","All Out Attack+1"],"picked":"Accuracy+1","floor":44},{"not_picked":["Deadly Poison","Underhanded Strike+1"],"picked":"Cloak And Dagger","floor":45},{"not_picked":["All Out Attack","Terror","Venomology"],"picked":"SKIP","floor":46}],"player_experience":2285895,"relics_obtained":[{"floor":9,"key":"Kunai"},{"floor":10,"key":"Lantern"},{"floor":12,"key":"Centennial Puzzle"},{"floor":14,"key":"Potion Belt"},{"floor":23,"key":"Gremlin Horn"},{"floor":26,"key":"Smiling Mask"},{"floor":36,"key":"Shovel"},{"floor":38,"key":"Frozen Egg 2"},{"floor":41,"key":"Bronze Scales"},{"floor":43,"key":"Blue Candle"},{"floor":44,"key":"Bag of Preparation"}],"event_choices":[{"damage_healed":0,"gold_gain":150,"player_choice":"AGREE","damage_taken":0,"max_hp_gain":0,"max_hp_loss":0,"event_name":"Liars Game","floor":3,"gold_loss":0,"cards_obtained":["Doubt"]},{"damage_healed":0,"gold_gain":0,"player_choice":"Ignored","damage_taken":0,"max_hp_gain":0,"max_hp_loss":0,"event_name":"Golden Idol","floor":4,"gold_loss":0},{"damage_healed":0,"gold_gain":0,"player_choice":"Donut","damage_taken":0,"max_hp_gain":5,"max_hp_loss":0,"event_name":"Big Fish","floor":5,"gold_loss":0},{"cards_removed":["Doubt"],"damage_healed":0,"gold_gain":0,"player_choice":"Card Removal","damage_taken":0,"max_hp_gain":0,"max_hp_loss":0,"event_name":"The Cleric","floor":8,"gold_loss":75},{"damage_healed":0,"gold_gain":0,"player_choice":"Ignored","damage_taken":0,"max_hp_gain":0,"max_hp_loss":0,"event_name":"The Mausoleum","floor":19,"gold_loss":0},{"damage_healed":0,"gold_gain":0,"player_choice":"Obtained Relic","damage_taken":0,"relics_obtained":["Happy Flower"],"max_hp_gain":0,"max_hp_loss":0,"event_name":"Addict","floor":20,"gold_loss":85},{"damage_healed":0,"gold_gain":50,"player_choice":"Stole From Cult","damage_taken":0,"max_hp_gain":0,"max_hp_loss":0,"event_name":"Nest","floor":29,"gold_loss":0},{"damage_healed":0,"gold_gain":0,"player_choice":"Fight","damage_taken":0,"max_hp_gain":0,"max_hp_loss":0,"event_name":"Mysterious Sphere","floor":36,"gold_loss":0},{"damage_healed":0,"gold_gain":0,"player_choice":"Ignored","damage_taken":0,"max_hp_gain":0,"max_hp_loss":0,"event_name":"Tomb of Lord Red Mask","floor":37,"gold_loss":0},{"damage_healed":0,"gold_gain":0,"player_choice":"Forge","damage_taken":0,"max_hp_gain":0,"max_hp_loss":0,"event_name":"Accursed Blacksmith","floor":48,"gold_loss":0,"cards_upgraded":["After Image"]}],"is_beta":false,"boss_relics":[{"not_picked":["Velvet Choker","Snecko Eye"],"picked":"Orrery"},{"not_picked":["Pandora\u0027s Box","Calling Bell"],"picked":"WristBlade"}],"items_purged_floors":[11,31],"is_endless":false,"potions_floor_spawned":[1,7,14,16,25,27,28,35,41,44],"ascension_level":15}