{"gold_per_floor":[114,133,208,219,238,256,113,137,184,184,184,218,238,238],"floor_reached":14,"playtime":701,"items_purged":["Defend_B"],"score":101,"play_id":"0e63a5e6-2cd3-433d-9d5d-8e80f32b74ca","local_time":"20181029230044","is_ascension_mode":true,"campfire_choices":[{"floor":10,"key":"REST"}],"neow_cost":"PERCENT_DAMAGE","seed_source_timestamp":563928503816418,"circlet_count":0,"master_deck":["Strike_B","Strike_B","Strike_B","Strike_B","Defend_B","Defend_B","Defend_B","Zap","Dualcast","Mayhem","Mind Blast","Steam","Static Discharge","Defragment","White Noise","Heatsinks","Doom and Gloom"],"relics":["Cracked Core","Pen Nib","Strawberry","Orichalcum"],"potions_floor_usage":[12,14],"damage_taken":[{"damage":1,"enemies":"Cultist","floor":1,"turns":4},{"damage":1,"enemies":"2 Louse","floor":2,"turns":3},{"damage":7,"enemies":"Jaw Worm","floor":4,"turns":3},{"damage":10,"enemies":"Blue Slaver","floor":5,"turns":4},{"damage":7,"enemies":"Large Slime","floor":6,"turns":6},{"damage":35,"enemies":"Lagavulin","floor":12,"turns":6},{"damage":12,"enemies":"Red Slaver","floor":13,"turns":3},{"damage":4,"enemies":"Exordium Thugs","floor":14,"turns":1}],"seed_played":"6599716191956417571","potions_obtained":[{"floor":2,"key":"Energy Potion"},{"floor":4,"key":"Energy Potion"},{"floor":6,"key":"Dexterity Potion"}],"is_trial":false,"path_per_floor":["M","M","?","M","M","M","$","T","T","R","?","E","M"],"character_chosen":"DEFECT","items_purchased":["Heatsinks"],"campfire_rested":1,"item_purchase_floors":[7],"current_hp_per_floor":[53,52,41,34,24,17,17,17,24,48,48,13,1,0],"gold":238,"neow_bonus":"RANDOM_COLORLESS_2","is_prod":false,"is_daily":false,"chose_seed":false,"campfire_upgraded":0,"win_rate":0,"timestamp":1540854044,"path_taken":["M","?","?","?","M","M","?","?","T","R","?","E","M","?"],"build_version":"2018-10-25v2","purchased_purges":1,"victory":false,"max_hp_per_floor":[75,75,75,75,75,75,75,75,82,82,82,82,82,82],"card_choices":[{"not_picked":["Storm","Undo"],"picked":"Steam","floor":1},{"not_picked":["Storm","Stack"],"picked":"Static Discharge","floor":2},{"not_picked":["Sweeping Beam","Redo"],"picked":"Defragment","floor":4},{"not_picked":["Ball Lightning","Scrape"],"picked":"White Noise","floor":5},{"not_picked":["Fission","Skim","Steam"],"picked":"SKIP","floor":6},{"not_picked":["Steam","Aggregate","Capacitor"],"picked":"SKIP","floor":12},{"not_picked":["Coolheaded","Rebound"],"picked":"Doom and Gloom","floor":13}],"player_experience":227283,"relics_obtained":[{"floor":8,"key":"Pen Nib"},{"floor":9,"key":"Strawberry"},{"floor":12,"key":"Orichalcum"}],"event_choices":[{"damage_healed":0,"gold_gain":75,"player_choice":"Gather Gold","damage_taken":11,"max_hp_gain":0,"max_hp_loss":0,"event_name":"World of Goop","floor":3,"gold_loss":0},{"damage_healed":0,"gold_gain":0,"player_choice":"Ignored","damage_taken":0,"max_hp_gain":0,"max_hp_loss":0,"event_name":"Golden Idol","floor":11,"gold_loss":0}],"is_beta":false,"boss_relics":[],"items_purged_floors":[7],"is_endless":false,"potions_floor_spawned":[2,4,6],"killed_by":"Exordium Thugs","ascension_level":2}