{"gold_per_floor":[109,122,142,142,159,190,190,207,260,276,296,322,5,20,20,117,117,134,134,144,156,172,172,191,204,204,215,80,96,96,113,113,113],"floor_reached":33,"playtime":3855,"items_purged":[],"score":269,"play_id":"53b3b918-3cb9-41db-a0bd-a50f54db1575","local_time":"20190509173839","is_ascension_mode":false,"campfire_choices":[{"floor":15,"key":"REST"},{"data":"Adrenaline","floor":23,"key":"SMITH"},{"floor":30,"key":"REST"},{"floor":32,"key":"REST"}],"neow_cost":"NONE","seed_source_timestamp":29965373824688,"circlet_count":0,"master_deck":["Defend_G","Defend_G","Defend_G","Defend_G","Defend_G","Strike_G","Strike_G","Strike_G","Strike_G","Survivor","Neutralize+1","Masterful Stab","Poisoned Stab","Poisoned Stab","Bouncing Flask","Dagger Throw","Deadly Poison","Flying Knee","Die Die Die","Footwork","Bandage Up","Bandage Up","Backflip","Adrenaline+1","Bouncing Flask+1","Prepared+1","Leg Sweep","Dodge and Roll+1","Outmaneuver+1","Backflip","PiercingWail","Envenom","Escape Plan"],"relics":["Ring of the Snake","Snake Skull","Happy Flower","Pantograph","DollysMirror","White Beast Statue","Juzu Bracelet"],"potions_floor_usage":[8,11,12,12,14,20,20,22,22,24,24,25,27,31,31,33],"damage_taken":[{"damage":0,"enemies":"Cultist","floor":1,"turns":4},{"damage":0,"enemies":"Small Slimes","floor":2,"turns":3},{"damage":6,"enemies":"Jaw Worm","floor":3,"turns":3},{"damage":0,"enemies":"Red Slaver","floor":5,"turns":3},{"damage":26,"enemies":"Gremlin Nob","floor":6,"turns":4},{"damage":0,"enemies":"Exordium Thugs","floor":8,"turns":3},{"damage":13,"enemies":"2 Fungi Beasts","floor":10,"turns":3},{"damage":0,"enemies":"3 Louse","floor":11,"turns":2},{"damage":8,"enemies":"Lagavulin","floor":12,"turns":4},{"damage":10,"enemies":"Exordium Thugs","floor":14,"turns":4},{"damage":20,"enemies":"The Guardian","floor":16,"turns":7},{"damage":15,"enemies":"Shell Parasite","floor":18,"turns":5},{"damage":9,"enemies":"2 Thieves","floor":20,"turns":3},{"damage":18,"enemies":"Snake Plant","floor":21,"turns":4},{"damage":21,"enemies":"Centurion and Healer","floor":22,"turns":6},{"damage":20,"enemies":"Cultist and Chosen","floor":24,"turns":5},{"damage":5,"enemies":"3 Cultists","floor":25,"turns":5},{"damage":21,"enemies":"Shelled Parasite and Fungi","floor":27,"turns":7},{"damage":6,"enemies":"Snake Plant","floor":29,"turns":6},{"damage":8,"enemies":"Cultist and Chosen","floor":31,"turns":6},{"damage":49,"enemies":"Champ","floor":33,"turns":12}],"seed_played":"-2900762856636254390","potions_obtained":[{"floor":5,"key":"Weak Potion"},{"floor":7,"key":"Ancient Potion"},{"floor":7,"key":"Fire Potion"},{"floor":10,"key":"AttackPotion"},{"floor":11,"key":"Regen Potion"},{"floor":12,"key":"Block Potion"},{"floor":16,"key":"Fire Potion"},{"floor":18,"key":"Regen Potion"},{"floor":20,"key":"Strength Potion"},{"floor":21,"key":"FearPotion"},{"floor":22,"key":"GamblersBrew"},{"floor":24,"key":"Fire Potion"},{"floor":25,"key":"Regen Potion"},{"floor":27,"key":"GhostInAJar"},{"floor":29,"key":"Poison Potion"},{"floor":31,"key":"SteroidPotion"}],"is_trial":false,"path_per_floor":["M","M","M","?","M","E","?","M","T","M","M","E","$","M","R","B",null,"M","?","M","M","M","R","M","M","T","M","$","M","R","M","R","B"],"character_chosen":"THE_SILENT","items_purchased":["Footwork","Bandage Up","DollysMirror","Envenom"],"campfire_rested":3,"item_purchase_floors":[13,13,13,28],"current_hp_per_floor":[70,70,64,64,64,38,38,38,38,25,25,31,31,29,50,57,70,59,59,67,57,44,44,32,35,35,37,37,39,60,56,70,29],"gold":113,"neow_bonus":"UPGRADE_CARD","is_prod":false,"is_daily":false,"chose_seed":false,"campfire_upgraded":1,"win_rate":0,"timestamp":1557391119,"path_taken":["M","M","M","?","?","E","?","M","T","?","M","E","$","M","R","BOSS","M","?","M","?","M","R","M","M","T","M","$","M","R","M","R","BOSS"],"build_version":"2019-01-23","purchased_purges":0,"victory":false,"max_hp_per_floor":[70,70,70,70,70,70,70,70,70,70,70,70,70,70,70,70,70,70,70,70,70,70,70,70,70,70,70,70,70,70,70,70,70],"card_choices":[{"not_picked":["Acrobatics","Dodge and Roll"],"picked":"Masterful Stab","floor":1},{"not_picked":["Backflip","Riddle With Holes"],"picked":"Poisoned Stab","floor":2},{"not_picked":["Well Laid Plans","Bane"],"picked":"Poisoned Stab","floor":3},{"not_picked":["Outmaneuver","Skewer"],"picked":"Bouncing Flask","floor":5},{"not_picked":["Deflect","Prepared"],"picked":"Dagger Throw","floor":6},{"not_picked":["Dodge and Roll","Quick Slash","Heel Hook"],"picked":"SKIP","floor":8},{"not_picked":["Flying Knee","Slice"],"picked":"Deadly Poison","floor":10},{"not_picked":["Dodge and Roll","Blade Dance"],"picked":"Flying Knee","floor":11},{"not_picked":["Flying Knee","Dodge and Roll"],"picked":"Die Die Die","floor":12},{"not_picked":["Deflect","Well Laid Plans"],"picked":"Backflip","floor":14},{"not_picked":["Die Die Die","Unload"],"picked":"Adrenaline","floor":16},{"not_picked":["Outmaneuver","Well Laid Plans"],"picked":"Bouncing Flask+1","floor":18},{"not_picked":["Choke","Distraction"],"picked":"Prepared+1","floor":20},{"not_picked":["Outmaneuver","Masterful Stab"],"picked":"Leg Sweep","floor":21},{"not_picked":["Acrobatics","Choke+1"],"picked":"Dodge and Roll+1","floor":22},{"not_picked":["Underhanded Strike","Poisoned Stab"],"picked":"Outmaneuver+1","floor":24},{"not_picked":["Deflect","Eviscerate+1"],"picked":"Backflip","floor":25},{"not_picked":["Underhanded Strike","Dagger Spray+1"],"picked":"PiercingWail","floor":27},{"not_picked":["Quick Slash","A Thousand Cuts"],"picked":"Escape Plan","floor":29},{"not_picked":["Riddle With Holes","Finisher","Outmaneuver"],"picked":"SKIP","floor":31}],"player_experience":148686,"relics_obtained":[{"floor":6,"key":"Snake Skull"},{"floor":9,"key":"Happy Flower"},{"floor":12,"key":"Pantograph"},{"floor":26,"key":"Juzu Bracelet"}],"event_choices":[{"cards_removed":["Strike_G"],"damage_healed":0,"gold_gain":0,"player_choice":"Purged","damage_taken":0,"max_hp_gain":0,"max_hp_loss":0,"event_name":"Purifier","floor":4,"gold_loss":0},{"damage_healed":0,"gold_gain":0,"player_choice":"Got Potions","damage_taken":0,"max_hp_gain":0,"max_hp_loss":0,"event_name":"Lab","floor":7,"gold_loss":0},{"damage_healed":0,"gold_gain":0,"player_choice":"0 cards matched","damage_taken":0,"max_hp_gain":0,"max_hp_loss":0,"event_name":"Match and Keep!","floor":19,"gold_loss":0,"cards_obtained":[]}],"is_beta":false,"boss_relics":[{"not_picked":["Runic Dome","Eternal Feather"],"picked":"White Beast Statue"}],"items_purged_floors":[],"is_endless":false,"potions_floor_spawned":[5,10,11,12,16,18,20,21,22,24,25,27,29,31],"killed_by":"Champ","ascension_level":0}