{"gold_per_floor":[119,133,183,196,196,196,223,242,242,276,289,289,315,326,326,402,402,416,433,445,462,478,478,503,503,503,537,537,562,562,589,589,665,665,684,684,703,532,550,575,607,633,633,661,576,576,596,630,630,630,630],"floor_reached":51,"playtime":2293,"items_purged":[],"score":2290,"play_id":"162d63db-578c-42df-bb96-aa8a7a9f91da","local_time":"20190214102158","daily_mods":["SealedDeck","DeadlyEvents","Elite Swarm"],"is_ascension_mode":true,"campfire_choices":[{"data":"Blade Dance","floor":6,"key":"SMITH"},{"data":"Blade Dance","floor":12,"key":"SMITH"},{"data":"Cloak And Dagger","floor":15,"key":"SMITH"},{"data":"Cloak And Dagger","floor":23,"key":"SMITH"},{"data":"Burst","floor":25,"key":"SMITH"},{"data":"A Thousand Cuts","floor":32,"key":"SMITH"},{"floor":49,"key":"RECALL"}],"neow_cost":"","seed_source_timestamp":0,"circlet_count":0,"master_deck":["AscendersBane","Deflect","Accuracy","Cloak And Dagger+1","Dagger Spray+1","Blade Dance+1","Dodge and Roll","Backstab+1","Cloak And Dagger","Blade Dance+1","Finisher","Backflip","After Image","Cloak And Dagger+1","Burst+1","Adrenaline","Malaise","Leg Sweep","Infinite Blades+1","PiercingWail","PiercingWail+1","Well Laid Plans","A Thousand Cuts+1","Terror","Footwork","Blur"],"relics":["Ring of the Snake","Prayer Wheel","Ninja Scroll","Ornamental Fan","Whetstone","Bag of Marbles","Sozu","Potion Belt","Paper Crane","Dodecahedron","Art of War","Orichalcum","Busted Crown","Vajra","Lantern","Anchor","Pen Nib","Omamori","Mercury Hourglass"],"potions_floor_usage":[10],"damage_taken":[{"damage":2,"enemies":"Jaw Worm","floor":1,"turns":2},{"damage":0,"enemies":"Cultist","floor":2,"turns":2},{"damage":0,"enemies":"2 Louse","floor":4,"turns":1},{"damage":5,"enemies":"Lagavulin","floor":7,"turns":5},{"damage":0,"enemies":"Red Slaver","floor":8,"turns":1},{"damage":0,"enemies":"Gremlin Nob","floor":10,"turns":1},{"damage":0,"enemies":"Large Slime","floor":11,"turns":2},{"damage":0,"enemies":"Lagavulin","floor":13,"turns":4},{"damage":0,"enemies":"3 Louse","floor":14,"turns":1},{"damage":3,"enemies":"The Guardian","floor":16,"turns":9},{"damage":0,"enemies":"Spheric Guardian","floor":18,"turns":2},{"damage":0,"enemies":"2 Thieves","floor":19,"turns":2},{"damage":0,"enemies":"Sentry and Sphere","floor":20,"turns":3},{"damage":5,"enemies":"Snecko","floor":21,"turns":4},{"damage":0,"enemies":"Snake Plant","floor":22,"turns":5},{"damage":1,"enemies":"Slavers","floor":24,"turns":3},{"damage":0,"enemies":"Book of Stabbing","floor":27,"turns":3},{"damage":0,"enemies":"Slavers","floor":29,"turns":4},{"damage":0,"enemies":"Gremlin Leader","floor":31,"turns":3},{"damage":0,"enemies":"Champ","floor":33,"turns":7},{"damage":0,"enemies":"Orb Walker","floor":35,"turns":1},{"damage":4,"enemies":"3 Shapes","floor":37,"turns":4},{"damage":0,"enemies":"Writhing Mass","floor":39,"turns":5},{"damage":0,"enemies":"Reptomancer","floor":40,"turns":3},{"damage":0,"enemies":"Giant Head","floor":41,"turns":1},{"damage":4,"enemies":"Nemesis","floor":42,"turns":3},{"damage":0,"enemies":"Reptomancer","floor":44,"turns":5},{"damage":0,"enemies":"Maw","floor":47,"turns":3},{"damage":0,"enemies":"Giant Head","floor":48,"turns":4},{"damage":45,"enemies":"Time Eater","floor":50,"turns":13},{"damage":17,"enemies":"Awakened One","floor":51,"turns":3}],"seed_played":"289298464200646485","potions_obtained":[{"floor":1,"key":"LiquidBronze"},{"floor":8,"key":"SteroidPotion"},{"floor":10,"key":"Dexterity Potion"},{"floor":11,"key":"Strength Potion"}],"is_trial":true,"path_per_floor":["M","M","?","M","?","R","E","M","T","E","M","R","E","M","R","B",null,"M","M","M","M","M","R","E","R","T","E","?","E","?","E","R","B",null,"M","?","M","$","M","E","E","E","T","E","$","?","M","E","R","B","B"],"character_chosen":"THE_SILENT","items_purchased":["Vajra","Footwork"],"campfire_rested":0,"item_purchase_floors":[38,45],"current_hp_per_floor":[57,57,57,57,57,57,52,52,52,52,52,52,52,52,52,49,62,62,62,62,57,57,57,56,56,56,56,56,56,56,56,56,56,64,64,64,60,60,60,60,60,56,56,56,56,56,56,56,56,11,0],"gold":630,"neow_bonus":"","is_prod":false,"is_daily":false,"chose_seed":false,"campfire_upgraded":6,"win_rate":0,"timestamp":1550168518,"path_taken":["M","M","?","?","?","R","E","M","T","E","M","R","E","M","R","BOSS","M","M","M","M","M","R","E","R","T","E","?","E","?","E","R","BOSS","M","?","?","$","M","E","?","E","T","E","$","?","?","E","R","BOSS","BOSS"],"build_version":"2019-01-23","purchased_purges":0,"victory":false,"max_hp_per_floor":[66,66,66,66,66,66,66,66,66,66,66,66,66,66,66,66,66,66,66,66,66,66,66,66,66,66,66,66,66,66,66,66,66,66,66,66,66,66,66,66,66,66,66,66,66,66,66,66,66,66,66],"card_choices":[{"not_picked":["Underhanded Strike","Quick Slash","Sucker Punch"],"picked":"SKIP","floor":1},{"not_picked":["Slice","Dash","Bane"],"picked":"SKIP","floor":2},{"not_picked":["Slice","Deadly Poison"],"picked":"Backflip","floor":4},{"not_picked":["Phantasmal Killer","A Thousand Cuts"],"picked":"After Image","floor":7},{"not_picked":["Slice","Terror"],"picked":"Cloak And Dagger","floor":8},{"not_picked":["Predator","Bouncing Flask","Underhanded Strike"],"picked":"SKIP","floor":8},{"not_picked":["After Image","Doppelganger"],"picked":"Burst","floor":10},{"not_picked":["Dash","Dodge and Roll","Outmaneuver"],"picked":"SKIP","floor":11},{"not_picked":["Eviscerate","Footwork","Riddle With Holes"],"picked":"SKIP","floor":11},{"not_picked":["Grand Finale","Doppelganger"],"picked":"Adrenaline","floor":13},{"not_picked":["Noxious Fumes","Flying Knee","Quick Slash"],"picked":"SKIP","floor":14},{"not_picked":["Poisoned Stab","Bane","Eviscerate"],"picked":"SKIP","floor":14},{"not_picked":["Tools of the Trade","After Image"],"picked":"Malaise","floor":16},{"not_picked":["Expertise","Dagger Spray"],"picked":"Leg Sweep","floor":18},{"not_picked":["Cloak And Dagger","Concentrate","Reflex"],"picked":"SKIP","floor":18},{"not_picked":["Dodge and Roll","Slice+1"],"picked":"Infinite Blades+1","floor":19},{"not_picked":["Reflex+1","Catalyst"],"picked":"PiercingWail","floor":19},{"not_picked":["Noxious Fumes","Dodge and Roll"],"picked":"PiercingWail+1","floor":20},{"not_picked":["Underhanded Strike","Blur","Choke"],"picked":"SKIP","floor":20},{"not_picked":["Riddle With Holes","Deadly Poison","Slice"],"picked":"SKIP","floor":21},{"not_picked":["Backflip","Dagger Spray","Acrobatics+1"],"picked":"SKIP","floor":21},{"not_picked":["Dagger Spray","Catalyst"],"picked":"Well Laid Plans","floor":22},{"not_picked":["Slice","Dagger Throw+1","PiercingWail"],"picked":"SKIP","floor":22},{"not_picked":["Wraith Form v2","Die Die Die","Doppelganger"],"picked":"SKIP","floor":24},{"not_picked":["Tools of the Trade","Wraith Form v2","Grand Finale"],"picked":"SKIP","floor":27},{"not_picked":["Envenom","Grand Finale","Storm of Steel"],"picked":"SKIP","floor":29},{"not_picked":["Phantasmal Killer","Corpse Explosion"],"picked":"A Thousand Cuts","floor":31},{"not_picked":["Quick Slash"],"picked":"SKIP","floor":35},{"not_picked":["Flechettes"],"picked":"SKIP","floor":35},{"not_picked":[],"picked":"Terror","floor":37},{"not_picked":["Outmaneuver"],"picked":"SKIP","floor":37},{"not_picked":["Prepared"],"picked":"SKIP","floor":39},{"not_picked":["Setup+1"],"picked":"SKIP","floor":39},{"not_picked":["Grand Finale"],"picked":"SKIP","floor":40},{"not_picked":["Unload"],"picked":"SKIP","floor":41},{"not_picked":["Burst"],"picked":"SKIP","floor":42},{"not_picked":["Phantasmal Killer"],"picked":"SKIP","floor":44},{"not_picked":[],"picked":"Blur","floor":47},{"not_picked":["Deflect"],"picked":"SKIP","floor":47},{"not_picked":["A Thousand Cuts"],"picked":"SKIP","floor":48}],"player_experience":2200400,"relics_obtained":[{"floor":7,"key":"Ninja Scroll"},{"floor":9,"key":"Ornamental Fan"},{"floor":10,"key":"Whetstone"},{"floor":13,"key":"Bag of Marbles"},{"floor":24,"key":"Potion Belt"},{"floor":26,"key":"Paper Crane"},{"floor":27,"key":"Dodecahedron"},{"floor":29,"key":"Art of War"},{"floor":31,"key":"Orichalcum"},{"floor":40,"key":"Lantern"},{"floor":41,"key":"Anchor"},{"floor":42,"key":"Pen Nib"},{"floor":44,"key":"Omamori"},{"floor":48,"key":"Mercury Hourglass"}],"event_choices":[{"damage_healed":0,"gold_gain":50,"player_choice":"Pray","damage_taken":0,"max_hp_gain":0,"max_hp_loss":0,"event_name":"Golden Shrine","floor":3,"gold_loss":0},{"damage_healed":0,"gold_gain":0,"player_choice":"Gave Potion","damage_taken":0,"relics_obtained":["Prayer Wheel"],"max_hp_gain":0,"max_hp_loss":0,"event_name":"WeMeetAgain","floor":5,"gold_loss":0},{"damage_healed":0,"gold_gain":0,"player_choice":"Ignored","damage_taken":0,"max_hp_gain":0,"max_hp_loss":0,"event_name":"The Mausoleum","floor":28,"gold_loss":0},{"damage_healed":0,"gold_gain":0,"player_choice":"Ignored","damage_taken":0,"max_hp_gain":0,"max_hp_loss":0,"event_name":"Ghosts","floor":30,"gold_loss":0},{"damage_healed":0,"gold_gain":0,"player_choice":"Ignored","damage_taken":0,"max_hp_gain":0,"max_hp_loss":0,"event_name":"Transmorgrifier","floor":36,"gold_loss":0},{"damage_healed":0,"gold_gain":0,"player_choice":"Ignored","damage_taken":0,"max_hp_gain":0,"max_hp_loss":0,"event_name":"Tomb of Lord Red Mask","floor":46,"gold_loss":0}],"is_beta":false,"boss_relics":[{"not_picked":["Fusion Hammer","Tiny House"],"picked":"Sozu"},{"not_picked":["Cursed Key","Lizard Tail"],"picked":"Busted Crown"}],"items_purged_floors":[],"is_endless":false,"potions_floor_spawned":[1,8,10,11,13,18,21,24,29,31,39,42,44,48],"killed_by":"Awakened One","ascension_level":20}