{"gold_per_floor":[139,157,173,173,187,187,219,233,258,287,287,303,323,356,356,431,431,448,168,258,111,134,134,134,165,192,192,203,60,85,103,103,103],"floor_reached":33,"playtime":1202,"items_purged":["Strike_B"],"score":534,"play_id":"12e369d6-8e80-4185-9f0a-19c4c674bf0e","local_time":"20181014204549","is_ascension_mode":true,"campfire_choices":[{"data":"Zap","floor":6.0,"key":"SMITH"},{"floor":11.0,"key":"REST"},{"floor":15.0,"key":"REST"},{"data":"Go for the Eyes","floor":23.0,"key":"SMITH"},{"floor":27.0,"key":"REST"},{"floor":32,"key":"REST"}],"neow_cost":"NONE","seed_source_timestamp":49169754374191,"circlet_count":0,"master_deck":["Strike_B","Strike_B","Strike_B","Defend_B","Defend_B","Defend_B","Defend_B","Zap+1","Dualcast","AscendersBane","Gash+1","Hologram","Gash","Ball Lightning","Beam Cell+1","Go for the Eyes+1","Genetic Algorithm","Chill","Leap","FTL","Echo Form","Cold Snap"],"special_seed":0,"relics":["Cracked Core","Tiny Chest","Pen Nib","Vajra","Oddly Smooth Stone","Happy Flower","Busted Crown","Lantern","Whetstone","Ancient Tea Set","MutagenicStrength","Bronze Scales","Bag of Preparation","Regal Pillow","Ice Cream"],"potions_floor_usage":[],"damage_taken":[{"damage":0.0,"enemies":"Small Slimes","floor":1.0,"turns":3.0},{"damage":0.0,"enemies":"2 Louse","floor":2.0,"turns":2.0},{"damage":0.0,"enemies":"Cultist","floor":3.0,"turns":3.0},{"damage":12.0,"enemies":"Gremlin Gang","floor":5.0,"turns":5.0},{"damage":20.0,"enemies":"Lagavulin","floor":7.0,"turns":6.0},{"damage":11.0,"enemies":"Blue Slaver","floor":8.0,"turns":3.0},{"damage":17.0,"enemies":"3 Sentries","floor":10.0,"turns":5.0},{"damage":10.0,"enemies":"Lots of Slimes","floor":12.0,"turns":3.0},{"damage":0.0,"enemies":"Gremlin Gang","floor":13.0,"turns":4.0},{"damage":3.0,"enemies":"Gremlin Nob","floor":14.0,"turns":3.0},{"damage":14.0,"enemies":"Hexaghost","floor":16.0,"turns":9.0},{"damage":9.0,"enemies":"3 Byrds","floor":18.0,"turns":5.0},{"damage":28.0,"enemies":"Slavers","floor":25.0,"turns":7.0},{"damage":0.0,"enemies":"2 Thieves","floor":28.0,"turns":4.0},{"damage":11.0,"enemies":"Book of Stabbing","floor":30.0,"turns":4.0},{"damage":7,"enemies":"Centurion and Healer","floor":31,"turns":3},{"damage":64,"enemies":"Automaton","floor":33,"turns":6}],"seed_played":"3658375585406821148","potions_obtained":[{"floor":2.0,"key":"Weak Potion"},{"floor":3.0,"key":"Poison Potion"},{"floor":5.0,"key":"Poison Potion"},{"floor":8.0,"key":"Weak Potion"},{"floor":10.0,"key":"Dexterity Potion"},{"floor":13.0,"key":"SteroidPotion"},{"floor":16.0,"key":"SkillPotion"},{"floor":18.0,"key":"SteroidPotion"},{"floor":25.0,"key":"Regen Potion"}],"is_trial":false,"path_per_floor":["M","M","M","?","M","R","E","M","T","E","R","M","M","E","R","B",null,"M","$","?","$","T","R","?","E","T","R","M","$","E","M","R"],"character_chosen":"DEFECT","items_purchased":["Lantern","PowerPotion","Whetstone","Regal Pillow"],"campfire_rested":4,"item_purchase_floors":[19,19,21,29],"current_hp_per_floor":[64,64,64,64,52,52,32,21,21,4,25,15,15,12,33,19,58,49,49,35,35,35,35,35,7,7,28,40,40,29,22,58,0],"gold":103,"neow_bonus":"RANDOM_COMMON_RELIC","is_prod":false,"is_daily":false,"chose_seed":false,"campfire_upgraded":2,"win_rate":0,"timestamp":1539575149,"path_taken":["M","M","M","?","?","R","E","M","T","E","R","M","M","E","R","BOSS","M","$","?","$","?","R","?","E","T","R","M","?","E","M","R","BOSS"],"build_version":"2018-10-11","purchased_purges":1,"victory":false,"max_hp_per_floor":[71,71,71,71,71,71,71,71,71,71,71,71,71,71,71,71,71,71,71,71,71,71,71,71,71,71,71,71,71,71,71,71,71],"card_choices":[{"not_picked":["Recycle","Turbo"],"picked":"Gash","floor":1.0},{"not_picked":["Chill","Aggregate"],"picked":"Hologram","floor":2.0},{"not_picked":["Rip and Tear","Skim"],"picked":"Gash","floor":3.0},{"not_picked":["Aggregate","Melter"],"picked":"Ball Lightning","floor":5.0},{"not_picked":["Redo","Steam Power"],"picked":"Beam Cell","floor":7.0},{"not_picked":["Steam","Compile Driver"],"picked":"Go for the Eyes","floor":8.0},{"not_picked":["Compile Driver","Gash"],"picked":"Genetic Algorithm","floor":10.0},{"not_picked":["Redo","Rebound"],"picked":"Chill","floor":12.0},{"not_picked":["Redo","Heatsinks"],"picked":"Leap","floor":13.0},{"not_picked":["Leap","Barrage"],"picked":"FTL","floor":14.0},{"not_picked":["Machine Learning","Biased Cognition"],"picked":"Echo Form","floor":16.0},{"not_picked":["Beam Cell"],"picked":"SKIP","floor":18.0},{"not_picked":[],"picked":"Cold Snap","floor":25.0},{"not_picked":["Streamline"],"picked":"SKIP","floor":28.0},{"not_picked":["Sunder"],"picked":"SKIP","floor":30},{"not_picked":["Steam Power"],"picked":"SKIP","floor":31}],"player_experience":1352614,"relics_obtained":[{"floor":7.0,"key":"Pen Nib"},{"floor":9.0,"key":"Vajra"},{"floor":10.0,"key":"Oddly Smooth Stone"},{"floor":14.0,"key":"Happy Flower"},{"floor":22.0,"key":"Ancient Tea Set"},{"floor":25.0,"key":"Bronze Scales"},{"floor":26.0,"key":"Bag of Preparation"},{"floor":30,"key":"Ice Cream"}],"event_choices":[{"event_name":"Liars Game","player_choice":"disagreed","floor":4.0,"damage_taken":0.0},{"event_name":"Knowing Skull","player_choice":"GOLD ","floor":20.0,"damage_taken":0.0},{"event_name":"Drug Dealer","player_choice":"Inject Mutagens","floor":24.0,"damage_taken":0.0}],"is_beta":false,"boss_relics":[{"not_picked":["Velvet Choker","Astrolabe"],"picked":"Busted Crown"}],"items_purged_floors":[19],"is_endless":false,"potions_floor_spawned":[2,3,5,8,10,13,16,18,25],"killed_by":"Automaton","ascension_level":15}