{"path_per_floor":["M","M","M","M","M","R","E","R","T","E","?","E","R","M","R","B",null,"M","$","?","$","M","R","E","R","T","$","E","M","R","M","R","B",null,"M","M","?","M","?","E","$","E","T","E","M","E","?","M","R","B"],"character_chosen":"DEFECT","items_purchased":["Omamori","Seek","Capacitor","Mango"],"gold_per_floor":[115,125,139,149,167,167,202,202,202,237,237,271,271,288,288,384,384,400,255,255,117,128,128,159,159,159,159,191,209,209,224,224,327,327,343,353,353,372,372,401,96,128,128,159,179,207,0,14,14,14],"floor_reached":51,"campfire_rested":3,"playtime":3711,"item_purchase_floors":[19,21,41,41],"current_hp_per_floor":[75,75,75,75,75,75,71,71,71,75,68,75,75,75,75,74,75,57,57,57,57,55,75,75,75,75,75,67,58,58,58,75,75,75,75,51,51,58,58,64,78,77,77,66,73,80,80,87,99,99],"items_purged":[],"gold":14,"score":1358,"play_id":"8f4e7dee-99c8-494d-9a67-ef4439b09810","local_time":"20180620172725","daily_mods":["Draft"],"is_prod":false,"is_daily":false,"chose_seed":true,"is_ascension_mode":true,"campfire_upgraded":6,"win_rate":0,"timestamp":1529540845,"campfire_choices":[{"data":"Defragment","floor":6,"key":"SMITH"},{"data":"Defragment","floor":8,"key":"SMITH"},{"data":"Defragment","floor":13,"key":"SMITH"},{"data":"Hologram","floor":15,"key":"SMITH"},{"floor":23,"key":"REST"},{"data":"Capacitor","floor":25,"key":"SMITH"},{"data":"Coolheaded","floor":30,"key":"SMITH"},{"floor":32,"key":"REST"},{"floor":49,"key":"REST"}],"path_taken":["M","M","M","M","M","R","E","R","T","E","?","E","R","M","R","BOSS","M","$","?","$","M","R","E","R","T","$","E","M","R","M","R","BOSS","M","M","?","M","?","E","$","E","T","E","?","E","?","M","R","BOSS"],"build_version":"2018-06-14v2","seed_source_timestamp":11833416957731,"purchased_purges":0,"victory":true,"master_deck":["Conserve Battery","Genetic Algorithm","Go for the Eyes","Sweeping Beam","Beam Cell","Defragment+1","BootSequence","Defragment+1","Self Repair","Hologram+1","Ball Lightning","Cold Snap","Steam","Steam","Defragment+1","Ball Lightning","Ball Lightning","Compile Driver","Echo Form","Go for the Eyes+1","Seek+1","Capacitor+1","Coolheaded+1","Leap+1","Streamline+1","Electrodynamics","White Noise+1","Hologram+1","Ball Lightning+1","Force Field","Capacitor","Cold Snap+1","Cold Snap+1","Stack+1","Barrage+1","Conserve Battery+1"],"max_hp_per_floor":[75,75,75,75,75,75,75,75,75,75,75,75,75,75,75,75,75,75,75,75,75,75,75,75,75,75,75,75,75,75,75,75,75,75,75,75,75,75,75,75,89,89,89,89,89,99,99,99,99,99],"special_seed":20635678,"relics":["Cracked Core","Happy Flower","Incense Burner","Mercury Hourglass","Ice Cream","Black Star","Omamori","Centennial Puzzle","Gremlin Horn","Bottled Flame","Question Card","The Courier","Molten Egg 2","Fusion Hammer","Boot","Singing Bowl","Mango","Potion Belt","War Paint","Sundial","Calipers","Emotion Chip","Toxic Egg 2","Pear","Red Mask"],"card_choices":[{"not_picked":["Coolheaded","Stack"],"picked":"Conserve Battery","floor":0},{"not_picked":["Turbo","Steam Power"],"picked":"Genetic Algorithm","floor":0},{"not_picked":["Beam Cell","Leap"],"picked":"Go for the Eyes","floor":0},{"not_picked":["Melter","Reprogram"],"picked":"Sweeping Beam","floor":0},{"not_picked":["Barrage","Conserve Battery"],"picked":"Beam Cell","floor":0},{"not_picked":["Streamline","Turbo"],"picked":"Defragment","floor":0},{"not_picked":["Beam Cell","Coolheaded"],"picked":"BootSequence","floor":0},{"not_picked":["Force Field","Conserve Battery"],"picked":"Rebound","floor":0},{"not_picked":["Storm","Stack"],"picked":"Defragment","floor":0},{"not_picked":["Go for the Eyes","Coolheaded"],"picked":"Self Repair","floor":0},{"not_picked":["Darkness","Go for the Eyes"],"picked":"Hologram","floor":0},{"not_picked":["Steam","Conserve Battery"],"picked":"Ball Lightning","floor":0},{"not_picked":["Blizzard","Steam Power"],"picked":"Cold Snap","floor":0},{"not_picked":["Redo","Recycle"],"picked":"Steam","floor":0},{"not_picked":["Undo","Darkness"],"picked":"Steam","floor":0},{"not_picked":["Self Repair","Gash","Streamline"],"picked":"SKIP","floor":1},{"not_picked":["Beam Cell","Scrape"],"picked":"Defragment","floor":2},{"not_picked":["Leap","Rip and Tear","Beam Cell"],"picked":"SKIP","floor":3},{"not_picked":["Beam Cell","Gash"],"picked":"Ball Lightning","floor":4},{"not_picked":["Blizzard","Hyperbeam","Undo"],"picked":"SKIP","floor":5},{"not_picked":["Beam Cell","Steam"],"picked":"Creative AI","floor":7},{"not_picked":["Hologram","Leap"],"picked":"Ball Lightning","floor":10},{"not_picked":["Hologram","Fusion"],"picked":"Compile Driver","floor":12},{"not_picked":["Redo","Steam","Beam Cell"],"picked":"SKIP","floor":14},{"not_picked":["Hyperbeam","Rainbow"],"picked":"Echo Form","floor":16},{"not_picked":["Compile Driver","Storm"],"picked":"Go for the Eyes+1","floor":18},{"not_picked":["Compile Driver","Go for the Eyes","Turbo"],"picked":"SKIP","floor":22},{"not_picked":["Barrage","Leap+1"],"picked":"Capacitor","floor":24},{"not_picked":["Self Repair","Reboot","Tempest+1"],"picked":"Coolheaded","floor":28},{"not_picked":["Barrage+1","BootSequence","Go for the Eyes+1"],"picked":"Leap","floor":29},{"not_picked":["Steam+1","Hologram","Reprogram"],"picked":"Streamline+1","floor":31},{"not_picked":["Amplify","Thunder Strike+1","Rainbow"],"picked":"Electrodynamics","floor":33},{"not_picked":["Steam Power+1","Go for the Eyes+1","Leap+1"],"picked":"White Noise+1","floor":35},{"not_picked":["Streamline+1","BootSequence","Storm+1"],"picked":"Hologram+1","floor":36},{"not_picked":["Defragment","Beam Cell+1","Rainbow"],"picked":"Ball Lightning+1","floor":38},{"not_picked":["Streamline+1","Stack+1","Consume"],"picked":"Force Field","floor":40},{"not_picked":["Go for the Eyes+1","Sweeping Beam+1","Rebound+1"],"picked":"Cold Snap+1","floor":42},{"not_picked":["Rebound+1","Streamline+1","Go for the Eyes+1"],"picked":"Cold Snap+1","floor":44},{"not_picked":["Steam Power","Leap+1","Scrape+1"],"picked":"Stack+1","floor":45},{"not_picked":["Seek","Gash+1","Chaos"],"picked":"Barrage+1","floor":46},{"not_picked":["Go for the Eyes+1","Rebound+1","Barrage+1"],"picked":"Conserve Battery+1","floor":48}],"player_experience":584111,"potions_floor_usage":[12,29,33,45,50,50,50,50],"damage_taken":[{"damage":0,"enemies":"Cultist","floor":1,"turns":3},{"damage":0,"enemies":"Small Slimes","floor":2,"turns":2},{"damage":0,"enemies":"Jaw Worm","floor":3,"turns":2},{"damage":3,"enemies":"Blue Slaver","floor":4,"turns":3},{"damage":0,"enemies":"Exordium Thugs","floor":5,"turns":3},{"damage":11,"enemies":"Gremlin Nob","floor":7,"turns":4},{"damage":3,"enemies":"3 Sentries","floor":10,"turns":5},{"damage":0,"enemies":"Lagavulin","floor":12,"turns":3},{"damage":0,"enemies":"3 Louse","floor":14,"turns":2},{"damage":8,"enemies":"The Guardian","floor":16,"turns":7},{"damage":18,"enemies":"2 Thieves","floor":18,"turns":4},{"damage":9,"enemies":"Spheric Guardian","floor":22,"turns":4},{"damage":3,"enemies":"Book of Stabbing","floor":24,"turns":5},{"damage":15,"enemies":"Slavers","floor":28,"turns":4},{"damage":16,"enemies":"Snake Plant","floor":29,"turns":5},{"damage":0,"enemies":"Sentry and Sphere","floor":31,"turns":4},{"damage":4,"enemies":"Champ","floor":33,"turns":7},{"damage":4,"enemies":"3 Shapes","floor":35,"turns":4},{"damage":24,"enemies":"3 Darklings","floor":36,"turns":4},{"damage":0,"enemies":"Maw","floor":38,"turns":7},{"damage":8,"enemies":"Giant Head","floor":40,"turns":7},{"damage":1,"enemies":"2 Orb Walkers","floor":42,"turns":4},{"damage":11,"enemies":"Nemesis","floor":44,"turns":5},{"damage":0,"enemies":"4 Shapes","floor":45,"turns":4},{"damage":10,"enemies":"2 Orb Walkers","floor":46,"turns":4},{"damage":0,"enemies":"Sphere and 2 Shapes","floor":48,"turns":4},{"damage":0,"enemies":"Time Eater","floor":50,"turns":9}],"relics_obtained":[{"floor":7,"key":"Happy Flower"},{"floor":9,"key":"Incense Burner"},{"floor":10,"key":"Mercury Hourglass"},{"floor":12,"key":"Ice Cream"},{"floor":24,"key":"Gremlin Horn"},{"floor":24,"key":"Bottled Flame"},{"floor":26,"key":"Question Card"},{"floor":28,"key":"The Courier"},{"floor":28,"key":"Molten Egg 2"},{"floor":40,"key":"Boot"},{"floor":40,"key":"Singing Bowl"},{"floor":42,"key":"Potion Belt"},{"floor":42,"key":"War Paint"},{"floor":43,"key":"Sundial"},{"floor":44,"key":"Calipers"},{"floor":44,"key":"Emotion Chip"},{"floor":46,"key":"Toxic Egg 2"},{"floor":46,"key":"Pear"}],"event_choices":[{"event_name":"Golden Wing","player_choice":"Card Removal","floor":11,"damage_taken":0},{"event_name":"Wheel of Change","player_choice":"Relic","floor":20,"damage_taken":0},{"event_name":"Falling","player_choice":"Removed Power","floor":37,"damage_taken":0},{"event_name":"SecretPortal","player_choice":"Rejected Portal.","floor":39,"damage_taken":0},{"event_name":"Tomb of Lord Red Mask","player_choice":"Paid","floor":47,"damage_taken":0}],"boss_relics":[{"not_picked":["Pandora\u0027s Box","Ectoplasm"],"picked":"Black Star"},{"not_picked":["White Beast Statue","Sozu"],"picked":"Fusion Hammer"}],"items_purged_floors":[],"is_endless":false,"potions_floor_spawned":[4,12,14,24,31,36,38,42,45,46],"seed_played":"-6500996746892128807","ascension_level":9,"potions_obtained":[{"floor":4,"key":"Fire Potion"},{"floor":12,"key":"SpeedPotion"},{"floor":14,"key":"Swift Potion"},{"floor":24,"key":"Regen Potion"},{"floor":31,"key":"Strength Potion"},{"floor":36,"key":"Energy Potion"},{"floor":38,"key":"Fire Potion"},{"floor":42,"key":"SkillPotion"},{"floor":45,"key":"Ancient Potion"},{"floor":46,"key":"EssenceOfSteel"}],"is_trial":true}