{"gold_per_floor":[110,125,139,139,63,96,115,115,115,127,145,145,161,181,181,285,285,303,303,141,158,158,185,185,210,258,286,298],"floor_reached":28,"playtime":903,"items_purged":[],"score":242,"play_id":"26457203-e7e4-49c1-8a07-ba90b270ab36","local_time":"20181026222446","is_ascension_mode":false,"campfire_choices":[{"data":"Zap","floor":12,"key":"SMITH"},{"data":"Loop","floor":15,"key":"SMITH"},{"data":"Creative AI","floor":24,"key":"SMITH"}],"neow_cost":"CURSE","seed_source_timestamp":496160656272607,"circlet_count":0,"master_deck":["Strike_B+1","Strike_B+1","Strike_B+1","Strike_B+1","Defend_B+1","Defend_B+1","Defend_B+1","Defend_B+1","Zap+1","Dualcast","Biased Cognition","Leap","Self Repair","Chaos","Loop+1","Ball Lightning","Go for the Eyes","BootSequence","Rebound","Turbo","Hello World","Biased Cognition","Double Energy+1","Creative AI+1","Ball Lightning","Writhe","Capacitor","Leap+1","Doom and Gloom"],"relics":["Cracked Core","PreservedInsect","Gremlin Horn","DataDisk","Eternal Feather","Orichalcum","Strawberry","Red Mask","MawBank"],"potions_floor_usage":[7,16,23,23,28],"damage_taken":[{"damage":4,"enemies":"2 Louse","floor":1,"turns":2},{"damage":17,"enemies":"Small Slimes","floor":2,"turns":4},{"damage":4,"enemies":"Jaw Worm","floor":3,"turns":3},{"damage":22,"enemies":"3 Sentries","floor":6,"turns":6},{"damage":8,"enemies":"Red Slaver","floor":7,"turns":3},{"damage":10,"enemies":"Looter","floor":10,"turns":3},{"damage":3,"enemies":"2 Fungi Beasts","floor":11,"turns":3},{"damage":5,"enemies":"Blue Slaver","floor":13,"turns":4},{"damage":7,"enemies":"3 Louse","floor":14,"turns":2},{"damage":7,"enemies":"Hexaghost","floor":16,"turns":7},{"damage":0,"enemies":"Chosen","floor":18,"turns":3},{"damage":10,"enemies":"Spheric Guardian","floor":21,"turns":3},{"damage":20,"enemies":"Slavers","floor":23,"turns":5},{"damage":52,"enemies":"Masked Bandits","floor":25,"turns":5},{"damage":24,"enemies":"Snake Plant","floor":27,"turns":4},{"damage":14,"enemies":"Centurion and Healer","floor":28,"turns":2}],"seed_played":"7962352826255778762","potions_obtained":[{"floor":3,"key":"Ancient Potion"},{"floor":6,"key":"Regen Potion"},{"floor":7,"key":"SteroidPotion"},{"floor":10,"key":"EssenceOfSteel"},{"floor":14,"key":"PowerPotion"},{"floor":18,"key":"EssenceOfSteel"},{"floor":25,"key":"Poison Potion"}],"is_trial":false,"path_per_floor":["M","M","M","?","$","E","M","?","T","M","M","R","M","M","R","B",null,"M","?","$","M","?","E","R","?","T","M"],"character_chosen":"DEFECT","items_purchased":["Loop","Creative AI"],"campfire_rested":0,"item_purchase_floors":[5,20],"current_hp_per_floor":[71,54,50,43,43,28,36,36,36,33,37,37,39,32,32,32,75,75,75,75,72,72,66,81,36,36,12,0],"gold":298,"neow_bonus":"THREE_RARE_CARDS","is_prod":false,"is_daily":false,"chose_seed":false,"campfire_upgraded":3,"win_rate":0,"timestamp":1540585486,"path_taken":["M","M","M","?","$","E","M","?","T","?","M","R","?","M","R","BOSS","M","?","$","M","?","E","R","?","T","M","M"],"build_version":"2018-10-25v2","purchased_purges":0,"victory":false,"max_hp_per_floor":[75,75,75,75,75,75,75,75,75,75,75,75,75,75,75,75,75,75,75,75,75,75,82,82,82,82,82,82],"card_choices":[{"not_picked":["Machine Learning","Buffer"],"picked":"Biased Cognition","floor":0},{"not_picked":["Conserve Battery","Aggregate"],"picked":"Leap","floor":1},{"not_picked":["Rebound","Barrage"],"picked":"Self Repair","floor":2},{"not_picked":["Reprogram","Consume"],"picked":"Chaos","floor":3},{"not_picked":["Cold Snap","Barrage"],"picked":"Ball Lightning","floor":6},{"not_picked":["Rebound","Hologram"],"picked":"Go for the Eyes","floor":7},{"not_picked":["Sweeping Beam","Stack"],"picked":"BootSequence","floor":10},{"not_picked":["Sweeping Beam","Stack"],"picked":"Rebound","floor":11},{"not_picked":["Fission","Redo"],"picked":"Turbo","floor":13},{"not_picked":["Heatsinks","Leap"],"picked":"Hello World","floor":14},{"not_picked":["Meteor Strike","Echo Form"],"picked":"Biased Cognition","floor":16},{"not_picked":["Compile Driver","Skim+1"],"picked":"Double Energy+1","floor":18},{"not_picked":["Chaos","Recycle+1"],"picked":"Ball Lightning","floor":21},{"not_picked":["Cold Snap","Steam"],"picked":"Capacitor","floor":23},{"not_picked":["Barrage+1","Steam"],"picked":"Leap+1","floor":25},{"not_picked":["Hologram","Leap"],"picked":"Doom and Gloom","floor":27}],"player_experience":302168,"relics_obtained":[{"floor":6,"key":"PreservedInsect"},{"floor":9,"key":"DataDisk"},{"floor":23,"key":"Strawberry"},{"floor":25,"key":"Red Mask"},{"floor":26,"key":"MawBank"}],"event_choices":[{"cards_removed":["Pain"],"damage_healed":0,"gold_gain":0,"player_choice":"Card Removal","damage_taken":7,"max_hp_gain":0,"max_hp_loss":0,"event_name":"Golden Wing","floor":4,"gold_loss":0},{"damage_healed":0,"gold_gain":0,"player_choice":"Searched \u00271\u0027 times","damage_taken":0,"relics_obtained":["Gremlin Horn"],"max_hp_gain":0,"max_hp_loss":0,"event_name":"Dead Adventurer","floor":8,"gold_loss":0},{"damage_healed":0,"gold_gain":0,"player_choice":"Simplicity","damage_taken":0,"max_hp_gain":0,"max_hp_loss":0,"event_name":"Back to Basics","floor":19,"gold_loss":0,"cards_upgraded":["Strike_B","Strike_B","Strike_B","Strike_B","Defend_B","Defend_B","Defend_B","Defend_B"]},{"damage_healed":0,"gold_gain":0,"player_choice":"Opened","damage_taken":0,"relics_obtained":["Orichalcum"],"max_hp_gain":0,"max_hp_loss":0,"event_name":"The Mausoleum","floor":22,"gold_loss":0,"cards_obtained":["Writhe"]},{"damage_healed":0,"gold_gain":0,"player_choice":"Fought Bandits","damage_taken":0,"max_hp_gain":0,"max_hp_loss":0,"event_name":"Masked Bandits","floor":25,"gold_loss":0}],"is_beta":false,"boss_relics":[{"not_picked":["Astrolabe","Pandora\u0027s Box"],"picked":"Eternal Feather"}],"items_purged_floors":[],"is_endless":false,"potions_floor_spawned":[3,6,7,10,14,18,25],"killed_by":"Centurion and Healer","ascension_level":0}