{"gold_per_floor":[112,112,126,126,136,136,152,327,351,369,369,12,12,27,27,124,124,136,154,174,51,51,51,66,86,86,99,198,198],"floor_reached":29,"playtime":885,"items_purged":[],"score":329,"play_id":"106eb374-a65c-4ebc-a635-0d0b02eb7811","local_time":"20181112233058","is_ascension_mode":true,"campfire_choices":[{"data":"Zap","floor":6,"key":"SMITH"},{"data":"Defragment","floor":11,"key":"SMITH"},{"data":"Reinforced Body","floor":13,"key":"SMITH"},{"data":"Dualcast","floor":15,"key":"SMITH"},{"floor":23,"key":"REST"}],"neow_cost":"NONE","seed_source_timestamp":610375469117445,"circlet_count":0,"master_deck":["AscendersBane","Defend_B","Defend_B","Defend_B","Defend_B","Zap+1","Dualcast+1","Gash","Gash","Turbo","Defragment+1","Doubt","BootSequence","Reinforced Body+1","Ball Lightning","Electrodynamics+1","Rip and Tear+1","Chaos+1","Lockon+1","Glacier+1","Hologram","Capacitor+1","Gash+1","Hyperbeam+1"],"relics":["Cracked Core","NeowsBlessing","Oddly Smooth Stone","Boot","Membership Card","Frozen Egg 2","Astrolabe","Molten Egg 2","StoneCalendar"],"potions_floor_usage":[10,16,19,24],"damage_taken":[{"damage":0,"enemies":"Cultist","floor":1,"turns":1},{"damage":0,"enemies":"Small Slimes","floor":3,"turns":1},{"damage":0,"enemies":"Jaw Worm","floor":5,"turns":1},{"damage":8,"enemies":"Exordium Wildlife","floor":7,"turns":3},{"damage":0,"enemies":"Gremlin Gang","floor":10,"turns":4},{"damage":7,"enemies":"Blue Slaver","floor":14,"turns":3},{"damage":32,"enemies":"Hexaghost","floor":16,"turns":11},{"damage":1,"enemies":"Chosen","floor":18,"turns":3},{"damage":21,"enemies":"3 Byrds","floor":19,"turns":3},{"damage":6,"enemies":"Snake Plant","floor":20,"turns":4},{"damage":36,"enemies":"Shelled Parasite and Fungi","floor":24,"turns":4},{"damage":0,"enemies":"Cultist and Chosen","floor":25,"turns":4},{"damage":15,"enemies":"Snake Plant","floor":27,"turns":3},{"damage":6,"enemies":"Centurion and Healer","floor":29,"turns":2}],"seed_played":"-7832566227891429159","potions_obtained":[{"floor":3,"key":"AttackPotion"},{"floor":14,"key":"Swift Potion"},{"floor":16,"key":"SteroidPotion"},{"floor":19,"key":"Weak Potion"},{"floor":25,"key":"Swift Potion"}],"is_trial":false,"path_per_floor":["M","?","M","?","M","R","M","?","T","M","R","$","R","M","R","B",null,"M","M","M","$","?","R","M","M","T","M","?","M"],"character_chosen":"DEFECT","items_purchased":["Membership Card","Frozen Egg 2","Reinforced Body","Molten Egg 2"],"campfire_rested":1,"item_purchase_floors":[12,12,12,21],"current_hp_per_floor":[68,56,56,56,56,56,48,48,48,48,48,48,48,41,41,9,59,58,37,31,31,31,53,17,17,17,2,2,0],"gold":198,"neow_bonus":"THREE_ENEMY_KILL","is_prod":false,"is_daily":false,"chose_seed":false,"campfire_upgraded":4,"win_rate":0,"timestamp":1542061858,"path_taken":["M","?","M","?","M","R","?","?","T","M","R","$","R","M","R","BOSS","M","M","M","$","?","R","M","?","T","M","?","M"],"build_version":"2018-11-08","purchased_purges":0,"victory":false,"max_hp_per_floor":[75,75,75,75,75,75,75,75,75,75,75,75,75,75,75,75,75,75,75,75,75,75,75,75,75,75,75,75,75],"card_choices":[{"not_picked":["Consume","Leap"],"picked":"Gash","floor":1},{"not_picked":["Doom and Gloom","Chill"],"picked":"Gash","floor":3},{"not_picked":["Barrage","Stack"],"picked":"Turbo","floor":5},{"not_picked":["Conserve Battery","Rebound"],"picked":"Defragment","floor":7},{"not_picked":["Tempest","Electrodynamics"],"picked":"BootSequence","floor":10},{"not_picked":["Rebound","Cold Snap"],"picked":"Ball Lightning","floor":14},{"not_picked":["Hyperbeam","Core Surge"],"picked":"Electrodynamics+1","floor":16},{"not_picked":["Barrage","Compile Driver","Sunder"],"picked":"SKIP","floor":18},{"not_picked":["Leap","Barrage"],"picked":"Glacier","floor":19},{"not_picked":["Stack","Cold Snap"],"picked":"Hologram","floor":20},{"not_picked":["Turbo+1","Cold Snap+1"],"picked":"Capacitor+1","floor":24},{"not_picked":["Recycle+1","Barrage+1"],"picked":"Gash+1","floor":25},{"not_picked":["Conserve Battery","Steam+1"],"picked":"Hyperbeam+1","floor":27}],"player_experience":327238,"relics_obtained":[{"floor":9,"key":"Boot"},{"floor":26,"key":"StoneCalendar"}],"event_choices":[{"damage_healed":0,"gold_gain":0,"player_choice":"Success","damage_taken":12,"relics_obtained":["Oddly Smooth Stone"],"max_hp_gain":0,"max_hp_loss":0,"event_name":"Scrap Ooze","floor":2,"gold_loss":0},{"cards_removed":["Strike_B"],"damage_healed":0,"gold_gain":0,"player_choice":"Forget","damage_taken":0,"max_hp_gain":0,"max_hp_loss":0,"event_name":"Living Wall","floor":4,"gold_loss":0},{"damage_healed":0,"gold_gain":175,"player_choice":"AGREE","damage_taken":0,"max_hp_gain":0,"max_hp_loss":0,"event_name":"Liars Game","floor":8,"gold_loss":0,"cards_obtained":["Doubt"]},{"damage_healed":0,"gold_gain":0,"player_choice":"Upgraded","damage_taken":0,"max_hp_gain":0,"max_hp_loss":0,"event_name":"Upgrade Shrine","floor":22,"gold_loss":0,"cards_upgraded":["Glacier"]},{"damage_healed":0,"gold_gain":99,"player_choice":"Stole From Cult","damage_taken":0,"max_hp_gain":0,"max_hp_loss":0,"event_name":"Nest","floor":28,"gold_loss":0}],"is_beta":false,"boss_relics":[{"not_picked":["Velvet Choker","Ectoplasm"],"picked":"Astrolabe"}],"items_purged_floors":[],"is_endless":false,"potions_floor_spawned":[3,14,16,19,25],"killed_by":"Centurion and Healer","ascension_level":10}