{"gold_per_floor":[111,127,144,144,163,163,189,189,260,275,286,344,363,375,375,446,446,465,62,76,1,19,19,19],"floor_reached":24,"playtime":1490,"items_purged":["Shame"],"score":510,"play_id":"fd593aa3-17e3-47ca-8b04-8b545774827c","local_time":"20190210154227","is_ascension_mode":true,"campfire_choices":[{"data":"Adrenaline","floor":6.0,"key":"SMITH"},{"data":"Dash","floor":8.0,"key":"SMITH"},{"data":"Footwork","floor":15,"key":"SMITH"},{"data":"A Thousand Cuts","floor":23,"key":"SMITH"}],"neow_cost":"NONE","seed_source_timestamp":198474634362395,"circlet_count":0,"master_deck":["AscendersBane","Defend_G","Defend_G","Defend_G","Defend_G","Defend_G","Strike_G","Strike_G","Strike_G","Strike_G","Strike_G","Survivor","Neutralize","Quick Slash","Well Laid Plans","Terror","Adrenaline+1","Dash+1","Dodge and Roll","Footwork+1","Cloak And Dagger","A Thousand Cuts+1","Clumsy","Prepared+1","Footwork"],"special_seed":0,"relics":["Ring of the Snake","Tough Bandages","Darkstone Periapt","Tiny Chest","Calling Bell","Regal Pillow","Ornamental Fan","Unceasing Top","Calipers"],"potions_floor_usage":[12,13,14,22,24],"damage_taken":[{"damage":0.0,"enemies":"Jaw Worm","floor":1.0,"turns":7.0},{"damage":0.0,"enemies":"Cultist","floor":2.0,"turns":4.0},{"damage":14.0,"enemies":"Small Slimes","floor":3.0,"turns":4.0},{"damage":7.0,"enemies":"3 Louse","floor":5.0,"turns":6.0},{"damage":27.0,"enemies":"Gremlin Nob","floor":7.0,"turns":4.0},{"damage":0.0,"enemies":"Blue Slaver","floor":10.0,"turns":3.0},{"damage":15,"enemies":"Exordium Thugs","floor":11,"turns":6},{"damage":13,"enemies":"3 Sentries","floor":12,"turns":11},{"damage":1,"enemies":"Looter","floor":13,"turns":3},{"damage":0,"enemies":"Exordium Wildlife","floor":14,"turns":2},{"damage":0,"enemies":"The Guardian","floor":16,"turns":14},{"damage":3,"enemies":"Chosen","floor":18,"turns":9},{"damage":11,"enemies":"Shell Parasite","floor":20,"turns":10},{"damage":8,"enemies":"Chosen and Byrds","floor":22,"turns":10},{"damage":56,"enemies":"Cultist and Chosen","floor":24,"turns":5}],"seed_played":"-8462157522061578007","potions_obtained":[{"floor":2.0,"key":"Energy Potion"},{"floor":4.0,"key":"Regen Potion"},{"floor":7.0,"key":"Weak Potion"},{"floor":11,"key":"SpeedPotion"},{"floor":13,"key":"AttackPotion"},{"floor":16,"key":"GamblersBrew"},{"floor":20,"key":"Fire Potion"}],"is_trial":false,"path_per_floor":["M","M","M","?","M","R","E","R","T","M","M","E","M","M","R","B",null,"M","$","M","?","M","R","M"],"character_chosen":"THE_SILENT","items_purchased":["Calipers"],"campfire_rested":0,"item_purchase_floors":[19],"current_hp_per_floor":[65,65,51,51,59,59,32,32,32,32,17,4,3,3,3,3,73,70,70,59,59,51,51,0],"gold":19,"neow_bonus":"TEN_PERCENT_HP_BONUS","is_prod":false,"is_daily":false,"chose_seed":false,"campfire_upgraded":4,"win_rate":0,"timestamp":1549809747,"path_taken":["M","M","M","?","M","R","E","R","T","M","?","E","M","M","R","BOSS","M","$","M","?","M","R","M"],"build_version":"2019-01-23","purchased_purges":1,"victory":false,"max_hp_per_floor":[72,72,72,72,72,72,72,72,72,72,72,72,72,72,72,72,90,90,90,90,87,87,87,87],"card_choices":[{"not_picked":["Acrobatics","Slice"],"picked":"Quick Slash","floor":1.0},{"not_picked":["Tactician","Catalyst"],"picked":"Well Laid Plans","floor":2.0},{"not_picked":["PiercingWail","Slice"],"picked":"Terror","floor":3.0},{"not_picked":["Backflip","Outmaneuver"],"picked":"Adrenaline","floor":5.0},{"not_picked":["Quick Slash","Glass Knife"],"picked":"Dash","floor":7.0},{"not_picked":["Underhanded Strike","Eviscerate","Slice"],"picked":"SKIP","floor":10.0},{"not_picked":["Bane","Expertise"],"picked":"Dodge and Roll","floor":11},{"not_picked":["Backstab","Flying Knee"],"picked":"Footwork","floor":12},{"not_picked":["Outmaneuver","Backflip","Blade Dance"],"picked":"SKIP","floor":13},{"not_picked":["Backflip","Deflect"],"picked":"Cloak And Dagger","floor":14},{"not_picked":["Grand Finale","Burst"],"picked":"A Thousand Cuts","floor":16},{"not_picked":["Outmaneuver","Backflip"],"picked":"Prepared+1","floor":18},{"not_picked":["Doppelganger","Dagger Throw"],"picked":"Footwork","floor":20},{"not_picked":["Outmaneuver","Slice","Tactician"],"picked":"SKIP","floor":22}],"player_experience":505785,"relics_obtained":[{"floor":7.0,"key":"Tough Bandages"},{"floor":9.0,"key":"Darkstone Periapt"},{"floor":12,"key":"Tiny Chest"},{"floor":17,"key":"Regal Pillow"},{"floor":17,"key":"Ornamental Fan"},{"floor":17,"key":"Unceasing Top"}],"event_choices":[{"damage_healed":0.0,"max_hp_gain":0.0,"max_hp_loss":0.0,"gold_gain":0.0,"event_name":"Lab","player_choice":"Got Potions","floor":4.0,"gold_loss":0.0,"damage_taken":0.0},{"cards_removed":["Parasite"],"damage_healed":0,"gold_gain":0,"player_choice":"Gave Gold","damage_taken":0,"max_hp_gain":0,"max_hp_loss":0,"event_name":"Beggar","floor":21,"gold_loss":75}],"is_beta":false,"boss_relics":[{"not_picked":["Ring of the Serpent","Fusion Hammer"],"picked":"Calling Bell"}],"items_purged_floors":[19],"is_endless":false,"potions_floor_spawned":[2,7,11,13,16,20],"killed_by":"Cultist and Chosen","ascension_level":17}