{"gold_per_floor":[117,42,62,62,82,138,138,468,468,468,480,499,528,540,540,540],"floor_reached":16,"playtime":1882,"items_purged":[],"score":244,"play_id":"fe6b7642-d72f-4251-8f48-3b562f81edf3","local_time":"20190413043547","is_ascension_mode":true,"campfire_choices":[{"floor":7,"key":"REST"},{"data":"Body Slam","floor":10,"key":"SMITH"},{"floor":15,"key":"REST"}],"neow_cost":"NONE","seed_source_timestamp":2065448910161700,"circlet_count":0,"master_deck":["AscendersBane","Strike_R","Strike_R+1","Strike_R","Strike_R","Strike_R","Defend_R","Defend_R","Defend_R+1","Bash+1","Shrug It Off","Inflame","Body Slam+1","Spot Weakness","Juggernaut","Iron Wave","Iron Wave","Sword Boomerang","Metallicize"],"relics":["Burning Blood","Tiny Chest","Old Coin","Pear","Bag of Marbles"],"potions_floor_usage":[6,11,13,13],"damage_taken":[{"damage":12,"enemies":"Small Slimes","floor":1,"turns":4},{"damage":7,"enemies":"Jaw Worm","floor":3,"turns":3},{"damage":3,"enemies":"2 Louse","floor":5,"turns":4},{"damage":25,"enemies":"Gremlin Nob","floor":6,"turns":4},{"damage":19,"enemies":"Lagavulin","floor":8,"turns":6},{"damage":17,"enemies":"Looter","floor":11,"turns":3},{"damage":11,"enemies":"2 Fungi Beasts","floor":12,"turns":4},{"damage":33,"enemies":"Gremlin Nob","floor":13,"turns":5},{"damage":0,"enemies":"Lots of Slimes","floor":14,"turns":4},{"damage":60,"enemies":"Slime Boss","floor":16,"turns":9}],"seed_played":"-5476508589509851068","potions_obtained":[{"floor":1,"key":"Poison Potion"},{"floor":6,"key":"Fruit Juice"},{"floor":8,"key":"LiquidBronze"},{"floor":11,"key":"Regen Potion"},{"floor":12,"key":"Weak Potion"},{"floor":14,"key":"LiquidBronze"}],"is_trial":false,"path_per_floor":["M","?","M","?","M","E","R","E","T","R","M","M","E","M","R","B"],"character_chosen":"IRONCLAD","items_purchased":[],"campfire_rested":2,"item_purchase_floors":[],"current_hp_per_floor":[62,62,61,38,41,22,44,31,41,41,35,30,17,23,50,0],"gold":540,"neow_bonus":"UPGRADE_CARD","is_prod":false,"is_daily":false,"chose_seed":false,"campfire_upgraded":1,"win_rate":0,"timestamp":1555126547,"path_taken":["M","?","M","?","M","E","R","E","T","R","M","M","E","M","R","BOSS"],"build_version":"2019-01-23","purchased_purges":0,"victory":false,"max_hp_per_floor":[75,75,75,75,75,75,75,75,85,85,90,90,90,90,90,90],"card_choices":[{"not_picked":["Battle Trance","Armaments"],"picked":"Shrug It Off","floor":1},{"not_picked":["Flex","Body Slam"],"picked":"Inflame","floor":3},{"not_picked":["Bloodletting","Disarm"],"picked":"Body Slam","floor":5},{"not_picked":["Headbutt","Feel No Pain"],"picked":"Spot Weakness","floor":6},{"not_picked":["Headbutt","Wild Strike"],"picked":"Juggernaut","floor":8},{"not_picked":["Heavy Blade","Havoc"],"picked":"Iron Wave","floor":11},{"not_picked":["Double Tap","Havoc"],"picked":"Iron Wave","floor":12},{"not_picked":["Corruption","Combust"],"picked":"Sword Boomerang","floor":13},{"not_picked":["Thunderclap","Perfected Strike"],"picked":"Metallicize","floor":14}],"player_experience":2698576,"relics_obtained":[{"floor":6,"key":"Tiny Chest"},{"floor":8,"key":"Old Coin"},{"floor":9,"key":"Pear"},{"floor":13,"key":"Bag of Marbles"}],"event_choices":[{"cards_removed":["Defend_R"],"damage_healed":0,"gold_gain":0,"player_choice":"Card Removal","damage_taken":0,"max_hp_gain":0,"max_hp_loss":0,"event_name":"The Cleric","floor":2,"gold_loss":75},{"damage_healed":0,"gold_gain":0,"player_choice":"Entered Light","damage_taken":23,"max_hp_gain":0,"max_hp_loss":0,"event_name":"Shining Light","floor":4,"gold_loss":0,"cards_upgraded":["Strike_R","Defend_R"]}],"is_beta":false,"boss_relics":[],"items_purged_floors":[],"is_endless":false,"potions_floor_spawned":[1,6,8,11,12,14],"killed_by":"Slime Boss","ascension_level":20}