{"gold_per_floor":[118,198,273,273,238,238,256,281,281,281,294,294,326,344,344,421,421,434,434,180,200,28,62,62,62,62,95,95,58,68,95,95,171,171,183,183,82,133,151,151,177,11,11,45,45,45,59,59,59,59],"floor_reached":51,"playtime":3156,"items_purged":["Strike_G","Strike_G"],"score":1389,"play_id":"1a6db131-64a5-43c1-bb8a-68336a4408f8","local_time":"20181002232151","is_ascension_mode":true,"campfire_choices":[{"data":"A Thousand Cuts","floor":6.0,"key":"SMITH"},{"data":"Neutralize","floor":10.0,"key":"SMITH"},{"floor":15,"key":"REST"},{"data":"Footwork","floor":25,"key":"SMITH"},{"data":"Dodge and Roll","floor":28,"key":"SMITH"},{"data":"Caltrops","floor":32,"key":"SMITH"},{"data":"Noxious Fumes","floor":40,"key":"SMITH"},{"floor":45,"key":"REST"},{"data":"Strike_G","floor":49,"key":"PURGE"}],"neow_cost":"NONE","seed_source_timestamp":53271164212172,"circlet_count":0,"master_deck":["Defend_G","Defend_G","Defend_G","Defend_G","Defend_G","Strike_G","Survivor","Neutralize+1","AscendersBane","Dodge and Roll+1","Dash","A Thousand Cuts+1","Backflip","Footwork+1","Acrobatics+1","Blade Dance+1","Adrenaline+1","Deflect+1","Night Terror+1","Backflip+1","Dagger Throw","Escape Plan+1","Caltrops+1","Blade Dance+1","Blur+1","Acrobatics+1","Wraith Form v2","Acrobatics+1","Noxious Fumes+1","Dodge and Roll+1","Caltrops","Catalyst+1","Discovery+1","Cloak And Dagger+1","Backflip+1","Envenom","Footwork+1"],"special_seed":0,"relics":["Ring of the Snake","Toxic Egg 2","FossilizedHelix","Gambling Chip","HoveringKite","Anchor","Blood Vial","Ninja Scroll","Pen Nib","Lantern","Black Star","Peace Pipe","Happy Flower","Dream Catcher","Regal Pillow","Sundial","Bottled Lightning"],"potions_floor_usage":[21,23,50,50],"damage_taken":[{"damage":2.0,"enemies":"Cultist","floor":1.0,"turns":5.0},{"damage":2.0,"enemies":"Small Slimes","floor":7.0,"turns":4.0},{"damage":25.0,"enemies":"3 Sentries","floor":8.0,"turns":9.0},{"damage":0.0,"enemies":"Jaw Worm","floor":11.0,"turns":4.0},{"damage":21,"enemies":"Gremlin Nob","floor":13,"turns":6},{"damage":0,"enemies":"Lots of Slimes","floor":14,"turns":2},{"damage":1,"enemies":"The Guardian","floor":16,"turns":15},{"damage":0,"enemies":"Shell Parasite","floor":18,"turns":6},{"damage":0,"enemies":"3 Byrds","floor":21,"turns":2},{"damage":13,"enemies":"Slavers","floor":23,"turns":5},{"damage":1,"enemies":"Book of Stabbing","floor":27,"turns":5},{"damage":11,"enemies":"Sentry and Sphere","floor":30,"turns":5},{"damage":0,"enemies":"Gremlin Leader","floor":31,"turns":6},{"damage":29,"enemies":"Automaton","floor":33,"turns":14},{"damage":0,"enemies":"3 Darklings","floor":35,"turns":5},{"damage":0,"enemies":"Mysterious Sphere","floor":38,"turns":5},{"damage":0,"enemies":"3 Shapes","floor":39,"turns":2},{"damage":5,"enemies":"2 Orb Walkers","floor":41,"turns":4},{"damage":28,"enemies":"Giant Head","floor":44,"turns":8},{"damage":9,"enemies":"3 Darklings","floor":47,"turns":5},{"damage":29,"enemies":"Time Eater","floor":50,"turns":15}],"seed_played":"8950465841314196359","potions_obtained":[{"floor":8.0,"key":"LiquidBronze"},{"floor":16,"key":"FearPotion"},{"floor":18,"key":"Dexterity Potion"},{"floor":21,"key":"Regen Potion"},{"floor":27,"key":"GamblersBrew"},{"floor":31,"key":"EssenceOfSteel"},{"floor":33,"key":"PowerPotion"}],"is_trial":false,"path_per_floor":["M","?","?","?","?","R","M","E","T","R","M","?","E","M","R","B",null,"M","?","$","M","$","E","?","R","T","E","R","$","M","E","R","B",null,"M","?","$","?","M","R","E","$","T","E","R","?","M","?","R","B"],"character_chosen":"THE_SILENT","items_purchased":["Anchor","Dagger Throw","Caltrops","Blur+1","Noxious Fumes","Dodge and Roll+1","Catalyst+1","Discovery+1"],"campfire_rested":2,"item_purchase_floors":[20,20,22,29,37,37,42,42],"current_hp_per_floor":[57,57,46,46,62,62,60,35,35,35,35,35,14,14,33,32,58,58,58,58,58,58,58,58,58,58,59,59,59,50,52,52,25,56,58,58,58,60,62,62,59,59,59,33,66,66,57,57,57,30],"gold":59,"neow_bonus":"THREE_CARDS","is_prod":false,"is_daily":false,"chose_seed":false,"campfire_upgraded":6,"win_rate":0,"timestamp":1538547711,"path_taken":["M","?","?","?","?","R","M","E","T","R","?","?","E","M","R","BOSS","M","?","$","M","$","E","?","R","T","E","R","$","M","E","R","BOSS","M","?","$","?","M","R","E","$","T","E","R","?","M","?","R","BOSS"],"build_version":"2018-09-27","purchased_purges":2,"victory":true,"max_hp_per_floor":[66,66,66,66,66,66,66,66,66,66,66,66,66,66,66,66,66,66,66,66,66,66,66,66,66,66,66,66,66,66,66,66,66,66,66,66,66,66,66,66,66,66,66,66,66,66,66,63,63,63],"card_choices":[{"not_picked":["Slice","PiercingWail"],"picked":"Dodge and Roll","floor":0.0},{"not_picked":["Slice","Blade Dance"],"picked":"Dash","floor":1.0},{"not_picked":["Prepared","Blade Dance"],"picked":"Backflip","floor":7.0},{"not_picked":["Poisoned Stab","All Out Attack"],"picked":"Footwork","floor":8.0},{"not_picked":["Masterful Stab","Bane"],"picked":"Acrobatics+1","floor":11.0},{"not_picked":["Blade Dance+1","Bouncing Flask+1"],"picked":"Adrenaline+1","floor":13},{"not_picked":["Prepared+1","Endless Agony"],"picked":"Deflect+1","floor":14},{"not_picked":["Bullet Time+1","Storm of Steel+1"],"picked":"Night Terror+1","floor":16},{"not_picked":["Deadly Poison+1","PiercingWail+1"],"picked":"Backflip+1","floor":18},{"not_picked":["Dagger Throw+1","Tactician+1"],"picked":"Escape Plan+1","floor":21},{"not_picked":["Dagger Spray","Concentrate+1","Underhanded Strike"],"picked":"SKIP","floor":23},{"not_picked":["Glass Knife","Predator"],"picked":"Blade Dance+1","floor":27},{"not_picked":["Prepared+1","Bouncing Flask+1"],"picked":"Acrobatics+1","floor":30},{"not_picked":["Flechettes","Masterful Stab","Catalyst+1"],"picked":"SKIP","floor":31},{"not_picked":["Tools of the Trade","Unload"],"picked":"Wraith Form v2","floor":33},{"not_picked":["Concentrate+1","Endless Agony+1"],"picked":"Acrobatics+1","floor":35},{"not_picked":["Calculated Gamble+1","Blade Dance+1","Dodge and Roll+1"],"picked":"SKIP","floor":39},{"not_picked":["Riddle With Holes","Prepared+1"],"picked":"Caltrops","floor":41},{"not_picked":["Underhanded Strike","Endless Agony"],"picked":"Cloak And Dagger+1","floor":44},{"not_picked":["Prepared+1","Riddle With Holes"],"picked":"Backflip+1","floor":45},{"not_picked":["Flechettes","Prepared+1"],"picked":"Footwork+1","floor":47}],"player_experience":1237272,"relics_obtained":[{"floor":8.0,"key":"Toxic Egg 2"},{"floor":9.0,"key":"FossilizedHelix"},{"floor":13,"key":"Gambling Chip"},{"floor":23,"key":"Blood Vial"},{"floor":26,"key":"Ninja Scroll"},{"floor":27,"key":"Pen Nib"},{"floor":31,"key":"Lantern"},{"floor":38,"key":"Peace Pipe"},{"floor":41,"key":"Happy Flower"},{"floor":41,"key":"Dream Catcher"},{"floor":43,"key":"Regal Pillow"},{"floor":44,"key":"Sundial"},{"floor":44,"key":"Bottled Lightning"}],"event_choices":[{"event_name":"Golden Wing","player_choice":"Gained Gold","floor":2.0,"damage_taken":0.0},{"event_name":"World of Goop","player_choice":"Gather Gold","floor":3.0,"damage_taken":0.0},{"event_name":"Match and Keep!","player_choice":"1 cards matched","floor":4.0,"damage_taken":0.0},{"event_name":"The Cleric","player_choice":"Healed","floor":5.0,"damage_taken":0.0},{"event_name":"Match and Keep!","player_choice":"1 cards matched","floor":12,"damage_taken":0},{"event_name":"N\u0027loth","player_choice":"Ignored","floor":19,"damage_taken":0},{"event_name":"Bonfire Elementals","player_choice":"BASIC","floor":24,"damage_taken":0},{"event_name":"SensoryStone","player_choice":"Memory 1","floor":36,"damage_taken":0},{"event_name":"Mysterious Sphere","player_choice":"Fight","floor":38,"damage_taken":0},{"event_name":"Match and Keep!","player_choice":"1 cards matched","floor":46,"damage_taken":0},{"event_name":"Winding Halls","player_choice":"Max HP","floor":48,"damage_taken":0}],"is_beta":false,"boss_relics":[{"not_picked":["Orrery","Snecko Eye"],"picked":"HoveringKite"},{"not_picked":["Eternal Feather","Empty Cage"],"picked":"Black Star"}],"items_purged_floors":[20,22],"is_endless":false,"potions_floor_spawned":[8,16,18,21,27,31,33,35,38,47],"ascension_level":15}