{"gold_per_floor":[118,58,58,77,28,130,130,130,130,263,25,25,25,41,41,142,142,160,6,16,31,51,51,51],"floor_reached":24,"playtime":1005,"items_purged":[],"score":229,"play_id":"995bd3cb-e7a8-4004-b6d1-db15442d281f","local_time":"25620223144827","is_ascension_mode":false,"campfire_choices":[{"data":"beaked:Recite","floor":8.0,"key":"SMITH"},{"data":"beaked:Ceremony","floor":13.0,"key":"SMITH"},{"data":"beaked:Ceremony","floor":15.0,"key":"SMITH"},{"data":"beaked:Ceremony","floor":23,"key":"SMITH"}],"neow_cost":"NONE","seed_source_timestamp":11601090675781,"circlet_count":0,"master_deck":["beaked:Strike_Y+1","beaked:Strike_Y","beaked:Strike_Y","beaked:Strike_Y","beaked:Strike_Y","beaked:Strike_Y","beaked:Defend_Y","beaked:Defend_Y","beaked:Defend_Y","beaked:Defend_Y","beaked:Ceremony+1","beaked:Ceremony+1","beaked:Ceremony+1","beaked:SacrificialDive+1","beaked:Recite","beaked:Recite+1","beaked:Brace+1","beaked:Brainwash+1","beaked:Daydream","beaked:Evade+1","beaked:MachineEssence","beaked:CursingBlood","beaked:Flinch","beaked:Roost+1","beaked:SurvivalInstinct"],"special_seed":0,"relics":["beaked:MendingPlumage","NeowsBlessing","strawberrySpire:Treaders","Bottled Tornado","ReplayFunnel","aspiration:StickyExplosives","halation:HeavySnake","Orichalcum"],"potions_floor_usage":[20,22],"damage_taken":[{"damage":0.0,"enemies":"Small Slimes","floor":1.0,"turns":1.0},{"damage":0.0,"enemies":"Cultist","floor":4.0,"turns":1.0},{"damage":0.0,"enemies":"Lagavulin","floor":6.0,"turns":3.0},{"damage":30.0,"enemies":"strawberrySpire:EnergyPylons","floor":10.0,"turns":5.0},{"damage":11.0,"enemies":"Jaw Worm","floor":14.0,"turns":4.0},{"damage":69.0,"enemies":"The Guardian","floor":16.0,"turns":10.0},{"damage":6,"enemies":"3 Byrds","floor":18,"turns":4},{"damage":35,"enemies":"2 Thieves","floor":20,"turns":5},{"damage":30,"enemies":"Snake Plant","floor":21,"turns":7},{"damage":33,"enemies":"3 Cultists","floor":22,"turns":5},{"damage":11,"enemies":"Gremlin Leader","floor":24,"turns":3}],"seed_played":"3386333722105382130","potions_obtained":[{"floor":6.0,"key":"PowerPotion"},{"floor":14.0,"key":"jedi:tentaclejuice"},{"floor":16.0,"key":"PowerPotion"},{"floor":18,"key":"Fire Potion"}],"is_trial":false,"path_per_floor":["M","$","?","M","$","E","?","R","T","E","$","?","R","M","R","B",null,"M","$","M","M","M","R","E"],"character_chosen":"BEAKED_THE_CULTIST","items_purchased":["beaked:Recite","Fire Potion","aspiration:StickyExplosives","Orichalcum"],"campfire_rested":0,"item_purchase_floors":[2,5,11,19],"current_hp_per_floor":[50,50,50,50,50,50,50,50,50,36,36,36,36,42,42,32,50,50,50,31,39,27,27,26],"gold":51,"neow_bonus":"THREE_ENEMY_KILL","is_prod":false,"is_daily":false,"chose_seed":false,"campfire_upgraded":4,"win_rate":0.0,"timestamp":1550908107,"path_taken":["M","$","?","?","$","E","?","R","T","E","$","?","R","M","R","BOSS","M","?","M","M","M","R","E"],"build_version":"2019-01-23","purchased_purges":0,"victory":false,"max_hp_per_floor":[50,50,50,50,50,50,50,50,50,50,50,50,50,50,50,50,50,50,50,50,50,50,50,50],"card_choices":[{"not_picked":["beaked:Poke","beaked:SurvivalInstinct"],"picked":"beaked:SacrificialDive","floor":1.0},{"not_picked":["beaked:Overexert","beaked:Recite"],"picked":"beaked:DigDeep","floor":4.0},{"not_picked":["beaked:CursingBlood","beaked:Tweet"],"picked":"beaked:Brace","floor":6.0},{"not_picked":["beaked:TuckingFeathers","beaked:Tweet"],"picked":"beaked:Daydream","floor":10.0},{"not_picked":["beaked:DigDeep","beaked:SurvivalInstinct"],"picked":"beaked:Evade","floor":14.0},{"not_picked":["beaked:Caw","beaked:DarkPact"],"picked":"beaked:MachineEssence","floor":16.0},{"not_picked":["beaked:FeelMyPain","beaked:Daydream"],"picked":"beaked:CursingBlood","floor":18},{"not_picked":["beaked:SurvivalInstinct","beaked:HuntressEssence"],"picked":"beaked:Flinch","floor":20},{"not_picked":["beaked:MimicWarrior","beaked:CursingBlood"],"picked":"beaked:Roost+1","floor":21},{"not_picked":["beaked:Poke","beaked:MaddeningMurmurs"],"picked":"beaked:SurvivalInstinct","floor":22}],"player_experience":393369,"relics_obtained":[{"floor":6.0,"key":"strawberrySpire:Treaders"},{"floor":9.0,"key":"Bottled Tornado"},{"floor":10.0,"key":"ReplayFunnel"}],"event_choices":[{"damage_healed":0.0,"max_hp_gain":0.0,"max_hp_loss":0.0,"gold_gain":0.0,"event_name":"conspire:Investor","player_choice":"Leave","floor":3.0,"gold_loss":0.0,"damage_taken":0.0},{"damage_healed":0.0,"max_hp_gain":0.0,"max_hp_loss":0.0,"gold_gain":0.0,"event_name":"Upgrade Shrine","player_choice":"Upgraded","floor":12.0,"gold_loss":0.0,"damage_taken":0.0,"cards_upgraded":["beaked:SacrificialDive"]}],"is_beta":false,"boss_relics":[{"not_picked":["Tiny House","strawberrySpire:Dictionifier"],"picked":"halation:HeavySnake"}],"items_purged_floors":[],"is_endless":false,"potions_floor_spawned":[6,14,16,18],"killed_by":"Gremlin Leader","ascension_level":0}