{"gold_per_floor":[119,119,132,4,18,18,30,30,57,22,53,53,86,101,101,101],"floor_reached":16,"playtime":483,"items_purged":["Regret"],"score":204,"play_id":"28a40bac-6c77-463d-b573-82e95be4a415","local_time":"20181224181403","is_ascension_mode":true,"campfire_choices":[{"data":"Armaments","floor":6,"key":"SMITH"},{"data":"Carnage","floor":8,"key":"SMITH"},{"data":"Fiend Fire","floor":12,"key":"SMITH"},{"data":"Bash","floor":15,"key":"SMITH"}],"neow_cost":"PERCENT_DAMAGE","seed_source_timestamp":313428009893565,"circlet_count":0,"master_deck":["AscendersBane","Strike_R","Strike_R","Strike_R","Strike_R","Strike_R","Defend_R","Defend_R","Defend_R","Defend_R","Bash+1","Fiend Fire+1","Thunderclap","Cleave","Armaments+1","Carnage+1","Reaper","Clash+1","Pommel Strike+1"],"relics":["Burning Blood","PreservedInsect","Dream Catcher","Molten Egg 2","Unceasing Top"],"potions_floor_usage":[11,13,16,16],"damage_taken":[{"damage":0,"enemies":"2 Louse","floor":1,"turns":5},{"damage":16,"enemies":"Small Slimes","floor":3,"turns":4},{"damage":0,"enemies":"Jaw Worm","floor":5,"turns":3},{"damage":4,"enemies":"3 Louse","floor":7,"turns":4},{"damage":20,"enemies":"Lagavulin","floor":11,"turns":6},{"damage":16,"enemies":"Gremlin Nob","floor":13,"turns":3},{"damage":0,"enemies":"Looter","floor":14,"turns":1},{"damage":73,"enemies":"Hexaghost","floor":16,"turns":9}],"seed_played":"4279877466376114773","potions_obtained":[{"floor":5,"key":"Regen Potion"},{"floor":7,"key":"EssenceOfSteel"},{"floor":11,"key":"GamblersBrew"},{"floor":14,"key":"Strength Potion"}],"is_trial":false,"path_per_floor":["M","?","M","$","M","R","M","R","T","?","E","R","E","M","R","B"],"character_chosen":"IRONCLAD","items_purchased":["Armaments"],"campfire_rested":0,"item_purchase_floors":[4],"current_hp_per_floor":[56,56,46,46,52,52,54,54,54,72,58,58,57,63,63,0],"gold":101,"neow_bonus":"THREE_RARE_CARDS","is_prod":false,"is_daily":false,"chose_seed":false,"campfire_upgraded":4,"win_rate":0,"timestamp":1545671643,"path_taken":["M","?","M","$","M","R","M","R","T","?","E","R","E","M","R","BOSS"],"build_version":"2018-12-20","purchased_purges":1,"victory":false,"max_hp_per_floor":[75,75,75,75,75,75,75,75,75,75,75,75,75,75,75,75],"card_choices":[{"not_picked":["Offering","Double Tap"],"picked":"Fiend Fire","floor":0},{"not_picked":["Headbutt","Anger"],"picked":"Thunderclap","floor":1},{"not_picked":["Flex","Heavy Blade"],"picked":"Cleave","floor":3},{"not_picked":["Flex","Cleave"],"picked":"Carnage","floor":5},{"not_picked":["Anger","Pommel Strike"],"picked":"Reaper","floor":7},{"not_picked":["Second Wind","Hemokinesis","Rampage"],"picked":"SKIP","floor":11},{"not_picked":["Sentinel","Twin Strike+1"],"picked":"Clash+1","floor":13},{"not_picked":["Metallicize","Infernal Blade"],"picked":"Pommel Strike+1","floor":14}],"player_experience":383607,"relics_obtained":[{"floor":9,"key":"Dream Catcher"},{"floor":11,"key":"Molten Egg 2"},{"floor":13,"key":"Unceasing Top"}],"event_choices":[{"damage_healed":0,"gold_gain":0,"player_choice":"Box","damage_taken":0,"relics_obtained":["PreservedInsect"],"max_hp_gain":0,"max_hp_loss":0,"event_name":"Big Fish","floor":2,"gold_loss":0,"cards_obtained":["Regret"]},{"damage_healed":18,"gold_gain":0,"player_choice":"Healed","damage_taken":0,"max_hp_gain":0,"max_hp_loss":0,"event_name":"The Cleric","floor":10,"gold_loss":35}],"is_beta":false,"boss_relics":[],"items_purged_floors":[4],"is_endless":false,"potions_floor_spawned":[5,7,11,14],"killed_by":"Hexaghost","ascension_level":17}