{"gold_per_floor":[114,39,39,39,55,55,82,82,82,107,125,125,51,81,81,160,160,160,8,8,8,8,8,8,8,8,8,8,8,8,8,8,8,8,8,8,8,8,8,8,8,8,8,8,8,8,8,8,8,8,8],"floor_reached":52,"playtime":2642,"items_purged":["Injury"],"score":1821,"play_id":"ace92ac9-62c6-4fec-b52d-ce2c3bc8c5d0","local_time":"20190206201450","is_ascension_mode":true,"campfire_choices":[{"data":"Dagger Throw","floor":6.0,"key":"SMITH"},{"data":"Skewer","floor":8.0,"key":"SMITH"},{"floor":12.0,"key":"REST"},{"data":"Noxious Fumes","floor":15.0,"key":"SMITH"},{"data":"Deadly Poison","floor":23.0,"key":"SMITH"},{"floor":27.0,"key":"REST"},{"floor":32.0,"key":"REST"},{"data":"Footwork","floor":40.0,"key":"SMITH"},{"data":"Wraith Form v2","floor":45.0,"key":"SMITH"},{"data":"Catalyst","floor":47.0,"key":"SMITH"},{"data":"Crippling Poison","floor":49.0,"key":"SMITH"}],"neow_cost":"CURSE","seed_source_timestamp":43926281527605,"circlet_count":0,"master_deck":["AscendersBane","Defend_G","Defend_G","Defend_G","Defend_G","Defend_G","Strike_G","Strike_G","Strike_G","Strike_G","Strike_G","Survivor","Neutralize+1","Adrenaline","Backflip","Skewer+1","Deadly Poison+1","Noxious Fumes+1","Blur","After Image","Blur","Well Laid Plans","Backstab","Flying Knee+1","Dodge and Roll","PiercingWail","PiercingWail","Wraith Form v2+1","Venomology","Crippling Poison+1","Footwork+1","Crippling Poison+1","Catalyst+1"],"special_seed":0,"relics":["Ring of the Snake","Odd Mushroom","Omamori","Anchor","Ectoplasm","FaceOfCleric","The Courier","Happy Flower","Ninja Scroll","Singing Bowl","Runic Pyramid","Unceasing Top","Darkstone Periapt"],"potions_floor_usage":[51],"damage_taken":[{"damage":4.0,"enemies":"Small Slimes","floor":1.0,"turns":5.0},{"damage":0.0,"enemies":"2 Louse","floor":5.0,"turns":3.0},{"damage":25.0,"enemies":"The Mushroom Lair","floor":7.0,"turns":6.0},{"damage":16.0,"enemies":"Gremlin Nob","floor":10.0,"turns":5.0},{"damage":0.0,"enemies":"Cultist","floor":11.0,"turns":3.0},{"damage":22.0,"enemies":"3 Sentries","floor":14.0,"turns":6.0},{"damage":3.0,"enemies":"The Guardian","floor":16.0,"turns":11.0},{"damage":3.0,"enemies":"Chosen","floor":18.0,"turns":4.0},{"damage":0.0,"enemies":"Shell Parasite","floor":21.0,"turns":6.0},{"damage":6.0,"enemies":"Snecko","floor":22.0,"turns":7.0},{"damage":14.0,"enemies":"Slavers","floor":24.0,"turns":8.0},{"damage":8.0,"enemies":"Snake Plant","floor":28.0,"turns":5.0},{"damage":29.0,"enemies":"Gremlin Leader","floor":29.0,"turns":9.0},{"damage":14.0,"enemies":"3 Cultists","floor":30.0,"turns":6.0},{"damage":0.0,"enemies":"Centurion and Healer","floor":31.0,"turns":5.0},{"damage":20.0,"enemies":"Automaton","floor":33.0,"turns":12.0},{"damage":0.0,"enemies":"Orb Walker","floor":35.0,"turns":3.0},{"damage":0.0,"enemies":"3 Shapes","floor":36.0,"turns":5.0},{"damage":7.0,"enemies":"Mind Bloom Boss Battle","floor":37.0,"turns":9.0},{"damage":0.0,"enemies":"Maw","floor":42.0,"turns":9.0},{"damage":7.0,"enemies":"Writhing Mass","floor":46.0,"turns":8.0},{"damage":0.0,"enemies":"4 Shapes","floor":48.0,"turns":5.0},{"damage":59.0,"enemies":"Awakened One","floor":50.0,"turns":18.0},{"damage":11,"enemies":"Time Eater","floor":51,"turns":10}],"seed_played":"3811755467446446592","potions_obtained":[{"floor":1.0,"key":"GhostInAJar"},{"floor":7.0,"key":"Dexterity Potion"},{"floor":11.0,"key":"GamblersBrew"},{"floor":14.0,"key":"EssenceOfSteel"},{"floor":18.0,"key":"SkillPotion"},{"floor":28.0,"key":"Dexterity Potion"},{"floor":31.0,"key":"FairyPotion"},{"floor":42.0,"key":"LiquidBronze"},{"floor":46.0,"key":"Poison Potion"}],"is_trial":false,"path_per_floor":["M","$","?","?","M","R","?","R","T","E","M","R","$","E","R","B",null,"M","$","?","M","M","R","E","?","T","R","M","E","M","M","R","B",null,"M","M","?","?","?","R","$","M","T","$","R","M","R","M","R","B","B",null],"character_chosen":"THE_SILENT","items_purchased":["Noxious Fumes","Well Laid Plans","Backstab"],"campfire_rested":3,"item_purchase_floors":[13,19,19],"current_hp_per_floor":[55,55,55,55,55,55,30,30,30,14,14,33,33,11,11,8,52,49,49,49,50,45,45,32,32,32,52,45,17,6,7,29,10,60,63,64,73,73,81,81,81,82,82,82,82,76,76,79,79,21,11],"gold":8,"neow_bonus":"THREE_RARE_CARDS","is_prod":false,"is_daily":false,"chose_seed":false,"campfire_upgraded":8,"win_rate":0,"timestamp":1549512890,"path_taken":["M","$","?","?","M","R","?","R","T","E","M","R","$","E","R","BOSS","M","$","?","?","M","R","E","?","T","R","M","E","M","M","R","BOSS","M","M","?","?","?","R","?","M","T","$","R","M","R","M","R","BOSS","BOSS"],"build_version":"2019-01-23","purchased_purges":1,"victory":true,"max_hp_per_floor":[66,66,66,66,66,66,66,66,66,66,66,66,66,66,66,66,66,66,66,66,67,68,68,69,69,69,69,70,71,74,75,75,76,76,79,80,81,81,81,81,81,82,82,82,82,83,83,86,86,87,88],"card_choices":[{"not_picked":["Doppelganger","Malaise"],"picked":"Adrenaline","floor":0.0},{"not_picked":["Slice","Terror"],"picked":"Backflip","floor":1.0},{"not_picked":["Underhanded Strike","Expertise"],"picked":"Dagger Throw","floor":5.0},{"not_picked":["Outmaneuver","Blur"],"picked":"Skewer","floor":7.0},{"not_picked":["Reflex","Blade Dance","Eviscerate"],"picked":"SKIP","floor":10.0},{"not_picked":["Finisher","Predator"],"picked":"Deadly Poison","floor":11.0},{"not_picked":["Slice","Concentrate"],"picked":"Blur","floor":14.0},{"not_picked":["Doppelganger","Tools of the Trade"],"picked":"After Image","floor":16.0},{"not_picked":["Bane","Dagger Throw"],"picked":"Blur","floor":18.0},{"not_picked":["Acrobatics","Blade Dance"],"picked":"Flying Knee+1","floor":21.0},{"not_picked":["Bane","Quick Slash+1","Dagger Throw"],"picked":"SKIP","floor":22.0},{"not_picked":["Acrobatics","Storm of Steel"],"picked":"Dodge and Roll","floor":24.0},{"not_picked":["Poisoned Stab","Accuracy"],"picked":"PiercingWail","floor":28.0},{"not_picked":["Bane","Underhanded Strike"],"picked":"PiercingWail","floor":29.0},{"not_picked":["PiercingWail","Acrobatics","Dagger Throw"],"picked":"Singing Bowl","floor":30.0},{"not_picked":["Dagger Spray+1","Acrobatics"],"picked":"Wraith Form v2","floor":31.0},{"not_picked":["Grand Finale","Unload"],"picked":"Venomology","floor":33.0},{"not_picked":["Acrobatics","Dagger Throw","Prepared"],"picked":"Singing Bowl","floor":35.0},{"not_picked":["Prepared","Deflect"],"picked":"Crippling Poison","floor":36.0},{"not_picked":["Deflect","Noxious Fumes"],"picked":"Footwork","floor":37.0},{"not_picked":["Bane+1","Choke"],"picked":"Crippling Poison+1","floor":42.0},{"not_picked":["Setup","PiercingWail"],"picked":"Catalyst","floor":46.0},{"not_picked":["Dagger Throw","Flying Knee","Infinite Blades"],"picked":"Singing Bowl","floor":48.0}],"player_experience":2169996,"relics_obtained":[{"floor":7.0,"key":"Odd Mushroom"},{"floor":10.0,"key":"Omamori"},{"floor":14.0,"key":"Anchor"},{"floor":24.0,"key":"The Courier"},{"floor":26.0,"key":"Ninja Scroll"},{"floor":29.0,"key":"Singing Bowl"},{"floor":37.0,"key":"Unceasing Top"},{"floor":43.0,"key":"Darkstone Periapt"}],"event_choices":[{"damage_healed":0.0,"max_hp_gain":0.0,"max_hp_loss":0.0,"gold_gain":0.0,"event_name":"Golden Wing","player_choice":"Ignored","floor":3.0,"gold_loss":0.0,"damage_taken":0.0},{"damage_healed":0.0,"max_hp_gain":0.0,"max_hp_loss":0.0,"gold_gain":0.0,"event_name":"Living Wall","player_choice":"Grow","floor":4.0,"gold_loss":0.0,"damage_taken":0.0,"cards_upgraded":["Neutralize"]},{"damage_healed":0.0,"max_hp_gain":0.0,"max_hp_loss":0.0,"gold_gain":0.0,"event_name":"Mushrooms","player_choice":"Fought Mushrooms","floor":7.0,"gold_loss":0.0,"damage_taken":0.0},{"damage_healed":0.0,"max_hp_gain":0.0,"max_hp_loss":0.0,"gold_gain":0.0,"event_name":"FaceTrader","player_choice":"Trade","floor":20.0,"gold_loss":0.0,"damage_taken":0.0,"relics_obtained":["FaceOfCleric"]},{"damage_healed":0.0,"max_hp_gain":0.0,"max_hp_loss":0.0,"gold_gain":0.0,"event_name":"Addict","player_choice":"Stole Relic","floor":25.0,"gold_loss":0.0,"damage_taken":0.0,"relics_obtained":["Happy Flower"],"cards_obtained":["Shame"]},{"damage_healed":0.0,"max_hp_gain":0.0,"max_hp_loss":0.0,"gold_gain":0.0,"event_name":"MindBloom","player_choice":"Fight","floor":37.0,"gold_loss":0.0,"damage_taken":0.0},{"cards_removed":["Dagger Throw"],"damage_healed":0.0,"max_hp_gain":0.0,"max_hp_loss":0.0,"gold_gain":0.0,"event_name":"Falling","player_choice":"Removed Attack","floor":38.0,"gold_loss":0.0,"damage_taken":0.0},{"damage_healed":16.0,"max_hp_gain":0.0,"max_hp_loss":0.0,"gold_gain":0.0,"event_name":"Winding Halls","player_choice":"Writhe","floor":39.0,"gold_loss":0.0,"damage_taken":0.0,"cards_obtained":["Writhe"]}],"is_beta":false,"boss_relics":[{"not_picked":["Lizard Tail","Pandora\u0027s Box"],"picked":"Ectoplasm"},{"not_picked":["Busted Crown","Calling Bell"],"picked":"Runic Pyramid"}],"items_purged_floors":[2],"is_endless":false,"potions_floor_spawned":[1,7,11,14,18,21,28,31,42,46],"ascension_level":20}