{"gold_per_floor":[112,125,137,188,198,198,230,230,230,248,248,274,274,308,308,308],"floor_reached":16,"playtime":576,"items_purged":[],"score":210,"play_id":"8d7b0bef-784a-4d48-b60e-226df6c76a24","local_time":"20190425111116","is_ascension_mode":true,"campfire_choices":[{"data":"Bash","floor":6.0,"key":"SMITH"},{"data":"Clothesline","floor":8.0,"key":"SMITH"},{"floor":11.0,"key":"REST"},{"floor":15.0,"key":"REST"}],"neow_cost":"NONE","seed_source_timestamp":14287905077229,"circlet_count":0,"master_deck":["AscendersBane","Strike_R","Strike_R","Strike_R","Strike_R","Strike_R","Defend_R","Defend_R","Defend_R","Defend_R","Bash+1","Pommel Strike","Battle Trance","Clothesline+1","Cleave","Headbutt","Anger"],"special_seed":0,"relics":["Burning Blood","Centennial Puzzle","Self Forming Clay","Gremlin Horn","Oddly Smooth Stone","Potion Belt"],"potions_floor_usage":[],"damage_taken":[{"damage":6.0,"enemies":"Cultist","floor":1.0,"turns":4.0},{"damage":0.0,"enemies":"2 Louse","floor":2.0,"turns":3.0},{"damage":3.0,"enemies":"Small Slimes","floor":3.0,"turns":3.0},{"damage":26.0,"enemies":"Exordium Thugs","floor":5.0,"turns":5.0},{"damage":38.0,"enemies":"Lagavulin","floor":7.0,"turns":8.0},{"damage":12.0,"enemies":"Large Slime","floor":10.0,"turns":7.0},{"damage":26.0,"enemies":"3 Sentries","floor":12.0,"turns":5.0},{"damage":26.0,"enemies":"Lagavulin","floor":14.0,"turns":8.0},{"damage":40,"enemies":"Slime Boss","floor":16,"turns":7}],"seed_played":"1411423491939492975","potions_obtained":[{"floor":3.0,"key":"Explosive Potion"},{"floor":5.0,"key":"BloodPotion"},{"floor":7.0,"key":"Weak Potion"},{"floor":14.0,"key":"GamblersBrew"}],"is_trial":false,"path_per_floor":["M","M","M","?","M","R","E","R","T","M","R","E","?","E","R","B"],"character_chosen":"IRONCLAD","items_purchased":[],"campfire_rested":2,"item_purchase_floors":[],"current_hp_per_floor":[75,81,82,82,62,62,30,30,30,32,56,36,36,16,40,0],"gold":308,"neow_bonus":"TEN_PERCENT_HP_BONUS","is_prod":false,"is_daily":false,"chose_seed":false,"campfire_upgraded":2,"win_rate":0,"timestamp":1556215876,"path_taken":["M","M","?","?","M","R","E","R","T","M","R","E","?","E","R","BOSS"],"build_version":"2019-01-23","purchased_purges":0,"victory":false,"max_hp_per_floor":[82,82,82,82,82,82,82,82,82,82,82,82,82,82,82,82],"card_choices":[{"not_picked":["Heavy Blade","Dropkick"],"picked":"Pommel Strike","floor":1.0},{"not_picked":["Flex","Wild Strike"],"picked":"Battle Trance","floor":2.0},{"not_picked":["Thunderclap","Clash"],"picked":"Clothesline","floor":3.0},{"not_picked":["Sword Boomerang","Burning Pact"],"picked":"Cleave","floor":5.0},{"not_picked":["Twin Strike","Bloodletting"],"picked":"Headbutt","floor":7.0},{"not_picked":["Pommel Strike","Twin Strike","Fire Breathing"],"picked":"SKIP","floor":10.0},{"not_picked":["Offering","Twin Strike"],"picked":"Anger","floor":12.0},{"not_picked":["Flex","Body Slam","Combust"],"picked":"SKIP","floor":14.0}],"player_experience":2495456,"relics_obtained":[{"floor":7.0,"key":"Centennial Puzzle"},{"floor":9.0,"key":"Self Forming Clay"},{"floor":12.0,"key":"Gremlin Horn"},{"floor":14.0,"key":"Potion Belt"}],"event_choices":[{"damage_healed":0.0,"max_hp_gain":0.0,"max_hp_loss":0.0,"gold_gain":51.0,"event_name":"Golden Wing","player_choice":"Gained Gold","floor":4.0,"gold_loss":0.0,"damage_taken":0.0},{"damage_healed":0.0,"max_hp_gain":0.0,"max_hp_loss":0.0,"gold_gain":0.0,"event_name":"WeMeetAgain","player_choice":"Gave Potion","floor":13.0,"gold_loss":0.0,"damage_taken":0.0,"relics_obtained":["Oddly Smooth Stone"]}],"is_beta":false,"boss_relics":[],"items_purged_floors":[],"is_endless":false,"potions_floor_spawned":[3,5,7,14],"killed_by":"Slime Boss","ascension_level":15}