{"gold_per_floor":[111,125,138,138,149,5,5,20,20,20,55,22,22,22,22,119,119,139,139,152,77,94,124,124,136,162,261,261,290,302,302,302,401,401,418,418,430,443,32,43,69,82,82,82,82,107,107,38,38,38],"floor_reached":51,"playtime":3358,"items_purged":["Strike_B","Strike_B"],"score":745,"play_id":"c0fedb96-d362-4c35-85ed-bd60bee666b8","local_time":"20190303232704","is_ascension_mode":false,"campfire_choices":[{"data":"Zap","floor":7.0,"key":"SMITH"},{"data":"Hologram","floor":15.0,"key":"SMITH"},{"floor":24.0,"key":"REST"},{"data":"Hologram","floor":28.0,"key":"SMITH"},{"floor":32,"key":"REST"},{"floor":45,"key":"REST"},{"floor":49,"key":"REST"}],"neow_cost":"PERCENT_DAMAGE","seed_source_timestamp":4082286384721,"circlet_count":0,"master_deck":["Strike_B+1","Strike_B","Defend_B","Defend_B","Defend_B","Defend_B+1","Zap+1","Dualcast","Doom and Gloom","Gash","Auto Shields+1","Hologram+1","Offering","Echo Form","Streamline+1","Hologram+1","Gash+1","Gash+1","Redo","Electrodynamics","Leap","Darkness+1","Defragment+1","Steam","Redo","Writhe","Violence","Gash","Steam"],"special_seed":0,"relics":["Cracked Core","Pocketwatch","PreservedInsect","Unceasing Top","Pantograph","Busted Crown","Turnip","War Paint","Bag of Marbles","Black Star","CultistMask","Mango","Whetstone","Art of War","Shovel","StoneCalendar"],"potions_floor_usage":[33,38,40,41,46],"damage_taken":[{"damage":7.0,"enemies":"2 Louse","floor":1.0,"turns":2.0},{"damage":6.0,"enemies":"Cultist","floor":2.0,"turns":3.0},{"damage":0.0,"enemies":"Small Slimes","floor":3.0,"turns":2.0},{"damage":0.0,"enemies":"Gremlin Gang","floor":5.0,"turns":4.0},{"damage":0.0,"enemies":"Red Slaver","floor":8.0,"turns":3.0},{"damage":14.0,"enemies":"Gremlin Nob","floor":11.0,"turns":3.0},{"damage":22.0,"enemies":"Slime Boss","floor":16.0,"turns":7.0},{"damage":13.0,"enemies":"Shell Parasite","floor":18.0,"turns":5.0},{"damage":6.0,"enemies":"Spheric Guardian","floor":20.0,"turns":1.0},{"damage":13.0,"enemies":"Cultist and Chosen","floor":22.0,"turns":4.0},{"damage":32.0,"enemies":"Slavers","floor":23.0,"turns":3.0},{"damage":11.0,"enemies":"Snake Plant","floor":25.0,"turns":4.0},{"damage":14.0,"enemies":"Book of Stabbing","floor":29.0,"turns":4.0},{"damage":13,"enemies":"Sentry and Sphere","floor":30,"turns":4},{"damage":21,"enemies":"Champ","floor":33,"turns":7},{"damage":2,"enemies":"Orb Walker","floor":35,"turns":3},{"damage":16,"enemies":"3 Darklings","floor":37,"turns":3},{"damage":23,"enemies":"Writhing Mass","floor":38,"turns":6},{"damage":6,"enemies":"Transient","floor":40,"turns":5},{"damage":24,"enemies":"Giant Head","floor":41,"turns":6},{"damage":16,"enemies":"Sphere and 2 Shapes","floor":42,"turns":4},{"damage":18,"enemies":"Reptomancer","floor":46,"turns":4},{"damage":100,"enemies":"Donu and Deca","floor":50,"turns":9}],"seed_played":"6609566984374318535","potions_obtained":[{"floor":1.0,"key":"SneckoOil"},{"floor":2.0,"key":"SmokeBomb"},{"floor":3.0,"key":"Fire Potion"},{"floor":4.0,"key":"PowerPotion"},{"floor":11.0,"key":"Strength Potion"},{"floor":16.0,"key":"SpeedPotion"},{"floor":20.0,"key":"Regen Potion"},{"floor":22.0,"key":"FairyPotion"},{"floor":30,"key":"LiquidBronze"},{"floor":37,"key":"Fire Potion"},{"floor":38,"key":"SkillPotion"},{"floor":40,"key":"Strength Potion"},{"floor":42,"key":"GamblersBrew"}],"is_trial":false,"path_per_floor":["M","M","M","?","M","$","R","M","T","$","E","?","?","?","R","B",null,"M","$","M","$","M","E","R","M","T","?","R","E","M","?","R","B",null,"M","?","M","M","$","M","E","M","T","?","R","E","?","$","R","B",null],"character_chosen":"DEFECT","items_purchased":["PreservedInsect","Mango","Gash","Steam"],"campfire_rested":4,"item_purchase_floors":[6,39,48,48],"current_hp_per_floor":[47,41,41,41,41,41,41,41,41,41,27,27,27,27,27,30,75,62,62,56,56,43,20,42,31,31,31,31,17,4,4,26,30,75,73,73,57,34,48,42,18,2,2,24,50,32,32,32,58,8],"gold":38,"neow_bonus":"ONE_RARE_RELIC","is_prod":false,"is_daily":false,"chose_seed":false,"campfire_upgraded":3,"win_rate":0,"timestamp":1551652024,"path_taken":["M","M","M","?","M","$","R","?","T","$","E","?","?","?","R","BOSS","M","$","?","?","M","E","R","M","T","?","R","E","M","?","R","BOSS","M","?","M","?","$","M","E","M","T","?","R","E","?","$","R","BOSS"],"build_version":"2019-01-23","purchased_purges":2,"victory":true,"max_hp_per_floor":[75,75,75,75,75,75,75,75,75,75,75,75,75,75,75,75,75,75,75,75,75,75,75,75,75,75,75,75,75,75,75,75,75,75,75,75,75,75,89,89,89,89,89,89,89,89,89,89,89,89],"card_choices":[{"not_picked":["Streamline","Rebound"],"picked":"Doom and Gloom","floor":1.0},{"not_picked":["Melter","Static Discharge"],"picked":"Gash","floor":2.0},{"not_picked":["Fusion","Steam"],"picked":"Auto Shields","floor":3.0},{"not_picked":["Cold Snap","Blizzard"],"picked":"Chill","floor":5.0},{"not_picked":["Chaos","Storm"],"picked":"Hologram","floor":8.0},{"not_picked":["Cold Snap","Storm","Compile Driver"],"picked":"SKIP","floor":11.0},{"not_picked":["Machine Learning","Biased Cognition"],"picked":"Echo Form","floor":16.0},{"not_picked":[],"picked":"Streamline+1","floor":18.0},{"not_picked":[],"picked":"Hologram","floor":20.0},{"not_picked":["Force Field"],"picked":"SKIP","floor":22.0},{"not_picked":["Stack"],"picked":"SKIP","floor":23.0},{"not_picked":[],"picked":"Gash+1","floor":25.0},{"not_picked":[],"picked":"Gash","floor":29.0},{"not_picked":[],"picked":"Redo","floor":30},{"not_picked":[],"picked":"Electrodynamics","floor":33},{"not_picked":[],"picked":"Leap","floor":35},{"not_picked":["Coolheaded"],"picked":"SKIP","floor":37},{"not_picked":[],"picked":"Darkness+1","floor":38},{"not_picked":[],"picked":"Defragment+1","floor":40},{"not_picked":["Steam"],"picked":"SKIP","floor":41},{"not_picked":[],"picked":"Steam","floor":41},{"not_picked":[],"picked":"Redo","floor":42},{"not_picked":["Steam Power+1"],"picked":"SKIP","floor":46},{"not_picked":[],"picked":"Violence","floor":47}],"player_experience":587969,"relics_obtained":[{"floor":9.0,"key":"Unceasing Top"},{"floor":11.0,"key":"Pantograph"},{"floor":23.0,"key":"Turnip"},{"floor":26.0,"key":"War Paint"},{"floor":29.0,"key":"Bag of Marbles"},{"floor":41,"key":"Whetstone"},{"floor":41,"key":"Art of War"},{"floor":46,"key":"Shovel"},{"floor":46,"key":"StoneCalendar"}],"event_choices":[{"damage_healed":0.0,"max_hp_gain":0.0,"max_hp_loss":0.0,"gold_gain":0.0,"event_name":"Lab","player_choice":"Got Potions","floor":4.0,"gold_loss":0.0,"damage_taken":0.0},{"damage_healed":0.0,"max_hp_gain":0.0,"max_hp_loss":0.0,"gold_gain":0.0,"event_name":"World of Goop","player_choice":"Left Gold","floor":12.0,"gold_loss":33.0,"damage_taken":0.0},{"damage_healed":0.0,"max_hp_gain":0.0,"max_hp_loss":0.0,"gold_gain":0.0,"event_name":"The Cleric","player_choice":"Leave","floor":13.0,"gold_loss":0.0,"damage_taken":0.0},{"cards_removed":["Chill"],"damage_healed":0.0,"max_hp_gain":0.0,"max_hp_loss":0.0,"gold_gain":0.0,"event_name":"NoteForYourself","player_choice":"Took Card","floor":14.0,"gold_loss":0.0,"damage_taken":0.0,"cards_obtained":["Offering"]},{"damage_healed":0.0,"max_hp_gain":0.0,"max_hp_loss":0.0,"gold_gain":99.0,"event_name":"Nest","player_choice":"Stole From Cult","floor":27.0,"gold_loss":0.0,"damage_taken":0.0},{"damage_healed":0,"gold_gain":0,"player_choice":"Ignored","damage_taken":0,"max_hp_gain":0,"max_hp_loss":0,"event_name":"Vampires","floor":31,"gold_loss":0},{"damage_healed":0,"gold_gain":0,"player_choice":"Trade","damage_taken":0,"relics_obtained":["CultistMask"],"max_hp_gain":0,"max_hp_loss":0,"event_name":"FaceTrader","floor":36,"gold_loss":0},{"damage_healed":22,"gold_gain":0,"player_choice":"Writhe","damage_taken":0,"max_hp_gain":0,"max_hp_loss":0,"event_name":"Winding Halls","floor":44,"gold_loss":0,"cards_obtained":["Writhe"]},{"damage_healed":0,"gold_gain":0,"player_choice":"Memory 1","damage_taken":0,"max_hp_gain":0,"max_hp_loss":0,"event_name":"SensoryStone","floor":47,"gold_loss":0}],"is_beta":false,"boss_relics":[{"not_picked":["Empty Cage","Runic Dome"],"picked":"Busted Crown"},{"not_picked":["Orrery","Eternal Feather"],"picked":"Black Star"}],"items_purged_floors":[21,39],"is_endless":false,"potions_floor_spawned":[1,2,3,11,16,20,22,30,37,38,40,42],"ascension_level":0}