{"gold_per_floor":[115,40,40,60,6,6,33,33,82,95,128,128,155,165,165,242,242,253,253,253,229,229,263,263,263],"floor_reached":25,"playtime":1309,"items_purged":[],"score":474,"play_id":"8b25619a-1b9c-446a-9692-08c7db052966","local_time":"20190414041554","is_ascension_mode":true,"campfire_choices":[{"data":"Bash","floor":6,"key":"SMITH"},{"data":"Whirlwind","floor":8,"key":"SMITH"},{"data":"Armaments","floor":12,"key":"SMITH"},{"data":"Anger","floor":15,"key":"SMITH"},{"data":"Spot Weakness","floor":24,"key":"SMITH"}],"neow_cost":"NONE","seed_source_timestamp":2151228333535800,"circlet_count":0,"master_deck":["AscendersBane","Strike_R+1","Strike_R+1","Defend_R+1","Defend_R+1","Defend_R+1","Defend_R+1","Bash+1","Anger+1","Headbutt","Whirlwind+1","Armaments+1","Shrug It Off","Thunderclap","Impervious","Spot Weakness+1","Decay","Shrug It Off","Cleave+1"],"relics":["Burning Blood","CultistMask","Dodecahedron","Anchor","Regal Pillow","Orichalcum","Empty Cage","Prayer Wheel","Omamori"],"potions_floor_usage":[7,11,16,23,23],"damage_taken":[{"damage":7,"enemies":"Small Slimes","floor":1,"turns":5},{"damage":4,"enemies":"Jaw Worm","floor":4,"turns":4},{"damage":8,"enemies":"Gremlin Nob","floor":7,"turns":3},{"damage":0,"enemies":"Cultist","floor":10,"turns":2},{"damage":22,"enemies":"Lagavulin","floor":11,"turns":7},{"damage":8,"enemies":"Gremlin Nob","floor":13,"turns":3},{"damage":2,"enemies":"Blue Slaver","floor":14,"turns":3},{"damage":44,"enemies":"Hexaghost","floor":16,"turns":9},{"damage":6,"enemies":"Chosen","floor":18,"turns":7},{"damage":6,"enemies":"2 Thieves","floor":21,"turns":4},{"damage":24,"enemies":"Book of Stabbing","floor":23,"turns":4},{"damage":58,"enemies":"3 Cultists","floor":25,"turns":5}],"seed_played":"7960986729328532912","potions_obtained":[{"floor":7,"key":"Block Potion"},{"floor":13,"key":"Fire Potion"},{"floor":16,"key":"Strength Potion"},{"floor":21,"key":"LiquidBronze"}],"is_trial":false,"path_per_floor":["M","?","?","M","$","R","E","R","T","M","E","R","E","M","R","B",null,"M","?","?","M","T","E","R","M"],"character_chosen":"IRONCLAD","items_purchased":["AttackPotion"],"campfire_rested":0,"item_purchase_floors":[5],"current_hp_per_floor":[74,74,74,76,76,76,74,74,74,80,64,64,62,66,66,28,69,69,69,69,69,69,51,51,0],"gold":263,"neow_bonus":"TEN_PERCENT_HP_BONUS","is_prod":false,"is_daily":false,"chose_seed":false,"campfire_upgraded":5,"win_rate":0,"timestamp":1555211754,"path_taken":["M","?","?","M","$","R","E","R","T","?","E","R","E","M","R","BOSS","M","?","?","M","?","E","R","M"],"build_version":"2019-01-23","purchased_purges":0,"victory":false,"max_hp_per_floor":[82,82,82,82,82,82,82,82,82,82,82,82,82,82,82,82,82,82,82,82,82,82,82,82,82],"card_choices":[{"not_picked":["Flex","Metallicize"],"picked":"Anger","floor":1},{"not_picked":["Warcry","Wild Strike"],"picked":"Headbutt","floor":4},{"not_picked":["Fire Breathing","Intimidate"],"picked":"Whirlwind","floor":7},{"not_picked":["Metallicize","Body Slam"],"picked":"Armaments","floor":10},{"not_picked":["Armaments","Combust"],"picked":"Shrug It Off","floor":11},{"not_picked":["Heavy Blade","Body Slam"],"picked":"Thunderclap","floor":13},{"not_picked":["Sword Boomerang","Wild Strike","Anger"],"picked":"SKIP","floor":14},{"not_picked":["Brutality","Fiend Fire"],"picked":"Impervious","floor":16},{"not_picked":["Rupture","Flex"],"picked":"Spot Weakness","floor":18},{"not_picked":["Cleave","Intimidate"],"picked":"Shrug It Off","floor":21},{"not_picked":["Clothesline","Twin Strike"],"picked":"Cleave+1","floor":23}],"player_experience":2716933,"relics_obtained":[{"floor":7,"key":"Dodecahedron"},{"floor":9,"key":"Anchor"},{"floor":11,"key":"Regal Pillow"},{"floor":13,"key":"Orichalcum"},{"floor":22,"key":"Prayer Wheel"},{"floor":23,"key":"Omamori"}],"event_choices":[{"cards_removed":["Strike_R"],"damage_healed":0,"gold_gain":0,"player_choice":"Card Removal","damage_taken":0,"max_hp_gain":0,"max_hp_loss":0,"event_name":"The Cleric","floor":2,"gold_loss":75},{"damage_healed":0,"gold_gain":0,"player_choice":"Trade","damage_taken":0,"relics_obtained":["CultistMask"],"max_hp_gain":0,"max_hp_loss":0,"event_name":"FaceTrader","floor":3,"gold_loss":0},{"damage_healed":0,"gold_gain":0,"player_choice":"Simplicity","damage_taken":0,"max_hp_gain":0,"max_hp_loss":0,"event_name":"Back to Basics","floor":19,"gold_loss":0,"cards_upgraded":["Strike_R","Strike_R","Defend_R","Defend_R","Defend_R","Defend_R"]},{"damage_healed":0,"gold_gain":0,"player_choice":"Smashed Altar","damage_taken":0,"max_hp_gain":0,"max_hp_loss":0,"event_name":"Forgotten Altar","floor":20,"gold_loss":0,"cards_obtained":["Decay"]}],"is_beta":false,"boss_relics":[{"not_picked":["Coffee Dripper","White Beast Statue"],"picked":"Empty Cage"}],"items_purged_floors":[],"is_endless":false,"potions_floor_spawned":[7,13,16,21],"killed_by":"3 Cultists","ascension_level":20}