{"gold_per_floor":[119,136,136,136,148,148,162,162,230,230,250,250,276,286,286,364,364,375,73,73,87,98,98,13,30,30,48,65,65,100,118,118,196,196,207,207,207,222,233,233,267,20,20,39,39,0,13,31,31,31],"floor_reached":51,"playtime":2397,"items_purged":[],"score":1393,"play_id":"dd0d6cf6-9bdf-4c6c-a3c1-e3702f9e34c6","local_time":"20181003211701","is_ascension_mode":true,"campfire_choices":[{"data":"Sunder","floor":6,"key":"SMITH"},{"data":"Zap","floor":8,"key":"SMITH"},{"data":"Dualcast","floor":12,"key":"SMITH"},{"data":"Go for the Eyes","floor":15,"key":"SMITH"},{"data":"Storm","floor":23,"key":"SMITH"},{"data":"Coolheaded","floor":29,"key":"SMITH"},{"data":"White Noise","floor":32,"key":"SMITH"},{"data":"Go for the Eyes","floor":40,"key":"SMITH"},{"data":"Loop","floor":49,"key":"SMITH"}],"neow_cost":"NONE","seed_source_timestamp":132986890849677,"circlet_count":0,"master_deck":["Zap+1","Dualcast+1","AscendersBane","Coolheaded+1","Sunder+1","Genetic Algorithm","Go for the Eyes+1","Sweeping Beam","Steam","Hello World","Buffer","Leap","Tempest","Leap","Steam Power","Storm+1","Steam","Go for the Eyes+1","Self Repair","Ball Lightning","Force Field","Beam Cell","Cold Snap","Consume+1","White Noise+1","Stack","Chill","Compile Driver","Reinforced Body+1","Biased Cognition","Redo+1","Recycle","Skim","FTL","Compile Driver+1","Loop+1","Heatsinks","Hologram"],"relics":["Cracked Core","Ancient Tea Set","Mummified Hand","Bag of Marbles","Pandora\u0027s Box","Prayer Wheel","Anchor","Mercury Hourglass","Bag of Preparation","Inserter","Du-Vu Doll","Peace Pipe","Shuriken","Dream Catcher","Red Mask"],"potions_floor_usage":[11,25,50,50],"damage_taken":[{"damage":7,"enemies":"2 Louse","floor":1,"turns":2},{"damage":0,"enemies":"Cultist","floor":2,"turns":3},{"damage":4,"enemies":"Small Slimes","floor":5,"turns":3},{"damage":5,"enemies":"Looter","floor":7,"turns":3},{"damage":0,"enemies":"Gremlin Gang","floor":11,"turns":4},{"damage":6,"enemies":"3 Sentries","floor":13,"turns":6},{"damage":0,"enemies":"2 Fungi Beasts","floor":14,"turns":2},{"damage":2,"enemies":"The Guardian","floor":16,"turns":13},{"damage":11,"enemies":"3 Byrds","floor":18,"turns":5},{"damage":0,"enemies":"Shell Parasite","floor":21,"turns":6},{"damage":16,"enemies":"Shelled Parasite and Fungi","floor":22,"turns":5},{"damage":11,"enemies":"Sentry and Sphere","floor":25,"turns":5},{"damage":0,"enemies":"Centurion and Healer","floor":27,"turns":5},{"damage":1,"enemies":"Snake Plant","floor":28,"turns":3},{"damage":0,"enemies":"Gremlin Leader","floor":30,"turns":4},{"damage":0,"enemies":"Cultist and Chosen","floor":31,"turns":4},{"damage":0,"enemies":"Champ","floor":33,"turns":11},{"damage":0,"enemies":"3 Darklings","floor":35,"turns":6},{"damage":0,"enemies":"Mind Bloom Boss Battle","floor":37,"turns":8},{"damage":0,"enemies":"3 Shapes","floor":38,"turns":2},{"damage":0,"enemies":"3 Darklings","floor":39,"turns":4},{"damage":0,"enemies":"Nemesis","floor":41,"turns":7},{"damage":0,"enemies":"Transient","floor":44,"turns":5},{"damage":0,"enemies":"4 Shapes","floor":47,"turns":4},{"damage":0,"enemies":"Reptomancer","floor":48,"turns":4},{"damage":48,"enemies":"Time Eater","floor":50,"turns":10}],"seed_played":"2279943587217075779","potions_obtained":[{"floor":2,"key":"Fire Potion"},{"floor":7,"key":"AttackPotion"},{"floor":16,"key":"Dexterity Potion"},{"floor":18,"key":"Energy Potion"},{"floor":27,"key":"Weak Potion"},{"floor":33,"key":"Energy Potion"},{"floor":39,"key":"PowerPotion"}],"is_trial":false,"path_per_floor":["M","M","?","?","M","R","M","R","T","?","M","R","E","M","R","B",null,"M","$","?","M","M","R","?","M","T","M","M","R","E","M","R","B",null,"M","?","?","M","M","R","E","$","T","M","?","?","M","M","R","B"],"character_chosen":"DEFECT","items_purchased":["Prayer Wheel","Shuriken"],"campfire_rested":0,"item_purchase_floors":[19,42],"current_hp_per_floor":[57,57,71,71,67,67,62,62,62,67,67,67,61,61,61,59,72,61,61,61,68,59,59,59,55,55,62,68,68,75,75,75,76,76,76,72,72,72,72,72,72,72,72,72,72,72,72,72,72,31],"gold":31,"neow_bonus":"RANDOM_COMMON_RELIC","is_prod":false,"is_daily":false,"chose_seed":false,"campfire_upgraded":9,"win_rate":0,"timestamp":1538626621,"path_taken":["M","M","?","?","M","R","?","R","T","?","M","R","E","M","R","BOSS","M","$","?","M","M","R","?","?","T","M","M","R","E","M","R","BOSS","M","?","?","M","M","R","E","$","T","M","?","?","M","?","R","BOSS"],"build_version":"2018-09-27","purchased_purges":0,"victory":true,"max_hp_per_floor":[71,71,71,71,71,71,71,71,71,76,76,76,76,76,76,76,76,76,76,76,76,76,76,76,76,76,76,76,76,76,76,76,76,76,76,72,72,72,72,72,72,72,72,72,72,72,72,72,72,72],"card_choices":[{"not_picked":["Gash","Go for the Eyes"],"picked":"Coolheaded","floor":1},{"not_picked":["Turbo","Leap"],"picked":"Sunder","floor":2},{"not_picked":["Heatsinks","Compile Driver"],"picked":"Genetic Algorithm","floor":5},{"not_picked":["Streamline","Conserve Battery"],"picked":"Go for the Eyes","floor":7},{"not_picked":["Genetic Algorithm","Rebound"],"picked":"Sweeping Beam","floor":11},{"not_picked":["Amplify","Redo"],"picked":"Steam","floor":13},{"not_picked":["Steam","Double Energy"],"picked":"Hello World","floor":14},{"not_picked":["Multi-Cast","Hyperbeam"],"picked":"Buffer","floor":16},{"not_picked":["Leap","Streamline"],"picked":"Self Repair","floor":18},{"not_picked":["Conserve Battery","Streamline+1"],"picked":"Ball Lightning","floor":21},{"not_picked":["Conserve Battery","Hologram"],"picked":"Force Field","floor":21},{"not_picked":["Scrape","Coolheaded"],"picked":"Beam Cell","floor":22},{"not_picked":["Streamline+1","Turbo","Multi-Cast"],"picked":"SKIP","floor":22},{"not_picked":["Sweeping Beam","Leap"],"picked":"Cold Snap","floor":25},{"not_picked":["Streamline","Sunder","Barrage"],"picked":"SKIP","floor":25},{"not_picked":["Go for the Eyes","Conserve Battery"],"picked":"Consume+1","floor":27},{"not_picked":["Barrage","Streamline+1","Leap"],"picked":"SKIP","floor":27},{"not_picked":["Loop","Storm"],"picked":"White Noise","floor":28},{"not_picked":["Steam","Redo"],"picked":"Stack","floor":28},{"not_picked":["Doom and Gloom","Hologram"],"picked":"Chill","floor":30},{"not_picked":["Aggregate","BootSequence"],"picked":"Compile Driver","floor":31},{"not_picked":["Gash","Sweeping Beam"],"picked":"Reinforced Body+1","floor":31},{"not_picked":["Amplify","Seek"],"picked":"Biased Cognition","floor":33},{"not_picked":["Stack","Doom and Gloom+1"],"picked":"Redo+1","floor":35},{"not_picked":["Hologram","Go for the Eyes"],"picked":"Recycle","floor":35},{"not_picked":["Hello World+1","Darkness"],"picked":"Skim","floor":38},{"not_picked":["Chill+1","Melter"],"picked":"FTL","floor":38},{"not_picked":["Darkness","Reinforced Body"],"picked":"Compile Driver+1","floor":39},{"not_picked":["Rebound","Sunder"],"picked":"Loop","floor":39},{"not_picked":["Hello World","Scrape","Streamline"],"picked":"SKIP","floor":41},{"not_picked":["Leap+1","Gash","Sweeping Beam"],"picked":"SKIP","floor":44},{"not_picked":["Coolheaded","Steam Power","Doom and Gloom"],"picked":"SKIP","floor":44},{"not_picked":["Coolheaded","Consume"],"picked":"Heatsinks","floor":47},{"not_picked":["Leap","FTL+1"],"picked":"Hologram","floor":47},{"not_picked":["Tempest","Self Repair+1","Sweeping Beam"],"picked":"SKIP","floor":48},{"not_picked":["Turbo","Leap","Skim"],"picked":"SKIP","floor":48}],"player_experience":1254664,"relics_obtained":[{"floor":9,"key":"Mummified Hand"},{"floor":13,"key":"Bag of Marbles"},{"floor":26,"key":"Mercury Hourglass"},{"floor":30,"key":"Bag of Preparation"},{"floor":37,"key":"Du-Vu Doll"},{"floor":41,"key":"Peace Pipe"},{"floor":43,"key":"Dream Catcher"}],"event_choices":[{"event_name":"Wheel of Change","player_choice":"Full Heal","floor":3,"damage_taken":0},{"event_name":"Bonfire Elementals","player_choice":"BASIC","floor":4,"damage_taken":0},{"event_name":"Big Fish","player_choice":"Donut","floor":10,"damage_taken":0},{"event_name":"Ghosts","player_choice":"Ignored","floor":20,"damage_taken":0},{"event_name":"Addict","player_choice":"Obtained Relic","floor":24,"damage_taken":0},{"event_name":"Winding Halls","player_choice":"Max HP","floor":36,"damage_taken":0},{"event_name":"MindBloom","player_choice":"Fight","floor":37,"damage_taken":0},{"event_name":"SensoryStone","player_choice":"Memory 1","floor":45,"damage_taken":0},{"event_name":"Tomb of Lord Red Mask","player_choice":"Paid","floor":46,"damage_taken":0}],"is_beta":false,"boss_relics":[{"not_picked":["Calling Bell","Lizard Tail"],"picked":"Pandora\u0027s Box"},{"not_picked":["Velvet Choker","Philosopher\u0027s Stone"],"picked":"Inserter"}],"items_purged_floors":[],"is_endless":false,"potions_floor_spawned":[2,7,16,18,27,33,37,39,41,44],"ascension_level":15}