{"gold_per_floor":[18,34,34,45,45,45,10,49,98,98,98,12,12,28,28,28],"floor_reached":16,"playtime":661,"items_purged":[],"score":147,"play_id":"7625e77c-1308-4d51-acad-2d9a09732a5e","local_time":"20190104010301","is_ascension_mode":true,"campfire_choices":[{"data":"Neutralize","floor":6.0,"key":"SMITH"},{"floor":10.0,"key":"REST"},{"floor":13.0,"key":"REST"},{"data":"Terror","floor":15.0,"key":"SMITH"}],"neow_cost":"NO_GOLD","seed_source_timestamp":39123029255098,"circlet_count":0,"master_deck":["AscendersBane","Defend_G","Defend_G","Defend_G","Defend_G","Defend_G","Strike_G+1","Strike_G","Strike_G+1","Strike_G","Strike_G","Survivor","Neutralize+1","Deflect","Cloak And Dagger","Terror+1","Deflect","Good Instincts"],"special_seed":0,"relics":["Ring of the Snake","Unceasing Top","Golden Idol","Vajra","Art of War"],"potions_floor_usage":[],"damage_taken":[{"damage":2.0,"enemies":"Jaw Worm","floor":1.0,"turns":6.0},{"damage":0.0,"enemies":"2 Louse","floor":2.0,"turns":3.0},{"damage":6.0,"enemies":"Small Slimes","floor":4.0,"turns":5.0},{"damage":45.0,"enemies":"Gremlin Nob","floor":8.0,"turns":5.0},{"damage":2.0,"enemies":"Blue Slaver","floor":14.0,"turns":5.0},{"damage":48,"enemies":"Hexaghost","floor":16,"turns":15}],"seed_played":"-8916270014287220743","potions_obtained":[{"floor":4.0,"key":"Fire Potion"},{"floor":8.0,"key":"Regen Potion"}],"is_trial":false,"path_per_floor":["M","M","$","M","?","R","$","E","T","R","?","$","R","M","R","B"],"character_chosen":"THE_SILENT","items_purchased":["Terror","Good Instincts"],"campfire_rested":2,"item_purchase_floors":[7,12],"current_hp_per_floor":[61,61,61,55,55,55,55,10,10,29,16,16,35,47,47,0],"gold":28,"neow_bonus":"ONE_RARE_RELIC","is_prod":false,"is_daily":false,"chose_seed":false,"campfire_upgraded":2,"win_rate":0,"timestamp":1546560181,"path_taken":["M","M","$","M","?","R","$","E","T","R","?","$","R","M","R","BOSS"],"build_version":"2019-01-02","purchased_purges":0,"victory":false,"max_hp_per_floor":[70,70,70,70,65,65,65,65,65,65,65,65,65,65,65,65],"card_choices":[{"not_picked":["Underhanded Strike","Acrobatics"],"picked":"Deflect","floor":1.0},{"not_picked":["Flechettes","Bane","Predator"],"picked":"SKIP","floor":2.0},{"not_picked":["Acrobatics","Outmaneuver"],"picked":"Cloak And Dagger","floor":4.0},{"not_picked":["Wraith Form v2","Slice"],"picked":"Deflect","floor":8.0},{"not_picked":["Leg Sweep","Sucker Punch","Bouncing Flask"],"picked":"SKIP","floor":14.0}],"player_experience":359067,"relics_obtained":[{"floor":8.0,"key":"Vajra"},{"floor":9.0,"key":"Art of War"}],"event_choices":[{"damage_healed":0.0,"max_hp_gain":0.0,"max_hp_loss":5.0,"gold_gain":0.0,"event_name":"Golden Idol","player_choice":"Lose Max HP","floor":5.0,"gold_loss":0.0,"damage_taken":0.0,"relics_obtained":["Golden Idol"]},{"damage_healed":0.0,"max_hp_gain":0.0,"max_hp_loss":0.0,"gold_gain":0.0,"event_name":"Shining Light","player_choice":"Entered Light","floor":11.0,"gold_loss":0.0,"damage_taken":13.0,"cards_upgraded":["Strike_G","Strike_G"]}],"is_beta":true,"boss_relics":[],"items_purged_floors":[],"is_endless":false,"potions_floor_spawned":[4,8],"killed_by":"Hexaghost","ascension_level":10}