{"gold_per_floor":[112,127,127,57,69,69,82,82,82,7,25,38,90,104,104,228,228,242,265,265,265,18,18,43,43,89,89,107,130,35,55,55,183,183,196,4,0,0,19,19,19],"floor_reached":41,"playtime":1948,"items_purged":["Doubt","Injury"],"score":628,"play_id":"71fd7ec7-7d61-402c-9e6e-a6e47e0a10bf","local_time":"20181118125254","is_ascension_mode":true,"campfire_choices":[{"data":"Rampage","floor":6,"key":"SMITH"},{"data":"True Grit","floor":15,"key":"SMITH"},{"data":"Ghostly","floor":23,"key":"SMITH"},{"data":"Disarm","floor":25,"key":"SMITH"},{"data":"Ghostly","floor":27,"key":"SMITH"},{"data":"Ghostly","floor":32,"key":"SMITH"},{"data":"Double Tap","floor":40,"key":"SMITH"}],"neow_cost":"CURSE","seed_source_timestamp":362671422241322,"circlet_count":0,"master_deck":["AscendersBane","Defend_R","Defend_R","Defend_R","Defend_R","Bash","Warcry","Rampage+1","Pommel Strike","Pommel Strike","True Grit+1","Brutality","Bite","Bite","Bite","Bite","Bite","Ghostly+1","Ghostly+1","Ghostly+1","Ghostly","Ghostly","Disarm+1","Shrug It Off","Warcry+1","Double Tap+1"],"relics":["Burning Blood","Golden Idol","Pear","Pen Nib","Busted Crown","Bottled Flame","Smiling Mask","Coffee Dripper","Toolbox","Red Mask"],"potions_floor_usage":[14,16,16,33,33,33],"damage_taken":[{"damage":4,"enemies":"Small Slimes","floor":1,"turns":5},{"damage":20,"enemies":"Cultist","floor":2,"turns":5},{"damage":10,"enemies":"2 Louse","floor":5,"turns":3},{"damage":48,"enemies":"Exordium Thugs","floor":7,"turns":7},{"damage":10,"enemies":"3 Louse","floor":11,"turns":5},{"damage":11,"enemies":"Looter","floor":12,"turns":5},{"damage":13,"enemies":"Exordium Thugs","floor":14,"turns":6},{"damage":26,"enemies":"Slime Boss","floor":16,"turns":8},{"damage":30,"enemies":"3 Byrds","floor":18,"turns":6},{"damage":31,"enemies":"Shell Parasite","floor":19,"turns":5},{"damage":4,"enemies":"Snecko","floor":24,"turns":5},{"damage":6,"enemies":"Snake Plant","floor":28,"turns":6},{"damage":15,"enemies":"Shelled Parasite and Fungi","floor":29,"turns":9},{"damage":17,"enemies":"Cultist and Chosen","floor":31,"turns":9},{"damage":64,"enemies":"Champ","floor":33,"turns":17},{"damage":3,"enemies":"Orb Walker","floor":35,"turns":5},{"damage":11,"enemies":"3 Darklings","floor":39,"turns":7},{"damage":42,"enemies":"Giant Head","floor":41,"turns":6}],"seed_played":"-1187193318154207039","potions_obtained":[{"floor":5,"key":"SteroidPotion"},{"floor":7,"key":"EssenceOfSteel"},{"floor":12,"key":"Weak Potion"},{"floor":19,"key":"GamblersBrew"},{"floor":29,"key":"Dexterity Potion"},{"floor":31,"key":"BloodPotion"},{"floor":39,"key":"FearPotion"}],"is_trial":false,"path_per_floor":["M","M","?","$","M","R","M","?","T","$","M","M","T","M","R","B",null,"M","M","?","?","$","R","M","R","T","R","M","M","$","M","R","B",null,"M","$","?","?","M","R","E"],"character_chosen":"IRONCLAD","items_purchased":["Rampage","Bottled Flame","Shrug It Off","Toolbox"],"campfire_rested":0,"item_purchase_floors":[4,22,30,36],"current_hp_per_floor":[74,62,90,90,86,86,44,44,54,54,50,45,45,38,38,18,80,56,31,31,31,31,31,35,35,35,35,35,35,35,35,35,16,30,35,35,35,35,35,35,0],"gold":19,"neow_bonus":"THREE_RARE_CARDS","is_prod":false,"is_daily":false,"chose_seed":false,"campfire_upgraded":7,"win_rate":0,"timestamp":1542541974,"path_taken":["M","M","?","?","M","R","M","?","T","$","M","M","?","M","R","BOSS","M","M","?","?","$","R","M","R","T","R","M","M","$","M","R","BOSS","M","$","?","?","?","R","E"],"build_version":"2018-11-15","purchased_purges":2,"victory":false,"max_hp_per_floor":[80,80,90,90,90,90,90,90,100,100,100,100,100,100,100,100,100,100,100,70,35,35,35,35,35,35,35,35,35,35,35,35,35,35,35,35,35,35,35,35,35],"card_choices":[{"not_picked":["Impervious","Brutality"],"picked":"Reaper","floor":0},{"not_picked":["Anger","True Grit"],"picked":"Warcry","floor":1},{"not_picked":["Entrench","Clash","Rage"],"picked":"SKIP","floor":2},{"not_picked":["Blood for Blood","Wild Strike","Rampage"],"picked":"SKIP","floor":5},{"not_picked":["Heavy Blade","Metallicize"],"picked":"Pommel Strike","floor":7},{"not_picked":["Sword Boomerang","Iron Wave","Flex"],"picked":"SKIP","floor":11},{"not_picked":["Clash","Anger"],"picked":"Pommel Strike","floor":12},{"not_picked":["Twin Strike","Shrug It Off"],"picked":"True Grit","floor":14},{"not_picked":["Juggernaut","Limit Break"],"picked":"Brutality","floor":16},{"not_picked":["Searing Blow"],"picked":"SKIP","floor":18},{"not_picked":["Dropkick"],"picked":"SKIP","floor":19},{"not_picked":[],"picked":"Disarm","floor":24},{"not_picked":["Heavy Blade"],"picked":"SKIP","floor":28},{"not_picked":["Second Wind"],"picked":"SKIP","floor":29},{"not_picked":[],"picked":"Warcry+1","floor":31},{"not_picked":[],"picked":"Double Tap","floor":33},{"not_picked":["Wild Strike"],"picked":"SKIP","floor":35},{"not_picked":["Cleave+1"],"picked":"SKIP","floor":39}],"player_experience":350736,"relics_obtained":[{"floor":9,"key":"Pear"},{"floor":13,"key":"Pen Nib"},{"floor":26,"key":"Smiling Mask"}],"event_choices":[{"cards_removed":["Reaper"],"damage_healed":18,"gold_gain":0,"player_choice":"Offered Rare","damage_taken":0,"max_hp_gain":10,"max_hp_loss":0,"event_name":"Bonfire Elementals","floor":3,"gold_loss":0},{"damage_healed":0,"gold_gain":0,"player_choice":"Take Wound","damage_taken":0,"relics_obtained":["Golden Idol"],"max_hp_gain":0,"max_hp_loss":0,"event_name":"Golden Idol","floor":8,"gold_loss":0,"cards_obtained":["Injury"]},{"damage_healed":0,"gold_gain":0,"player_choice":"Became a vampire","damage_taken":0,"max_hp_gain":0,"max_hp_loss":30,"event_name":"Vampires","floor":20,"gold_loss":0,"cards_obtained":["Bite","Bite","Bite","Bite","Bite"]},{"damage_healed":0,"gold_gain":0,"player_choice":"Became a Ghost","damage_taken":0,"max_hp_gain":0,"max_hp_loss":35,"event_name":"Ghosts","floor":21,"gold_loss":0,"cards_obtained":["Ghostly","Ghostly","Ghostly","Ghostly","Ghostly"]},{"damage_healed":0,"gold_gain":0,"player_choice":"Paid","damage_taken":0,"relics_obtained":["Red Mask"],"max_hp_gain":0,"max_hp_loss":0,"event_name":"Tomb of Lord Red Mask","floor":37,"gold_loss":4},{"damage_healed":0,"gold_gain":0,"player_choice":"Ignored","damage_taken":0,"max_hp_gain":0,"max_hp_loss":0,"event_name":"SecretPortal","floor":38,"gold_loss":0}],"is_beta":false,"boss_relics":[{"not_picked":["Eternal Feather","Philosopher\u0027s Stone"],"picked":"Busted Crown"},{"not_picked":["Pandora\u0027s Box","Empty Cage"],"picked":"Coffee Dripper"}],"items_purged_floors":[10,30],"is_endless":false,"potions_floor_spawned":[5,7,12,19,29,31,39],"killed_by":"Giant Head","ascension_level":10}