{"gold_per_floor":[10,10,10,26,45,45,60,71,71,71,71,91,124,139,139,216,216,232,232,232],"floor_reached":20,"playtime":4162,"items_purged":[],"score":326,"play_id":"312fed43-5773-4d70-9d8c-4ba5e8c718a5","local_time":"20190208042610","is_ascension_mode":true,"campfire_choices":[{"data":"Creative AI","floor":6.0,"key":"SMITH"},{"floor":11.0,"key":"REST"},{"floor":15,"key":"REST"}],"neow_cost":"NO_GOLD","seed_source_timestamp":291699116750956,"circlet_count":0,"master_deck":["AscendersBane","Strike_B","Strike_B","Defend_B","Defend_B","Defend_B","Zap","Dualcast","Stack","Force Field","Sunder","Loop","Creative AI+1","Hologram","Auto Shields","Conserve Battery","Leap","Conserve Battery","Amplify","Force Field","Go for the Eyes","Hologram","Reinforced Body"],"special_seed":0,"relics":["Cracked Core","Ancient Tea Set","Juzu Bracelet","Orrery"],"potions_floor_usage":[16,16,18],"damage_taken":[{"damage":6.0,"enemies":"Cultist","floor":1.0,"turns":4.0},{"damage":0.0,"enemies":"2 Louse","floor":4.0,"turns":3.0},{"damage":7.0,"enemies":"Jaw Worm","floor":5.0,"turns":4.0},{"damage":11.0,"enemies":"Large Slime","floor":7.0,"turns":7.0},{"damage":15.0,"enemies":"Gremlin Gang","floor":8.0,"turns":3.0},{"damage":5.0,"enemies":"Exordium Thugs","floor":12.0,"turns":4.0},{"damage":4,"enemies":"Lagavulin","floor":13,"turns":7},{"damage":6,"enemies":"Looter","floor":14,"turns":5},{"damage":16,"enemies":"Slime Boss","floor":16,"turns":7},{"damage":55,"enemies":"Spheric Guardian","floor":18,"turns":13},{"damage":50,"enemies":"Chosen","floor":20,"turns":5}],"seed_played":"6649495723282269908","potions_obtained":[{"floor":2.0,"key":"Block Potion"},{"floor":2.0,"key":"EntropicBrew"},{"floor":7.0,"key":"SpeedPotion"},{"floor":14,"key":"Weak Potion"},{"floor":16,"key":"FairyPotion"}],"is_trial":false,"path_per_floor":["M","?","$","M","M","R","M","M","T","$","R","M","E","M","R","B",null,"M","?","M"],"character_chosen":"DEFECT","items_purchased":[],"campfire_rested":2,"item_purchase_floors":[],"current_hp_per_floor":[58,58,58,58,51,51,40,25,25,25,46,41,37,31,52,36,62,7,7,0],"gold":232,"neow_bonus":"TRANSFORM_TWO_CARDS","is_prod":false,"is_daily":false,"chose_seed":false,"campfire_upgraded":1,"win_rate":0,"timestamp":1549596370,"path_taken":["M","?","$","?","M","R","M","M","T","$","R","M","E","M","R","BOSS","M","?","M"],"build_version":"2019-01-23","purchased_purges":0,"victory":false,"max_hp_per_floor":[71,71,71,71,71,71,71,71,71,71,71,71,71,71,71,71,71,71,71,71],"card_choices":[{"not_picked":["Leap","Rebound"],"picked":"Sunder","floor":1.0},{"not_picked":["Redo","Sweeping Beam"],"picked":"Loop","floor":4.0},{"not_picked":["Barrage","Coolheaded"],"picked":"Creative AI","floor":5.0},{"not_picked":["Skim","Sweeping Beam"],"picked":"Hologram","floor":7.0},{"not_picked":["Rebound","Hologram"],"picked":"Auto Shields","floor":8.0},{"not_picked":["Hologram","Gash"],"picked":"Conserve Battery","floor":12.0},{"not_picked":["Redo","Blizzard"],"picked":"Leap","floor":13},{"not_picked":["Capacitor","Melter"],"picked":"Conserve Battery","floor":14},{"not_picked":["Hyperbeam","Electrodynamics"],"picked":"Amplify","floor":16},{"not_picked":["Hologram","Compile Driver"],"picked":"Force Field","floor":17},{"not_picked":["Gash","Leap"],"picked":"Go for the Eyes","floor":17},{"not_picked":["Redo","Aggregate"],"picked":"Hologram","floor":17},{"not_picked":["Auto Shields","Meteor Strike"],"picked":"Reinforced Body","floor":18}],"player_experience":540016,"relics_obtained":[{"floor":9.0,"key":"Ancient Tea Set"},{"floor":13,"key":"Juzu Bracelet"}],"event_choices":[{"damage_healed":0.0,"max_hp_gain":0.0,"max_hp_loss":0.0,"gold_gain":0.0,"event_name":"Lab","player_choice":"Got Potions","floor":2.0,"gold_loss":0.0,"damage_taken":0.0},{"cards_removed":["Defend_B"],"damage_healed":0,"gold_gain":0,"player_choice":"Elegance","damage_taken":0,"max_hp_gain":0,"max_hp_loss":0,"event_name":"Back to Basics","floor":19,"gold_loss":0}],"is_beta":false,"boss_relics":[{"not_picked":["Cursed Key","Runic Dome"],"picked":"Orrery"}],"items_purged_floors":[],"is_endless":false,"potions_floor_spawned":[7,8,12,14,16],"killed_by":"Chosen","ascension_level":17}