{"gold_per_floor":[117,117,128,142,161,188,188,216,241,276,426,426,91,105,105,183,183,197,207,226,326,326,326,356,356,356,366,366,377,58,93,93,171,171,189,189,0,13,13,39,39,39,39,69,84,84,117,128,128,128,128,128,128,19,53,53],"floor_reached":56,"playtime":4660,"items_purged":["Doubt","Strike_R"],"score":2361,"play_id":"32b9f559-e82d-42b9-8ae9-5dfedec55cfb","local_time":"20190410000104","is_ascension_mode":true,"campfire_choices":[{"data":"Cleave","floor":7.0,"key":"SMITH"},{"floor":12.0,"key":"REST"},{"data":"Body Slam","floor":15.0,"key":"SMITH"},{"data":"1","floor":23.0,"key":"LIFT"},{"data":"2","floor":25.0,"key":"LIFT"},{"data":"3","floor":28.0,"key":"LIFT"},{"floor":32.0,"key":"RECALL"},{"floor":41,"key":"REST"},{"floor":46,"key":"REST"},{"floor":49,"key":"REST"},{"floor":53,"key":"REST"}],"neow_cost":"NONE","seed_source_timestamp":1786912589758300,"circlet_count":0,"master_deck":["AscendersBane","Strike_R","Defend_R","Defend_R","Defend_R","Defend_R","Bash","Cleave+1","Power Through","Shockwave","Offering+1","Impervious+1","Double Tap","Spot Weakness","Battle Trance","Body Slam+1","Limit Break","Shrug It Off","Sword Boomerang","Shrug It Off","Corruption+1","Ghostly","Ghostly","Ghostly","Whirlwind","Headbutt+1","Exhume","Shrug It Off","Offering","Reaper+1","Blood for Blood+1","True Grit+1","Entrench","Shrug It Off+1","Blind","Havoc+1","Limit Break","Battle Trance"],"special_seed":0,"relics":["Burning Blood","Pen Nib","Regal Pillow","Anchor","Bronze Scales","Fusion Hammer","Girya","Kunai","Bag of Preparation","Question Card","Bag of Marbles","Boot","Astrolabe","Red Mask","War Paint","Potion Belt","Molten Egg 2","Du-Vu Doll"],"potions_floor_usage":[51,56,56,56,56],"damage_taken":[{"damage":1.0,"enemies":"2 Louse","floor":1.0,"turns":3.0},{"damage":11.0,"enemies":"Jaw Worm","floor":3.0,"turns":4.0},{"damage":0.0,"enemies":"Small Slimes","floor":4.0,"turns":4.0},{"damage":9.0,"enemies":"Looter","floor":5.0,"turns":4.0},{"damage":42.0,"enemies":"Gremlin Nob","floor":6.0,"turns":4.0},{"damage":28.0,"enemies":"3 Sentries","floor":8.0,"turns":9.0},{"damage":24.0,"enemies":"Gremlin Nob","floor":10.0,"turns":4.0},{"damage":3.0,"enemies":"Exordium Wildlife","floor":14.0,"turns":3.0},{"damage":10.0,"enemies":"Slime Boss","floor":16.0,"turns":6.0},{"damage":29.0,"enemies":"Spheric Guardian","floor":18.0,"turns":4.0},{"damage":2.0,"enemies":"2 Thieves","floor":19.0,"turns":3.0},{"damage":23.0,"enemies":"Shelled Parasite and Fungi","floor":20.0,"turns":4.0},{"damage":5.0,"enemies":"Colosseum Slavers","floor":21.0,"turns":2.0},{"damage":12.0,"enemies":"Colosseum Nobs","floor":21.0,"turns":4.0},{"damage":1.0,"enemies":"Book of Stabbing","floor":24.0,"turns":3.0},{"damage":3.0,"enemies":"Cultist and Chosen","floor":27.0,"turns":4.0},{"damage":0.0,"enemies":"Centurion and Healer","floor":29.0,"turns":3.0},{"damage":6.0,"enemies":"Slavers","floor":31.0,"turns":2.0},{"damage":34.0,"enemies":"Collector","floor":33.0,"turns":6.0},{"damage":6.0,"enemies":"3 Shapes","floor":35.0,"turns":1.0},{"damage":6.0,"enemies":"3 Darklings","floor":38.0,"turns":2.0},{"damage":12.0,"enemies":"Reptomancer","floor":40.0,"turns":3.0},{"damage":11,"enemies":"Nemesis","floor":44,"turns":3},{"damage":1,"enemies":"Sphere and 2 Shapes","floor":45,"turns":5},{"damage":11,"enemies":"Reptomancer","floor":47,"turns":5},{"damage":2,"enemies":"Writhing Mass","floor":48,"turns":2},{"damage":44,"enemies":"Time Eater","floor":50,"turns":8},{"damage":23,"enemies":"Donu and Deca","floor":51,"turns":7},{"damage":7,"enemies":"Shield and Spear","floor":55,"turns":3},{"damage":65,"enemies":"The Heart","floor":56,"turns":11}],"seed_played":"-7907241588908679359","potions_obtained":[{"floor":0.0,"key":"SpeedPotion"},{"floor":0.0,"key":"FearPotion"},{"floor":3.0,"key":"Dexterity Potion"},{"floor":8.0,"key":"Regen Potion"},{"floor":14.0,"key":"Strength Potion"},{"floor":16.0,"key":"EssenceOfSteel"},{"floor":19.0,"key":"SteroidPotion"},{"floor":27.0,"key":"FearPotion"},{"floor":44,"key":"Fire Potion"},{"floor":45,"key":"FearPotion"},{"floor":48,"key":"Fire Potion"}],"is_trial":false,"path_per_floor":["M","?","M","M","M","E","R","E","T","E","?","R","$","M","R","B",null,"M","M","M","?","?","R","E","R","T","M","R","M","$","E","R","B",null,"M","?","?","M","$","E","R","?","T","E","M","R","E","M","R","B","B",null,"R","$","E","B"],"character_chosen":"IRONCLAD","items_purchased":["Spot Weakness","Battle Trance","Combust","AttackPotion","Bag of Marbles","SteroidPotion","SpeedPotion","PowerPotion"],"campfire_rested":5,"item_purchase_floors":[13,13,13,13,30,30,54,54],"current_hp_per_floor":[73,78,73,79,76,40,40,18,18,12,12,51,51,54,54,50,73,50,54,37,32,32,32,37,37,37,40,40,40,40,40,40,12,33,40,40,40,40,40,40,40,40,40,40,40,40,35,39,40,20,40,40,40,40,40,0],"gold":53,"neow_bonus":"THREE_SMALL_POTIONS","is_prod":false,"is_daily":false,"chose_seed":false,"campfire_upgraded":2,"win_rate":0,"timestamp":1554850864,"path_taken":["M","?","M","M","M","E","R","E","T","E","?","R","$","M","R","BOSS","M","M","M","?","?","R","E","R","T","M","R","M","?","E","R","BOSS","M","?","?","M","$","E","R","?","T","E","M","R","E","M","R","BOSS","BOSS","R","$","E","BOSS"],"build_version":"2019-01-23","purchased_purges":2,"victory":false,"max_hp_per_floor":[75,80,80,80,80,80,80,80,80,80,80,80,80,80,80,80,80,80,80,80,80,40,40,40,40,40,40,40,40,40,40,40,40,40,40,40,40,40,40,40,40,40,40,40,40,40,40,40,40,40,40,40,40,40,40,40],"card_choices":[{"not_picked":["Dropkick","Clash"],"picked":"Cleave","floor":1.0},{"not_picked":["Body Slam","Flex"],"picked":"Power Through","floor":3.0},{"not_picked":["Burning Pact","Infernal Blade"],"picked":"Shockwave","floor":4.0},{"not_picked":["Clothesline","Iron Wave"],"picked":"Offering","floor":5.0},{"not_picked":["Shockwave","Infernal Blade","Bloodletting"],"picked":"SKIP","floor":6.0},{"not_picked":["Havoc","Armaments"],"picked":"Impervious","floor":8.0},{"not_picked":["Second Wind","Warcry"],"picked":"Double Tap","floor":10.0},{"not_picked":["Searing Blow","Entrench"],"picked":"Body Slam","floor":14.0},{"not_picked":["Double Tap","Juggernaut"],"picked":"Limit Break","floor":16.0},{"not_picked":["True Grit","Infernal Blade"],"picked":"Shrug It Off","floor":18.0},{"not_picked":["Shockwave","Thunderclap"],"picked":"Sword Boomerang","floor":19.0},{"not_picked":["Sword Boomerang","Reckless Charge"],"picked":"Shrug It Off","floor":20.0},{"not_picked":["Iron Wave","Armaments"],"picked":"Corruption+1","floor":21.0},{"not_picked":["Shockwave","Infernal Blade"],"picked":"Whirlwind","floor":24.0},{"not_picked":["Cleave","Sword Boomerang","Hemokinesis"],"picked":"Headbutt+1","floor":27.0},{"not_picked":["Flex","Warcry","Headbutt+1"],"picked":"Exhume","floor":29.0},{"not_picked":["Rampage+1","Cleave","Dual Wield"],"picked":"Shrug It Off","floor":31.0},{"not_picked":["Double Tap","Dark Embrace","Brutality"],"picked":"Offering","floor":33.0},{"not_picked":["Flex","Havoc","Metallicize"],"picked":"Entrench","floor":35.0},{"not_picked":["Havoc","Warcry","Uppercut","Twin Strike"],"picked":"SKIP","floor":38.0},{"not_picked":["Twin Strike","Clothesline+1","Flex"],"picked":"Shrug It Off+1","floor":40.0},{"not_picked":["Violence","Mind Blast","Mayhem"],"picked":"Blind","floor":42},{"not_picked":["Perfected Strike","Shrug It Off","Carnage"],"picked":"Havoc+1","floor":44},{"not_picked":["Perfected Strike","Warcry","Reckless Charge","Hemokinesis"],"picked":"SKIP","floor":45},{"not_picked":["Iron Wave","Spot Weakness","Rampage"],"picked":"Limit Break","floor":47},{"not_picked":["Entrench","Wild Strike+1","Sever Soul+1","Perfected Strike+1"],"picked":"SKIP","floor":48},{"not_picked":["Cleave+1","Armaments","Twin Strike+1"],"picked":"Battle Trance","floor":55}],"player_experience":2647349,"relics_obtained":[{"floor":6.0,"key":"Pen Nib"},{"floor":8.0,"key":"Regal Pillow"},{"floor":9.0,"key":"Anchor"},{"floor":10.0,"key":"Bronze Scales"},{"floor":21.0,"key":"Girya"},{"floor":21.0,"key":"Kunai"},{"floor":24.0,"key":"Bag of Preparation"},{"floor":26.0,"key":"Question Card"},{"floor":31.0,"key":"Boot"},{"floor":40.0,"key":"War Paint"},{"floor":44,"key":"Potion Belt"},{"floor":47,"key":"Molten Egg 2"},{"floor":55,"key":"Du-Vu Doll"}],"event_choices":[{"damage_healed":0.0,"max_hp_gain":5.0,"max_hp_loss":0.0,"gold_gain":0.0,"event_name":"Big Fish","player_choice":"Donut","floor":2.0,"gold_loss":0.0,"damage_taken":0.0},{"damage_healed":0.0,"max_hp_gain":0.0,"max_hp_loss":0.0,"gold_gain":150.0,"event_name":"Liars Game","player_choice":"AGREE","floor":11.0,"gold_loss":0.0,"damage_taken":0.0,"cards_obtained":["Doubt"]},{"damage_healed":0.0,"max_hp_gain":0.0,"max_hp_loss":0.0,"gold_gain":0.0,"event_name":"Colosseum","player_choice":"Fight","floor":21.0,"gold_loss":0.0,"damage_taken":0.0},{"damage_healed":0.0,"max_hp_gain":0.0,"max_hp_loss":0.0,"gold_gain":0.0,"event_name":"Colosseum","player_choice":"Fought Nobs","floor":21.0,"gold_loss":0.0,"damage_taken":0.0},{"damage_healed":0.0,"max_hp_gain":0.0,"max_hp_loss":40.0,"gold_gain":0.0,"event_name":"Ghosts","player_choice":"Became a Ghost","floor":22.0,"gold_loss":0.0,"damage_taken":0.0,"cards_obtained":["Ghostly","Ghostly","Ghostly"]},{"cards_removed":["Combust"],"damage_healed":0.0,"max_hp_gain":0.0,"max_hp_loss":0.0,"gold_gain":0.0,"event_name":"Falling","player_choice":"Removed Power","floor":36.0,"gold_loss":0.0,"damage_taken":0.0},{"damage_healed":0.0,"max_hp_gain":0.0,"max_hp_loss":0.0,"gold_gain":0.0,"event_name":"Tomb of Lord Red Mask","player_choice":"Paid","floor":37.0,"gold_loss":189.0,"damage_taken":0.0,"relics_obtained":["Red Mask"]},{"damage_healed":0,"gold_gain":0,"player_choice":"Memory 1","damage_taken":0,"max_hp_gain":0,"max_hp_loss":0,"event_name":"SensoryStone","floor":42,"gold_loss":0}],"is_beta":false,"boss_relics":[{"not_picked":["Tiny House","Busted Crown"],"picked":"Fusion Hammer"},{"not_picked":["Velvet Choker","Philosopher\u0027s Stone"],"picked":"Astrolabe"}],"items_purged_floors":[13,30],"is_endless":false,"potions_floor_spawned":[3,4,8,14,16,18,19,21,27,44,45,48,55],"killed_by":"The Heart","ascension_level":20}