{"gold_per_floor":[119,119,44,63,25,25,56,56,105,167,167,197,49,49,49,126,126,143,143,153,35,52,80,80,112,112,12,43,43,56,66,66,144,144,163,175,1174,735,735,769,821,821,893,893,222,242,242,259,259,259,259,259,27,60,60],"floor_reached":56,"playtime":2157,"items_purged":["Writhe","Strike_R","Strike_R","Normality","Normality"],"score":2079,"play_id":"b26d6187-422e-4831-a9a9-5f9c2c0e62f6","local_time":"20181206180614","is_ascension_mode":true,"campfire_choices":[{"data":"Fiend Fire","floor":6.0,"key":"SMITH"},{"data":"Whirlwind","floor":8.0,"key":"SMITH"},{"data":"Feel No Pain","floor":11.0,"key":"SMITH"},{"floor":15.0,"key":"REST"},{"data":"Impervious","floor":32.0,"key":"SMITH"},{"floor":42.0,"key":"REST"},{"floor":44.0,"key":"RECALL"},{"floor":49,"key":"REST"},{"data":"Armaments","floor":52,"key":"SMITH"}],"neow_cost":"CURSE","seed_source_timestamp":34936171148084,"circlet_count":0,"master_deck":["AscendersBane","Bash+1","Fiend Fire+1","Anger","Clothesline","Flame Barrier","Whirlwind+1","Feel No Pain+1","Reaper","Dark Embrace","Shrug It Off","Impervious+1","Body Slam","Iron Wave+1","Inflame","Offering","Bludgeon","Wild Strike","Flex","Armaments+1","Rupture","Anger","Havoc","Heavy Blade","Warcry+1","Spot Weakness","Parasite","Entrench+1","Body Slam"],"special_seed":0,"relics":["Burning Blood","Oddly Smooth Stone","Orichalcum","Tiny Chest","Strawberry","Snecko Eye","The Courier","Happy Flower","Shuriken","Lantern","Bottled Tornado","Pandora\u0027s Box","Pantograph","Pen Nib","Regal Pillow","Charon\u0027s Ashes","Mercury Hourglass","Self Forming Clay","Champion Belt","Kunai","Vajra"],"potions_floor_usage":[50,55,55],"damage_taken":[{"damage":5.0,"enemies":"Small Slimes","floor":1.0,"turns":3.0},{"damage":1.0,"enemies":"Cultist","floor":4.0,"turns":3.0},{"damage":10.0,"enemies":"Lagavulin","floor":7.0,"turns":6.0},{"damage":12.0,"enemies":"Gremlin Nob","floor":10.0,"turns":4.0},{"damage":29.0,"enemies":"Lagavulin","floor":12.0,"turns":8.0},{"damage":22.0,"enemies":"Slime Boss","floor":16.0,"turns":11.0},{"damage":0.0,"enemies":"Shell Parasite","floor":18.0,"turns":4.0},{"damage":0.0,"enemies":"Chosen","floor":20.0,"turns":4.0},{"damage":4.0,"enemies":"Centurion and Healer","floor":22.0,"turns":8.0},{"damage":27.0,"enemies":"Book of Stabbing","floor":23.0,"turns":5.0},{"damage":0.0,"enemies":"Gremlin Leader","floor":25.0,"turns":4.0},{"damage":12.0,"enemies":"Slavers","floor":28.0,"turns":5.0},{"damage":8.0,"enemies":"Snake Plant","floor":30.0,"turns":3.0},{"damage":0.0,"enemies":"Cultist and Chosen","floor":31.0,"turns":6.0},{"damage":38.0,"enemies":"Automaton","floor":33.0,"turns":9.0},{"damage":3.0,"enemies":"Orb Walker","floor":35.0,"turns":3.0},{"damage":6.0,"enemies":"3 Darklings","floor":36.0,"turns":4.0},{"damage":43.0,"enemies":"Reptomancer","floor":40.0,"turns":8.0},{"damage":9.0,"enemies":"2 Orb Walkers","floor":41.0,"turns":4.0},{"damage":42,"enemies":"Writhing Mass","floor":46,"turns":5},{"damage":6,"enemies":"Maw","floor":48,"turns":3},{"damage":43,"enemies":"Donu and Deca","floor":50,"turns":6},{"damage":8,"enemies":"Shield and Spear","floor":54,"turns":5},{"damage":79,"enemies":"The Heart","floor":55,"turns":8}],"seed_played":"7838239298167999370","potions_obtained":[{"floor":1.0,"key":"Ancient Potion"},{"floor":22.0,"key":"PowerPotion"},{"floor":23.0,"key":"LiquidBronze"},{"floor":30.0,"key":"Fire Potion"},{"floor":31.0,"key":"EssenceOfSteel"},{"floor":40.0,"key":"SkillPotion"}],"is_trial":false,"path_per_floor":["M","?","$","M","$","R","E","R","T","E","R","E","$","?","R","B",null,"M","T","M","$","M","E","?","E","T","$","E","T","M","M","R","B",null,"M","M","?","$","?","E","?","R","T","R","$","M","?","M","R","B",null,"R","$","E","B",null],"character_chosen":"IRONCLAD","items_purchased":["Flame Barrier","SkillPotion","Impervious","Pantograph","Pen Nib","Spot Weakness","Self Forming Clay","Champion Belt","PowerPotion","Kunai","PowerPotion"],"campfire_rested":3,"item_purchase_floors":[5,13,21,38,38,45,45,45,45,53,53],"current_hp_per_floor":[69,46,46,51,51,51,47,47,47,41,41,25,25,25,49,37,71,77,77,82,82,82,61,61,67,67,67,67,67,65,71,71,50,74,82,82,82,82,78,41,46,78,78,78,78,42,42,42,78,69,76,76,76,74,16],"gold":60,"neow_bonus":"THREE_RARE_CARDS","is_prod":false,"is_daily":false,"chose_seed":false,"campfire_upgraded":5,"win_rate":0,"timestamp":1544148374,"path_taken":["M","?","$","M","$","R","E","R","T","E","R","E","$","?","R","BOSS","M","?","M","$","M","E","?","E","T","?","E","?","?","M","R","BOSS","M","M","?","$","?","E","?","R","T","R","$","M","?","?","R","BOSS","R","$","E","BOSS"],"build_version":"2018-12-06","purchased_purges":5,"victory":true,"max_hp_per_floor":[75,75,75,75,75,75,75,75,75,75,75,82,82,82,82,82,82,82,82,82,82,82,82,82,82,82,82,82,82,82,82,82,82,82,82,82,82,82,78,78,78,78,78,78,78,78,78,78,78,78,78,78,78,78,78],"card_choices":[{"not_picked":["Offering","Double Tap"],"picked":"Fiend Fire","floor":0.0},{"not_picked":["True Grit","Thunderclap"],"picked":"Anger","floor":1.0},{"not_picked":["Thunderclap","Bloodletting"],"picked":"Clothesline","floor":4.0},{"not_picked":["Barricade","Sever Soul"],"picked":"Whirlwind","floor":7.0},{"not_picked":["Clothesline","Searing Blow"],"picked":"Feel No Pain","floor":10.0},{"not_picked":["Intimidate","Anger","Flame Barrier"],"picked":"SKIP","floor":12.0},{"not_picked":["Bludgeon","Limit Break"],"picked":"Dark Embrace","floor":16.0},{"not_picked":["Wild Strike+1","Reckless Charge"],"picked":"Shrug It Off","floor":18.0},{"not_picked":["Iron Wave","Flex","Pummel"],"picked":"SKIP","floor":20.0},{"not_picked":["Infernal Blade","Wild Strike","Havoc"],"picked":"SKIP","floor":22.0},{"not_picked":["True Grit","Anger"],"picked":"Body Slam","floor":23.0},{"not_picked":["Wild Strike+1","Pummel"],"picked":"Iron Wave+1","floor":25.0},{"not_picked":["Sword Boomerang","Dropkick+1","Headbutt"],"picked":"SKIP","floor":28.0},{"not_picked":["Blood for Blood","Dual Wield"],"picked":"Inflame","floor":30.0},{"not_picked":["Flex","Iron Wave"],"picked":"Offering","floor":31.0},{"not_picked":["Double Tap","Feed"],"picked":"Bludgeon","floor":33.0},{"not_picked":["Whirlwind","Anger","Clothesline"],"picked":"SKIP","floor":35.0},{"not_picked":["Whirlwind","Wild Strike","Iron Wave"],"picked":"SKIP","floor":36.0},{"not_picked":["Clothesline","Headbutt+1"],"picked":"Warcry+1","floor":40.0},{"not_picked":["Searing Blow","Rage","Cleave+1"],"picked":"SKIP","floor":46},{"not_picked":["Burning Pact","Flex"],"picked":"Entrench+1","floor":48},{"not_picked":["Reaper","True Grit"],"picked":"Body Slam","floor":54}],"player_experience":1742597,"relics_obtained":[{"floor":7.0,"key":"Oddly Smooth Stone"},{"floor":9.0,"key":"Orichalcum"},{"floor":10.0,"key":"Tiny Chest"},{"floor":12.0,"key":"Strawberry"},{"floor":19.0,"key":"The Courier"},{"floor":23.0,"key":"Happy Flower"},{"floor":25.0,"key":"Shuriken"},{"floor":28.0,"key":"Lantern"},{"floor":29.0,"key":"Bottled Tornado"},{"floor":40.0,"key":"Regal Pillow"},{"floor":41.0,"key":"Charon\u0027s Ashes"},{"floor":43.0,"key":"Mercury Hourglass"},{"floor":54,"key":"Vajra"}],"event_choices":[{"damage_healed":0.0,"max_hp_gain":0.0,"max_hp_loss":0.0,"gold_gain":0.0,"event_name":"Shining Light","player_choice":"Entered Light","floor":2.0,"gold_loss":0.0,"damage_taken":23.0,"cards_upgraded":["Bash","Defend_R"]},{"damage_healed":0.0,"max_hp_gain":0.0,"max_hp_loss":0.0,"gold_gain":0.0,"event_name":"Match and Keep!","player_choice":"1 cards matched","floor":14.0,"gold_loss":0.0,"damage_taken":0.0,"cards_obtained":["Reaper"]},{"damage_healed":0.0,"max_hp_gain":0.0,"max_hp_loss":0.0,"gold_gain":0.0,"event_name":"The Mausoleum","player_choice":"Ignored","floor":24.0,"gold_loss":0.0,"damage_taken":0.0},{"damage_healed":0.0,"max_hp_gain":0.0,"max_hp_loss":0.0,"gold_gain":999.0,"event_name":"MindBloom","player_choice":"Gold","floor":37.0,"gold_loss":0.0,"damage_taken":0.0,"cards_obtained":["Normality","Normality"]},{"damage_healed":0.0,"max_hp_gain":0.0,"max_hp_loss":4.0,"gold_gain":0.0,"event_name":"Winding Halls","player_choice":"Max HP","floor":39.0,"gold_loss":0.0,"damage_taken":0.0},{"damage_healed":0.0,"max_hp_gain":0.0,"max_hp_loss":0.0,"gold_gain":0.0,"event_name":"Mysterious Sphere","player_choice":"Fight","floor":41.0,"gold_loss":0.0,"damage_taken":0.0},{"damage_healed":0,"gold_gain":0,"player_choice":"Ignored","damage_taken":0,"max_hp_gain":0,"max_hp_loss":0,"event_name":"Tomb of Lord Red Mask","floor":47,"gold_loss":0}],"is_beta":false,"boss_relics":[{"not_picked":["Runic Pyramid","Astrolabe"],"picked":"Snecko Eye"},{"not_picked":["Coffee Dripper","Orrery"],"picked":"Pandora\u0027s Box"}],"items_purged_floors":[3,13,27,38,45],"is_endless":false,"potions_floor_spawned":[1,22,23,30,31,40,46,48],"ascension_level":15}