{"gold_per_floor":[113,263,274,274,32,59,59,75,75,100,71,91,108,33,33,110,110,120,138,63,76,76],"floor_reached":22,"playtime":865,"items_purged":["Doubt"],"score":398,"play_id":"de5f8619-b5fa-4d31-aa08-1f3061e1906c","local_time":"20181109222829","is_ascension_mode":true,"campfire_choices":[{"data":"Armaments","floor":7,"key":"SMITH"},{"data":"Flex","floor":15,"key":"SMITH"}],"neow_cost":"NONE","seed_source_timestamp":347410097461350,"circlet_count":0,"master_deck":["AscendersBane","Strike_R","Strike_R","Strike_R","Strike_R","Defend_R","Defend_R","Defend_R","Defend_R","Bash","Spot Weakness","Armaments+1","Evolve","Twin Strike","Bludgeon","Clothesline","Warcry","Flex+1","Ghostly Armor","Reaper","Disarm"],"relics":["Burning Blood","NeowsBlessing","ClockworkSouvenir","Unceasing Top","Pear","Singing Bowl","Velvet Choker"],"potions_floor_usage":[16,16,22,22],"damage_taken":[{"damage":0,"enemies":"2 Louse","floor":1,"turns":1},{"damage":0,"enemies":"Jaw Worm","floor":3,"turns":1},{"damage":0,"enemies":"3 Sentries","floor":6,"turns":2},{"damage":6,"enemies":"Cultist","floor":8,"turns":3},{"damage":32,"enemies":"Gremlin Nob","floor":10,"turns":4},{"damage":21,"enemies":"Exordium Thugs","floor":12,"turns":6},{"damage":1,"enemies":"2 Fungi Beasts","floor":13,"turns":4},{"damage":32,"enemies":"Hexaghost","floor":16,"turns":13},{"damage":46,"enemies":"3 Byrds","floor":18,"turns":6},{"damage":7,"enemies":"Chosen","floor":19,"turns":4},{"damage":56,"enemies":"Centurion and Healer","floor":21,"turns":6},{"damage":32,"enemies":"Shelled Parasite and Fungi","floor":22,"turns":4}],"seed_played":"-8744430950715999128","potions_obtained":[{"floor":3,"key":"Dexterity Potion"},{"floor":10,"key":"SkillPotion"},{"floor":16,"key":"Dexterity Potion"},{"floor":18,"key":"Ancient Potion"},{"floor":19,"key":"EssenceOfSteel"}],"is_trial":false,"path_per_floor":["M","?","M","?","$","E","R","M","T","E","$","M","M","$","R","B",null,"M","M","$","M","M"],"character_chosen":"IRONCLAD","items_purchased":["ClockworkSouvenir","Twin Strike","Flex","Disarm"],"campfire_rested":0,"item_purchase_floors":[5,5,11,20],"current_hp_per_floor":[74,74,75,75,75,75,75,75,85,59,59,44,51,51,51,25,72,47,56,56,16,0],"gold":76,"neow_bonus":"THREE_ENEMY_KILL","is_prod":false,"is_daily":false,"chose_seed":false,"campfire_upgraded":2,"win_rate":0,"timestamp":1541798909,"path_taken":["M","?","M","?","$","E","R","M","T","E","$","?","M","?","R","BOSS","M","M","$","M","M"],"build_version":"2018-11-08","purchased_purges":1,"victory":false,"max_hp_per_floor":[75,75,75,75,75,75,75,75,85,85,85,85,87,87,87,87,87,89,91,91,93,93],"card_choices":[{"not_picked":["Anger","Fire Breathing"],"picked":"Spot Weakness","floor":1},{"not_picked":["Sentinel","Flex"],"picked":"Armaments","floor":3},{"not_picked":["Warcry","Clothesline"],"picked":"Bludgeon","floor":6},{"not_picked":["Iron Wave","Clash"],"picked":"Clothesline","floor":8},{"not_picked":["Havoc","Clothesline"],"picked":"Warcry","floor":10},{"not_picked":["Armaments","Twin Strike"],"picked":"Ghostly Armor","floor":12},{"not_picked":["Sever Soul","Combust","Iron Wave"],"picked":"Singing Bowl","floor":13},{"not_picked":["Brutality","Bludgeon"],"picked":"Reaper","floor":16},{"not_picked":["Twin Strike","Armaments","Pommel Strike"],"picked":"Singing Bowl","floor":18},{"not_picked":["Havoc","Armaments","Flex"],"picked":"Singing Bowl","floor":19},{"not_picked":["Clash","True Grit","Warcry"],"picked":"Singing Bowl","floor":21}],"player_experience":320556,"relics_obtained":[{"floor":6,"key":"Unceasing Top"},{"floor":9,"key":"Pear"},{"floor":10,"key":"Singing Bowl"}],"event_choices":[{"damage_healed":0,"gold_gain":150,"player_choice":"AGREE","damage_taken":0,"max_hp_gain":0,"max_hp_loss":0,"event_name":"Liars Game","floor":2,"gold_loss":0,"cards_obtained":["Doubt"]},{"damage_healed":0,"gold_gain":0,"cards_transformed":["Strike_R"],"player_choice":"Transformed","damage_taken":0,"max_hp_gain":0,"max_hp_loss":0,"event_name":"Transmorgrifier","floor":4,"gold_loss":0,"cards_obtained":["Evolve"]}],"is_beta":false,"boss_relics":[{"not_picked":["Ectoplasm","Eternal Feather"],"picked":"Velvet Choker"}],"items_purged_floors":[14],"is_endless":false,"potions_floor_spawned":[3,10,12,16,18,19],"killed_by":"Shelled Parasite and Fungi","ascension_level":16}