{"gold_per_floor":[111,111,127,127,147,147,211,211,263,263,288,319,364,67,67,145,145,164,178,178,189,189,218,237,34,107,125,159,159,159,192,192,263,263,277,294,294,294,45,70,85,95,95,95,122,176,176,186,186,186],"floor_reached":51,"playtime":2881,"items_purged":["Strike_R"],"score":1290,"play_id":"7a55b6e8-7702-4a98-8f44-7b1cc7585792","local_time":"20190421132507","is_ascension_mode":true,"campfire_choices":[{"data":"Pummel","floor":6.0,"key":"SMITH"},{"data":"Anger","floor":8.0,"key":"SMITH"},{"data":"Defend_R","floor":10.0,"key":"SMITH"},{"data":"True Grit","floor":15.0,"key":"SMITH"},{"data":"Shockwave","floor":32.0,"key":"SMITH"},{"data":"Feel No Pain","floor":44,"key":"SMITH"},{"data":"Power Through","floor":47,"key":"SMITH"},{"data":"Heavy Blade","floor":49,"key":"SMITH"}],"neow_cost":"NONE","seed_source_timestamp":207587732162478,"circlet_count":0,"master_deck":["AscendersBane","Strike_R+1","Defend_R+1","Defend_R+1","Defend_R+1","Bash+1","Uppercut+1","Pummel+1","Anger+1","True Grit+1","Heavy Blade+1","Feel No Pain+1","Reaper","Combust+1","Pummel+1","Rage+1","Flame Barrier","Shrug It Off","Shrug It Off","Battle Trance","Shockwave+1","Reaper","Armaments+1","Headbutt+1","Power Through+1","Inflame+1","Pommel Strike+1"],"special_seed":0,"relics":["Burning Blood","Boot","Meat on the Bone","Juzu Bracelet","MawBank","Red Skull","Bronze Scales","Astrolabe","Blood Vial","Sling","Pantograph","Smiling Mask","Bottled Lightning","Cursed Key","Medical Kit","Ancient Tea Set","War Paint","Pocketwatch"],"potions_floor_usage":[50,50],"damage_taken":[{"damage":1.0,"enemies":"Cultist","floor":1.0,"turns":4.0},{"damage":3.0,"enemies":"2 Louse","floor":3.0,"turns":3.0},{"damage":12.0,"enemies":"Jaw Worm","floor":5.0,"turns":2.0},{"damage":18.0,"enemies":"Gremlin Nob","floor":7.0,"turns":4.0},{"damage":22.0,"enemies":"3 Sentries","floor":11.0,"turns":8.0},{"damage":1.0,"enemies":"Large Slime","floor":12.0,"turns":4.0},{"damage":27.0,"enemies":"Lagavulin","floor":13.0,"turns":4.0},{"damage":16.0,"enemies":"Hexaghost","floor":16.0,"turns":7.0},{"damage":2.0,"enemies":"Chosen","floor":18.0,"turns":4.0},{"damage":22.0,"enemies":"Spheric Guardian","floor":19.0,"turns":6.0},{"damage":26.0,"enemies":"Chosen and Byrds","floor":21.0,"turns":6.0},{"damage":40.0,"enemies":"Gremlin Leader","floor":23.0,"turns":6.0},{"damage":10.0,"enemies":"Shelled Parasite and Fungi","floor":24.0,"turns":3.0},{"damage":12.0,"enemies":"3 Cultists","floor":27.0,"turns":6.0},{"damage":31.0,"enemies":"Book of Stabbing","floor":28.0,"turns":5.0},{"damage":40.0,"enemies":"Slavers","floor":31.0,"turns":5.0},{"damage":57.0,"enemies":"Champ","floor":33.0,"turns":15.0},{"damage":10.0,"enemies":"Orb Walker","floor":35.0,"turns":5.0},{"damage":15.0,"enemies":"3 Darklings","floor":36.0,"turns":7.0},{"damage":74.0,"enemies":"Giant Head","floor":40.0,"turns":10.0},{"damage":30,"enemies":"Transient","floor":41,"turns":5},{"damage":6,"enemies":"4 Shapes","floor":42,"turns":8},{"damage":13,"enemies":"Nemesis","floor":45,"turns":7},{"damage":53,"enemies":"2 Orb Walkers","floor":46,"turns":5},{"damage":0,"enemies":"3 Darklings","floor":48,"turns":5},{"damage":55,"enemies":"Awakened One","floor":50,"turns":31}],"seed_played":"7469020276080733600","potions_obtained":[{"floor":5.0,"key":"PowerPotion"},{"floor":11.0,"key":"SpeedPotion"},{"floor":12.0,"key":"SteroidPotion"},{"floor":24.0,"key":"Fire Potion"},{"floor":27.0,"key":"SpeedPotion"},{"floor":28.0,"key":"PowerPotion"},{"floor":36.0,"key":"SmokeBomb"}],"is_trial":false,"path_per_floor":["M","?","M","?","M","R","?","R","T","R","E","M","E","$","R","B",null,"M","M","?","M","?","E","M","$","T","M","E","?","?","E","R","B",null,"M","M","?","?","$","E","M","M","T","R","E","?","R","M","R","B",null],"character_chosen":"IRONCLAD","items_purchased":["Bronze Scales","Feel No Pain","Sling","Medical Kit","Dexterity Potion"],"campfire_rested":0,"item_purchase_floors":[14,14,25,39,39],"current_hp_per_floor":[73,50,53,53,47,47,47,47,47,47,43,48,39,39,39,41,67,75,59,59,44,44,29,39,39,39,47,49,49,49,32,32,26,63,67,75,75,75,75,39,49,68,68,68,68,53,53,75,75,53],"gold":186,"neow_bonus":"RANDOM_COMMON_RELIC","is_prod":false,"is_daily":false,"chose_seed":false,"campfire_upgraded":8,"win_rate":0,"timestamp":1555878307,"path_taken":["M","?","M","?","?","R","?","R","T","R","E","M","E","$","R","BOSS","M","M","?","M","?","E","M","$","T","M","E","?","?","E","R","BOSS","M","M","?","?","$","E","M","M","T","R","E","?","R","M","R","BOSS"],"build_version":"2019-01-23","purchased_purges":1,"victory":true,"max_hp_per_floor":[75,75,75,75,75,75,75,75,75,75,75,75,75,75,75,75,75,75,75,75,75,75,75,75,75,75,75,75,75,75,75,75,75,75,75,75,75,75,75,75,75,75,75,75,75,75,75,75,75,75],"card_choices":[{"not_picked":["Cleave","Bloodletting"],"picked":"Uppercut","floor":1.0},{"not_picked":["Cleave","Burning Pact"],"picked":"Pummel","floor":3.0},{"not_picked":["Heavy Blade","Cleave","Rupture"],"picked":"SKIP","floor":5.0},{"not_picked":["Fire Breathing","Sword Boomerang"],"picked":"Anger","floor":7.0},{"not_picked":["Rupture","Sword Boomerang","Anger"],"picked":"SKIP","floor":11.0},{"not_picked":["Blood for Blood","Power Through"],"picked":"True Grit","floor":12.0},{"not_picked":["Intimidate","Warcry"],"picked":"Heavy Blade","floor":13.0},{"not_picked":["Brutality","Immolate"],"picked":"Reaper","floor":16.0},{"not_picked":["Cleave","Twin Strike"],"picked":"Flame Barrier","floor":18.0},{"not_picked":["Heavy Blade+1","Cleave","Sentinel"],"picked":"SKIP","floor":19.0},{"not_picked":["Havoc","Searing Blow"],"picked":"Shrug It Off","floor":21.0},{"not_picked":["Intimidate","Reckless Charge"],"picked":"Shrug It Off","floor":23.0},{"not_picked":["Heavy Blade","Sword Boomerang","Seeing Red"],"picked":"SKIP","floor":24.0},{"not_picked":["Heavy Blade","Sword Boomerang","Seeing Red"],"picked":"SKIP","floor":24.0},{"not_picked":["Anger+1","Heavy Blade","Wild Strike"],"picked":"SKIP","floor":27.0},{"not_picked":["Sentinel","Perfected Strike","Brutality"],"picked":"SKIP","floor":28.0},{"not_picked":["Wild Strike+1","Anger"],"picked":"Shockwave","floor":31.0},{"not_picked":["Fiend Fire","Berserk"],"picked":"Reaper","floor":33.0},{"not_picked":["Havoc","Uppercut","Clash"],"picked":"SKIP","floor":35.0},{"not_picked":["Ghostly Armor","Pommel Strike"],"picked":"Armaments+1","floor":36.0},{"not_picked":["Barricade","Shrug It Off"],"picked":"Headbutt+1","floor":40.0},{"not_picked":["Dropkick","Anger"],"picked":"Power Through","floor":41},{"not_picked":["Rampage","Cleave"],"picked":"Inflame+1","floor":42},{"not_picked":["Clash","Berserk","Armaments"],"picked":"SKIP","floor":45},{"not_picked":["Iron Wave+1","Cleave"],"picked":"Pommel Strike+1","floor":48}],"player_experience":2483513,"relics_obtained":[{"floor":9.0,"key":"Juzu Bracelet"},{"floor":11.0,"key":"MawBank"},{"floor":13.0,"key":"Red Skull"},{"floor":23.0,"key":"Blood Vial"},{"floor":26.0,"key":"Pantograph"},{"floor":28.0,"key":"Smiling Mask"},{"floor":31.0,"key":"Bottled Lightning"},{"floor":40.0,"key":"Ancient Tea Set"},{"floor":45,"key":"War Paint"},{"floor":46,"key":"Pocketwatch"}],"event_choices":[{"damage_healed":0.0,"max_hp_gain":0.0,"max_hp_loss":0.0,"gold_gain":0.0,"event_name":"Shining Light","player_choice":"Entered Light","floor":2.0,"gold_loss":0.0,"damage_taken":23.0,"cards_upgraded":["Bash","Strike_R"]},{"damage_healed":0.0,"max_hp_gain":0.0,"max_hp_loss":0.0,"gold_gain":0.0,"event_name":"Living Wall","player_choice":"Grow","floor":4.0,"gold_loss":0.0,"damage_taken":0.0,"cards_upgraded":["Uppercut"]},{"damage_healed":0.0,"max_hp_gain":0.0,"max_hp_loss":0.0,"gold_gain":0.0,"event_name":"Dead Adventurer","player_choice":"Searched \u00273\u0027 times","floor":7.0,"gold_loss":0.0,"damage_taken":0.0,"relics_obtained":["Meat on the Bone"]},{"damage_healed":0.0,"max_hp_gain":0.0,"max_hp_loss":0.0,"gold_gain":0.0,"event_name":"Vampires","player_choice":"Ignored","floor":20.0,"gold_loss":0.0,"damage_taken":0.0},{"damage_healed":0.0,"max_hp_gain":0.0,"max_hp_loss":0.0,"gold_gain":0.0,"event_name":"Lab","player_choice":"Got Potions","floor":22.0,"gold_loss":0.0,"damage_taken":0.0},{"damage_healed":0.0,"max_hp_gain":0.0,"max_hp_loss":0.0,"gold_gain":0.0,"event_name":"Ghosts","player_choice":"Ignored","floor":29.0,"gold_loss":0.0,"damage_taken":0.0},{"damage_healed":0.0,"max_hp_gain":0.0,"max_hp_loss":0.0,"gold_gain":0.0,"event_name":"The Library","player_choice":"Read","floor":30.0,"gold_loss":0.0,"damage_taken":0.0,"cards_obtained":["Battle Trance"]},{"cards_removed":["Defend_R"],"damage_healed":0.0,"max_hp_gain":0.0,"max_hp_loss":0.0,"gold_gain":0.0,"event_name":"Wheel of Change","player_choice":"Card Removal","floor":37.0,"gold_loss":0.0,"damage_taken":0.0},{"damage_healed":0.0,"max_hp_gain":0.0,"max_hp_loss":0.0,"gold_gain":0.0,"event_name":"Tomb of Lord Red Mask","player_choice":"Ignored","floor":38.0,"gold_loss":0.0,"damage_taken":0.0},{"damage_healed":0,"gold_gain":0,"player_choice":"Fight","damage_taken":0,"max_hp_gain":0,"max_hp_loss":0,"event_name":"Mysterious Sphere","floor":46,"gold_loss":0}],"is_beta":false,"boss_relics":[{"not_picked":["White Beast Statue","Tiny House"],"picked":"Astrolabe"},{"not_picked":["Mark of Pain","Busted Crown"],"picked":"Cursed Key"}],"items_purged_floors":[14],"is_endless":false,"potions_floor_spawned":[5,11,12,13,18,24,27,28,36,41,45],"ascension_level":15}