{"gold_per_floor":[112,112,112,125,137,172,182,182,182,182,202,213,213,227,227,330,330,340,318,332,332,297,297,315,345,372,392,392,417,73,103,103,103],"floor_reached":33,"playtime":1783,"items_purged":[],"score":305,"play_id":"706615b9-501f-4ede-9437-060f0509549f","local_time":"20181011234610","is_ascension_mode":true,"campfire_choices":[{"floor":8,"key":"REST"},{"data":"Rainbow","floor":13,"key":"SMITH"},{"floor":15,"key":"REST"},{"data":"Electrodynamics","floor":23,"key":"SMITH"},{"data":"Self Repair","floor":28,"key":"SMITH"},{"floor":32,"key":"REST"}],"neow_cost":"NONE","seed_source_timestamp":92313633991148,"circlet_count":0,"master_deck":["Defend_B","Defend_B","Defend_B","Defend_B","Zap","Dualcast","Self Repair+1","Self Repair","Rip and Tear","Sweeping Beam","Barrage","Rainbow+1","Ball Lightning","Steam","Electrodynamics+1","Cold Snap","Beam Cell","Coolheaded","Bite","Bite","Bite","Bite","Bite","FTL","Go for the Eyes","Steam","Gash+1","Chrysalis","Gash+1"],"relics":["Cracked Core","NeowsBlessing","Anchor","PreservedInsect","Sozu","Red Mask","Boot","Happy Flower","Bronze Scales","Molten Egg 2"],"potions_floor_usage":[11],"damage_taken":[{"damage":0,"enemies":"2 Louse","floor":1,"turns":1},{"damage":0,"enemies":"Cultist","floor":4,"turns":1},{"damage":0,"enemies":"Small Slimes","floor":5,"turns":1},{"damage":55,"enemies":"Gremlin Nob","floor":6,"turns":6},{"damage":1,"enemies":"3 Louse","floor":7,"turns":3},{"damage":0,"enemies":"Gremlin Gang","floor":11,"turns":3},{"damage":0,"enemies":"2 Fungi Beasts","floor":12,"turns":3},{"damage":3,"enemies":"Exordium Wildlife","floor":14,"turns":3},{"damage":15,"enemies":"Slime Boss","floor":16,"turns":9},{"damage":6,"enemies":"Spheric Guardian","floor":18,"turns":4},{"damage":0,"enemies":"2 Thieves","floor":20,"turns":3},{"damage":15,"enemies":"Shelled Parasite and Fungi","floor":24,"turns":7},{"damage":16,"enemies":"Masked Bandits","floor":25,"turns":4},{"damage":9,"enemies":"Snake Plant","floor":27,"turns":3},{"damage":14,"enemies":"Slavers","floor":31,"turns":3},{"damage":67,"enemies":"Automaton","floor":33,"turns":6}],"seed_played":"-2871696262597374624","potions_obtained":[{"floor":5,"key":"PowerPotion"},{"floor":6,"key":"Fire Potion"},{"floor":7,"key":"SteroidPotion"},{"floor":11,"key":"SkillPotion"},{"floor":16,"key":"Dexterity Potion"}],"is_trial":false,"path_per_floor":["M","?","?","M","M","E","M","R","T","?","M","M","R","M","R","B",null,"M","$","M","?","$","R","M","?","T","M","R","T","$","E","R"],"character_chosen":"DEFECT","items_purchased":["Beam Cell","FTL","Chrysalis","Bronze Scales"],"campfire_rested":3,"item_purchase_floors":[19,22,30,30],"current_hp_per_floor":[75,75,75,75,75,20,26,48,48,48,55,62,62,66,75,60,75,75,75,75,52,52,52,52,52,52,45,45,45,45,43,52,0],"gold":103,"neow_bonus":"THREE_ENEMY_KILL","is_prod":false,"is_daily":false,"chose_seed":false,"campfire_upgraded":3,"win_rate":0,"timestamp":1539297970,"path_taken":["M","?","?","?","M","E","M","R","T","?","?","?","R","M","R","BOSS","M","$","M","?","$","R","?","?","T","M","R","?","$","E","R","BOSS"],"build_version":"2018-10-04v2","purchased_purges":0,"victory":false,"max_hp_per_floor":[75,75,75,75,75,75,75,75,75,75,75,75,75,75,75,75,75,75,75,75,52,52,52,52,52,52,52,52,52,52,52,52,52],"card_choices":[{"not_picked":["Compile Driver","Tempest"],"picked":"Self Repair","floor":1},{"not_picked":["Capacitor","Rebound"],"picked":"Self Repair","floor":4},{"not_picked":["Hello World","Rebound"],"picked":"Rip and Tear","floor":5},{"not_picked":["Barrage","FTL"],"picked":"Sweeping Beam","floor":6},{"not_picked":["Steam","Beam Cell"],"picked":"Barrage","floor":7},{"not_picked":["Stack","Glacier"],"picked":"Rainbow","floor":11},{"not_picked":["Redo","Recycle"],"picked":"Ball Lightning","floor":12},{"not_picked":["Rebound","Gash"],"picked":"Steam","floor":14},{"not_picked":["Machine Learning","Multi-Cast"],"picked":"Electrodynamics","floor":16},{"not_picked":["Redo","Turbo"],"picked":"Cold Snap","floor":18},{"not_picked":["Steam","Sweeping Beam"],"picked":"Coolheaded","floor":20},{"not_picked":["Gash","FTL"],"picked":"Go for the Eyes","floor":24},{"not_picked":["Go for the Eyes","Heatsinks"],"picked":"Steam","floor":25},{"not_picked":["Beam Cell+1","Amplify"],"picked":"Gash+1","floor":27},{"not_picked":["Fusion","Reprogram"],"picked":"Gash","floor":31}],"player_experience":54900,"relics_obtained":[{"floor":6,"key":"Anchor"},{"floor":9,"key":"PreservedInsect"},{"floor":25,"key":"Red Mask"},{"floor":26,"key":"Boot"},{"floor":29,"key":"Happy Flower"},{"floor":31,"key":"Molten Egg 2"}],"event_choices":[{"event_name":"FaceTrader","player_choice":"Leave","floor":2,"damage_taken":0},{"event_name":"Wheel of Change","player_choice":"Card Removal","floor":3,"damage_taken":0},{"event_name":"Golden Wing","player_choice":"Ignored","floor":10,"damage_taken":0},{"event_name":"Vampires","player_choice":"Became a vampire","floor":21,"damage_taken":0},{"event_name":"Masked Bandits","player_choice":"Fought Bandits","floor":25,"damage_taken":0}],"is_beta":false,"boss_relics":[{"not_picked":["Runic Pyramid","Black Star"],"picked":"Sozu"}],"items_purged_floors":[],"is_endless":false,"potions_floor_spawned":[5,6,7,11,16,18,24,25,31],"killed_by":"Automaton","ascension_level":1}