{"gold_per_floor":[113,113,125,136,136,166,178,212,212,245,245,257,283,340,340,417,417,428,428,438,188,218,218,231,265,290,325,341,371,390,422,422,496,496,512,530,543,543,571,605,618,646,669,713,742,785,828,79,79,79,79],"floor_reached":52,"playtime":3569,"items_purged":[],"score":2995,"play_id":"b226f312-8bb7-4bf2-97b0-0e297044b813","local_time":"20190103093639","daily_mods":["SealedDeck","DeadlyEvents","Elite Swarm"],"is_ascension_mode":true,"campfire_choices":[{"data":"Go for the Eyes","floor":11.0,"key":"SMITH"},{"data":"Electrodynamics","floor":15.0,"key":"SMITH"},{"data":"Fission","floor":23.0,"key":"SMITH"},{"data":"Defragment","floor":32.0,"key":"SMITH"},{"floor":49,"key":"REST"}],"neow_cost":"","seed_source_timestamp":0,"circlet_count":0,"master_deck":["AscendersBane","Conserve Battery+1","Coolheaded","Ball Lightning","Undo","Leap+1","Sweeping Beam","FTL","Go for the Eyes+1","Cold Snap","Ball Lightning","Electrodynamics+1","Core Surge","Thunder Strike","Leap+1","Defragment+1","Fission+1","Glacier","Glacier","Blizzard","Storm","Parasite","Recycle+1","Biased Cognition","Echo Form","Apotheosis"],"special_seed":0,"relics":["FrozenCore","Calipers","War Paint","Matryoshka","Nunchaku","Prayer Wheel","Torii","Anchor","Art of War","Mummified Hand","Dream Catcher","Blood Vial","Singing Bowl","Pocketwatch","Bird Faced Urn","Fusion Hammer","PreservedInsect","Centennial Puzzle","Smiling Mask","MawBank","Boot","Bag of Marbles","Emotion Chip","Cables","Strawberry","Bottled Tornado"],"potions_floor_usage":[47,47,51,51],"damage_taken":[{"damage":0.0,"enemies":"Cultist","floor":1.0,"turns":2.0},{"damage":0.0,"enemies":"2 Louse","floor":3.0,"turns":2.0},{"damage":0.0,"enemies":"Jaw Worm","floor":4.0,"turns":2.0},{"damage":0.0,"enemies":"Gremlin Nob","floor":6.0,"turns":3.0},{"damage":0.0,"enemies":"Red Slaver","floor":7.0,"turns":3.0},{"damage":0.0,"enemies":"Lagavulin","floor":8.0,"turns":6.0},{"damage":0.0,"enemies":"3 Sentries","floor":10.0,"turns":3.0},{"damage":0.0,"enemies":"Blue Slaver","floor":12.0,"turns":3.0},{"damage":0.0,"enemies":"Gremlin Nob","floor":13.0,"turns":3.0},{"damage":0.0,"enemies":"Lagavulin Event","floor":14.0,"turns":5.0},{"damage":0.0,"enemies":"Slime Boss","floor":16.0,"turns":7.0},{"damage":1.0,"enemies":"Shell Parasite","floor":18.0,"turns":5.0},{"damage":1.0,"enemies":"Chosen","floor":20.0,"turns":3.0},{"damage":30.0,"enemies":"Book of Stabbing","floor":22.0,"turns":5.0},{"damage":0.0,"enemies":"Snecko","floor":24.0,"turns":5.0},{"damage":1.0,"enemies":"Slavers","floor":25.0,"turns":4.0},{"damage":0.0,"enemies":"Gremlin Leader","floor":27.0,"turns":6.0},{"damage":0.0,"enemies":"Snake Plant","floor":28.0,"turns":3.0},{"damage":7.0,"enemies":"Book of Stabbing","floor":29.0,"turns":7.0},{"damage":1.0,"enemies":"Shelled Parasite and Fungi","floor":30.0,"turns":6.0},{"damage":0.0,"enemies":"Gremlin Leader","floor":31.0,"turns":5.0},{"damage":0.0,"enemies":"Collector","floor":33.0,"turns":9.0},{"damage":7.0,"enemies":"3 Darklings","floor":35.0,"turns":2.0},{"damage":0.0,"enemies":"3 Shapes","floor":36.0,"turns":2.0},{"damage":0.0,"enemies":"Writhing Mass","floor":37.0,"turns":7.0},{"damage":17.0,"enemies":"Reptomancer","floor":39.0,"turns":8.0},{"damage":0,"enemies":"Nemesis","floor":40,"turns":7},{"damage":0,"enemies":"4 Shapes","floor":41,"turns":3},{"damage":0,"enemies":"Giant Head","floor":42,"turns":6},{"damage":0,"enemies":"Reptomancer","floor":44,"turns":4},{"damage":0,"enemies":"Sphere and 2 Shapes","floor":45,"turns":5},{"damage":6,"enemies":"Giant Head","floor":46,"turns":5},{"damage":51,"enemies":"Reptomancer","floor":47,"turns":10},{"damage":16,"enemies":"Donu and Deca","floor":50,"turns":8},{"damage":6,"enemies":"Awakened One","floor":51,"turns":15}],"seed_played":"4142215927407960821","potions_obtained":[{"floor":1.0,"key":"Poison Potion"},{"floor":6.0,"key":"Swift Potion"},{"floor":8.0,"key":"Explosive Potion"},{"floor":12.0,"key":"Energy Potion"},{"floor":14.0,"key":"Regen Potion"},{"floor":22.0,"key":"Block Potion"},{"floor":27.0,"key":"FairyPotion"},{"floor":28.0,"key":"Regen Potion"},{"floor":29.0,"key":"Fire Potion"},{"floor":30.0,"key":"Regen Potion"},{"floor":39,"key":"Regen Potion"}],"is_trial":true,"path_per_floor":["M","$","M","M","?","E","M","E","T","E","R","M","E","?","R","B",null,"M","?","M","$","E","R","M","E","T","E","M","E","M","E","R","B",null,"M","M","M","?","E","E","E","M","E","T","E","M","E","E","$","R","B","B",null],"character_chosen":"DEFECT","items_purchased":["Defragment","Anchor","Apotheosis","Strawberry","Weak Potion","Strength Potion","Bottled Tornado"],"campfire_rested":1,"item_purchase_floors":[21,21,48,48,48,48,48],"current_hp_per_floor":[64,64,64,64,64,64,64,64,64,64,64,64,64,64,64,64,69,68,68,67,67,37,37,51,50,50,54,58,70,75,79,79,85,85,82,87,89,89,76,86,93,95,95,97,101,101,105,112,114,104,114],"gold":79,"neow_bonus":"","is_prod":false,"is_daily":false,"chose_seed":false,"campfire_upgraded":4,"win_rate":0,"timestamp":1546536999,"path_taken":["M","$","M","M","?","E","M","E","T","E","R","M","E","?","R","BOSS","M","?","M","$","?","R","M","E","T","E","?","E","M","E","R","BOSS","M","M","M","?","?","E","M","E","T","E","?","E","?","$","R","BOSS","BOSS"],"build_version":"2018-12-20","purchased_purges":0,"victory":true,"max_hp_per_floor":[71,71,71,71,71,71,71,71,71,71,71,71,71,71,71,71,71,71,71,71,71,71,71,71,71,71,73,75,77,81,83,83,85,85,87,87,89,89,89,89,93,95,95,97,101,103,105,112,114,114,114],"card_choices":[{"not_picked":["Force Field","Lockon","Cold Snap"],"picked":"SKIP","floor":1.0},{"not_picked":["Tempest","Turbo","Loop"],"picked":"SKIP","floor":3.0},{"not_picked":["Darkness","FTL","Streamline"],"picked":"SKIP","floor":4.0},{"not_picked":["Echo Form","Meteor Strike"],"picked":"Electrodynamics","floor":6.0},{"not_picked":["Rip and Tear","Turbo","Rebound"],"picked":"SKIP","floor":7.0},{"not_picked":["Hyperbeam","Thunder Strike"],"picked":"Core Surge","floor":8.0},{"not_picked":["Electrodynamics","All For One","Creative AI"],"picked":"SKIP","floor":10.0},{"not_picked":["Sweeping Beam","Aggregate","Conserve Battery"],"picked":"SKIP","floor":12.0},{"not_picked":["Electrodynamics","Multi-Cast","Seek"],"picked":"SKIP","floor":13.0},{"not_picked":["Machine Learning","Reboot"],"picked":"Thunder Strike","floor":16.0},{"not_picked":["Barrage+1","Fusion","Cold Snap"],"picked":"SKIP","floor":18.0},{"not_picked":["Force Field","Reprogram","Ball Lightning"],"picked":"SKIP","floor":18.0},{"not_picked":["Streamline","FTL","Leap"],"picked":"SKIP","floor":20.0},{"not_picked":["BootSequence","Conserve Battery","Go for the Eyes"],"picked":"SKIP","floor":20.0},{"not_picked":["Reboot","Machine Learning"],"picked":"Fission","floor":22.0},{"not_picked":["Coolheaded","Compile Driver","Darkness"],"picked":"SKIP","floor":24.0},{"not_picked":["Cold Snap","Redo","Conserve Battery"],"picked":"SKIP","floor":24.0},{"not_picked":["Rainbow","Amplify","Core Surge"],"picked":"SKIP","floor":25.0},{"not_picked":["Fission","Reboot","Machine Learning"],"picked":"Singing Bowl","floor":27.0},{"not_picked":["Conserve Battery","Coolheaded","Steam"],"picked":"Singing Bowl","floor":28.0},{"not_picked":["Hello World","Beam Cell"],"picked":"Glacier","floor":28.0},{"not_picked":["Rainbow","Reboot","Machine Learning"],"picked":"Singing Bowl","floor":29.0},{"not_picked":["Stack","Hologram","Sunder"],"picked":"Singing Bowl","floor":30.0},{"not_picked":["Skim+1","Compile Driver","Ball Lightning"],"picked":"Singing Bowl","floor":30.0},{"not_picked":["Rainbow","Meteor Strike","Amplify"],"picked":"Singing Bowl","floor":31.0},{"not_picked":["Seek","Creative AI","Hyperbeam"],"picked":"Singing Bowl","floor":33.0},{"not_picked":["Beam Cell+1","Cold Snap+1","Barrage"],"picked":"Singing Bowl","floor":35.0},{"not_picked":["Chaos+1","Rebound"],"picked":"Glacier","floor":35.0},{"not_picked":["Go for the Eyes","Rebound+1"],"picked":"Blizzard","floor":36.0},{"not_picked":["Coolheaded","Darkness+1"],"picked":"Storm","floor":36.0},{"not_picked":["Conserve Battery","Genetic Algorithm","Redo"],"picked":"Singing Bowl","floor":37.0},{"not_picked":["Hologram","Scrape"],"picked":"Recycle+1","floor":37.0},{"not_picked":["Creative AI","Hyperbeam"],"picked":"Biased Cognition","floor":39},{"not_picked":["Core Surge","Creative AI"],"picked":"Echo Form","floor":40},{"not_picked":["Gash","BootSequence+1","Sunder"],"picked":"Singing Bowl","floor":41},{"not_picked":["Reprogram+1","Turbo","Steam"],"picked":"Singing Bowl","floor":41},{"not_picked":["Buffer","Seek","Machine Learning"],"picked":"Singing Bowl","floor":42},{"not_picked":["Creative AI","All For One","Meteor Strike"],"picked":"Singing Bowl","floor":44},{"not_picked":["Leap","Gash","Go for the Eyes"],"picked":"Singing Bowl","floor":45},{"not_picked":["Beam Cell","Turbo","Scrape"],"picked":"Singing Bowl","floor":45},{"not_picked":["Seek","Biased Cognition","Thunder Strike"],"picked":"Singing Bowl","floor":46},{"not_picked":["Meteor Strike","Core Surge","Thunder Strike"],"picked":"Singing Bowl","floor":47},{"not_picked":["Barrage","Compile Driver","Gash"],"picked":"Singing Bowl","floor":49}],"player_experience":1931739,"relics_obtained":[{"floor":6.0,"key":"Calipers"},{"floor":8.0,"key":"War Paint"},{"floor":9.0,"key":"Matryoshka"},{"floor":10.0,"key":"Nunchaku"},{"floor":13.0,"key":"Prayer Wheel"},{"floor":14.0,"key":"Torii"},{"floor":22.0,"key":"Art of War"},{"floor":25.0,"key":"Mummified Hand"},{"floor":26.0,"key":"Dream Catcher"},{"floor":26.0,"key":"Blood Vial"},{"floor":27.0,"key":"Singing Bowl"},{"floor":29.0,"key":"Pocketwatch"},{"floor":31.0,"key":"Bird Faced Urn"},{"floor":39,"key":"PreservedInsect"},{"floor":40,"key":"Centennial Puzzle"},{"floor":42,"key":"Smiling Mask"},{"floor":43,"key":"MawBank"},{"floor":43,"key":"Boot"},{"floor":44,"key":"Bag of Marbles"},{"floor":46,"key":"Emotion Chip"},{"floor":47,"key":"Cables"}],"event_choices":[{"damage_healed":0.0,"max_hp_gain":0.0,"max_hp_loss":0.0,"gold_gain":0.0,"event_name":"The Cleric","player_choice":"Leave","floor":5.0,"gold_loss":0.0,"damage_taken":0.0},{"damage_healed":0.0,"max_hp_gain":0.0,"max_hp_loss":0.0,"gold_gain":0.0,"event_name":"Dead Adventurer","player_choice":"Searched \u00271\u0027 times","floor":14.0,"gold_loss":0.0,"damage_taken":0.0},{"damage_healed":0.0,"max_hp_gain":0.0,"max_hp_loss":0.0,"gold_gain":0.0,"event_name":"Duplicator","player_choice":"Copied","floor":19.0,"gold_loss":0.0,"damage_taken":0.0,"cards_obtained":["Leap"]},{"damage_healed":0.0,"max_hp_gain":0.0,"max_hp_loss":0.0,"gold_gain":0.0,"event_name":"Transmorgrifier","player_choice":"Ignored","floor":38.0,"gold_loss":0.0,"damage_taken":0.0}],"is_beta":false,"boss_relics":[{"not_picked":["Astrolabe","Snecko Eye"],"picked":"FrozenCore"},{"not_picked":["Tiny House","Nuclear Battery"],"picked":"Fusion Hammer"}],"items_purged_floors":[],"is_endless":false,"potions_floor_spawned":[1,6,8,12,14,22,27,28,29,30,36,39,40,44,45,46],"ascension_level":20}