{"gold_per_floor":[114,124,6,21,38,38,51,51,51,10,10,44,55,3,3,102,102,118,138,156,156,169,169],"floor_reached":23,"playtime":2497,"items_purged":[],"score":327,"play_id":"8a66d3ab-d38e-498f-af85-69c6f26136b1","local_time":"20190415201816","is_ascension_mode":true,"campfire_choices":[{"data":"Warcry","floor":6.0,"key":"SMITH"},{"data":"Shrug It Off","floor":8.0,"key":"SMITH"},{"data":"Bash","floor":11,"key":"SMITH"},{"floor":15,"key":"REST"}],"neow_cost":"NONE","seed_source_timestamp":0,"circlet_count":0,"master_deck":["AscendersBane","Strike_R","Strike_R","Strike_R","Strike_R","Strike_R","Defend_R","Defend_R","Defend_R","Defend_R","Bash+1","Warcry+1","Headbutt","Spot Weakness","Sword Boomerang","Spot Weakness","Shrug It Off+1","Immolate","Double Tap","Warcry","Armaments","True Grit+1","Havoc+1"],"special_seed":0,"relics":["Burning Blood","Matryoshka","Darkstone Periapt","Pear","Sozu"],"potions_floor_usage":[12,19],"damage_taken":[{"damage":9.0,"enemies":"2 Louse","floor":1.0,"turns":3.0},{"damage":10.0,"enemies":"Cultist","floor":2.0,"turns":5.0},{"damage":7.0,"enemies":"Jaw Worm","floor":4.0,"turns":3.0},{"damage":15.0,"enemies":"Large Slime","floor":5.0,"turns":5.0},{"damage":11.0,"enemies":"Exordium Wildlife","floor":7.0,"turns":4.0},{"damage":23,"enemies":"Gremlin Nob","floor":12,"turns":4},{"damage":24,"enemies":"Blue Slaver","floor":13,"turns":4},{"damage":51,"enemies":"Hexaghost","floor":16,"turns":9},{"damage":1,"enemies":"Chosen","floor":18,"turns":4},{"damage":29,"enemies":"3 Byrds","floor":19,"turns":4},{"damage":27,"enemies":"Centurion and Healer","floor":20,"turns":5},{"damage":49,"enemies":"Snecko","floor":22,"turns":5},{"damage":39,"enemies":"Book of Stabbing","floor":23,"turns":4}],"seed_played":"5244272346563431308","potions_obtained":[{"floor":2.0,"key":"Explosive Potion"},{"floor":4.0,"key":"Weak Potion"},{"floor":7.0,"key":"PowerPotion"},{"floor":16,"key":"Swift Potion"}],"is_trial":false,"path_per_floor":["M","M","$","M","M","R","M","R","T","?","R","E","M","?","R","B",null,"M","M","M","?","M","E"],"character_chosen":"IRONCLAD","items_purchased":["Spot Weakness","Sword Boomerang"],"campfire_rested":1,"item_purchase_floors":[3,3],"current_hp_per_floor":[77,73,73,72,63,63,58,58,58,58,58,41,23,33,62,17,78,83,60,39,71,28,0],"gold":169,"neow_bonus":"TEN_PERCENT_HP_BONUS","is_prod":false,"is_daily":false,"chose_seed":false,"campfire_upgraded":3,"win_rate":0,"timestamp":1555348696,"path_taken":["M","M","$","M","M","R","M","R","T","?","R","E","M","?","R","BOSS","M","?","?","?","M","E"],"build_version":"2019-01-23","purchased_purges":0,"victory":false,"max_hp_per_floor":[88,88,88,88,88,88,88,88,88,88,88,88,88,98,98,98,98,98,98,98,98,98,98],"card_choices":[{"not_picked":["Rage","Heavy Blade"],"picked":"Warcry","floor":1.0},{"not_picked":["Clash","Flex"],"picked":"Headbutt","floor":2.0},{"not_picked":["Feel No Pain","Intimidate"],"picked":"Spot Weakness","floor":4.0},{"not_picked":["Anger","Sword Boomerang"],"picked":"Shrug It Off","floor":5.0},{"not_picked":["Infernal Blade","Anger","Burning Pact"],"picked":"SKIP","floor":7.0},{"not_picked":["Pummel","Pommel Strike"],"picked":"Immolate","floor":12},{"not_picked":["Headbutt","Blood for Blood","Twin Strike"],"picked":"SKIP","floor":13},{"not_picked":["Offering","Brutality"],"picked":"Double Tap","floor":16},{"not_picked":["Sentinel","True Grit"],"picked":"Warcry","floor":18},{"not_picked":["Dropkick","Anger"],"picked":"Armaments","floor":19},{"not_picked":["Carnage","Dropkick"],"picked":"True Grit+1","floor":20},{"not_picked":["Headbutt","Bloodletting"],"picked":"Havoc+1","floor":22}],"player_experience":257508,"relics_obtained":[{"floor":9,"key":"Matryoshka"},{"floor":12,"key":"Darkstone Periapt"}],"event_choices":[{"damage_healed":0,"gold_gain":0,"player_choice":"Left Gold","damage_taken":0,"max_hp_gain":0,"max_hp_loss":0,"event_name":"World of Goop","floor":10,"gold_loss":41},{"damage_healed":0,"gold_gain":0,"player_choice":"Paid Gold","damage_taken":0,"relics_obtained":["Pear"],"max_hp_gain":0,"max_hp_loss":0,"event_name":"WeMeetAgain","floor":14,"gold_loss":52},{"damage_healed":32,"gold_gain":0,"player_choice":"Heal","damage_taken":0,"max_hp_gain":0,"max_hp_loss":0,"event_name":"The Library","floor":21,"gold_loss":0}],"is_beta":false,"boss_relics":[{"not_picked":["Busted Crown","Fusion Hammer"],"picked":"Sozu"}],"items_purged_floors":[],"is_endless":false,"potions_floor_spawned":[2,4,7,16,22],"killed_by":"Book of Stabbing","ascension_level":11}