{"gold_per_floor":[20,20,20,46,122,122,138,63,63,63,93,103,103,117,117,192,192,203,203,218,218],"floor_reached":21,"playtime":766,"items_purged":["Strike_R"],"score":319,"play_id":"670e3ef2-b521-41da-930a-f56751e9640c","local_time":"20190329024600","is_ascension_mode":true,"campfire_choices":[{"data":"Rampage","floor":6.0,"key":"SMITH"},{"data":"Bash","floor":10.0,"key":"SMITH"},{"data":"Clothesline","floor":13.0,"key":"SMITH"},{"data":"Rupture","floor":15,"key":"SMITH"}],"neow_cost":"NO_GOLD","seed_source_timestamp":208050985633841,"circlet_count":0,"master_deck":["AscendersBane","Defend_R","Defend_R","Defend_R","Bash+1","Rampage+1","Rupture+1","Sentinel+1","Clothesline+1","Combust","Impervious+1","Blood for Blood+1","Rampage+1","Exhume+1","True Grit+1","Flex+1"],"special_seed":0,"relics":["Burning Blood","Darkstone Periapt","Happy Flower","Toxic Egg 2","Question Card","Dodecahedron","Astrolabe"],"potions_floor_usage":[21],"damage_taken":[{"damage":6.0,"enemies":"Cultist","floor":1.0,"turns":4.0},{"damage":9.0,"enemies":"Jaw Worm","floor":7.0,"turns":3.0},{"damage":27.0,"enemies":"Lagavulin","floor":11.0,"turns":6.0},{"damage":0.0,"enemies":"2 Louse","floor":12.0,"turns":2.0},{"damage":1.0,"enemies":"Blue Slaver","floor":14.0,"turns":4.0},{"damage":22,"enemies":"Slime Boss","floor":16,"turns":7},{"damage":29,"enemies":"2 Thieves","floor":18,"turns":4},{"damage":42,"enemies":"3 Byrds","floor":20,"turns":6},{"damage":19,"enemies":"Snake Plant","floor":21,"turns":3}],"seed_played":"-1841637742536751981","potions_obtained":[{"floor":7.0,"key":"AttackPotion"},{"floor":11.0,"key":"Poison Potion"},{"floor":20,"key":"BloodPotion"}],"is_trial":false,"path_per_floor":["M","$","T","T","T","R","M","$","T","R","E","M","R","M","R","B",null,"M","?","M","M"],"character_chosen":"IRONCLAD","items_purchased":[],"campfire_rested":0,"item_purchase_floors":[],"current_hp_per_floor":[68,68,68,68,68,68,65,65,65,65,44,50,50,55,55,39,66,43,43,7,0],"gold":218,"neow_bonus":"TRANSFORM_TWO_CARDS","is_prod":false,"is_daily":false,"chose_seed":false,"campfire_upgraded":4,"win_rate":0,"timestamp":1553823960,"path_taken":["M","$","?","?","?","R","M","$","T","R","E","M","R","M","R","BOSS","M","?","M","M"],"build_version":"2019-01-23","purchased_purges":1,"victory":false,"max_hp_per_floor":[75,75,75,75,75,75,75,75,75,75,75,75,75,75,75,75,75,75,75,75,75],"card_choices":[{"not_picked":["Sword Boomerang","Warcry","Reckless Charge"],"picked":"SKIP","floor":1.0},{"not_picked":["Heavy Blade","Thunderclap"],"picked":"Sentinel+1","floor":7.0},{"not_picked":["Clash","Thunderclap","Feel No Pain","Headbutt"],"picked":"SKIP","floor":11.0},{"not_picked":["Pummel","Dark Embrace","Feel No Pain"],"picked":"Clothesline","floor":12.0},{"not_picked":["Cleave","Inflame","Pummel"],"picked":"Combust","floor":14},{"not_picked":["Demon Form","Immolate","Reaper"],"picked":"Impervious+1","floor":16},{"not_picked":["Feel No Pain","Rampage","Iron Wave"],"picked":"True Grit+1","floor":18},{"not_picked":["Warcry+1","Infernal Blade+1","Twin Strike"],"picked":"Flex+1","floor":20}],"player_experience":647888,"relics_obtained":[{"floor":3.0,"key":"Darkstone Periapt"},{"floor":4.0,"key":"Happy Flower"},{"floor":5.0,"key":"Toxic Egg 2"},{"floor":9.0,"key":"Question Card"},{"floor":11.0,"key":"Dodecahedron"}],"event_choices":[{"damage_healed":0,"gold_gain":0,"player_choice":"Ignored","damage_taken":0,"max_hp_gain":0,"max_hp_loss":0,"event_name":"Ghosts","floor":19,"gold_loss":0}],"is_beta":false,"boss_relics":[{"not_picked":["Lizard Tail","Snecko Eye"],"picked":"Astrolabe"}],"items_purged_floors":[8],"is_endless":false,"potions_floor_spawned":[7,11,20],"killed_by":"Snake Plant","ascension_level":16}