{"gold_per_floor":[112,126,17,28,103,103,116,116,116,149,149,159,191,209,209,209],"floor_reached":16,"playtime":597,"items_purged":[],"score":218,"play_id":"d784ee30-58f7-42d7-b83a-ecd2851b7378","local_time":"20190506220449","is_ascension_mode":true,"campfire_choices":[{"data":"Whirlwind","floor":6,"key":"SMITH"},{"data":"Infernal Blade","floor":8,"key":"SMITH"},{"floor":11,"key":"REST"},{"floor":15,"key":"REST"}],"neow_cost":"NONE","seed_source_timestamp":46045329988200,"circlet_count":0,"master_deck":["AscendersBane","Strike_R","Strike_R","Strike_R","Strike_R","Strike_R","Defend_R","Defend_R","Defend_R","Defend_R","Bash","Twin Strike","Metallicize","Infernal Blade+1","Flex","Whirlwind+1","Heavy Blade","Headbutt","Power Through"],"relics":["Burning Blood","Paper Frog","Orichalcum","Dream Catcher"],"potions_floor_usage":[7,7,13,16],"damage_taken":[{"damage":6,"enemies":"Cultist","floor":1,"turns":3},{"damage":12,"enemies":"Jaw Worm","floor":2,"turns":2},{"damage":8,"enemies":"Small Slimes","floor":4,"turns":3},{"damage":10,"enemies":"Red Slaver","floor":7,"turns":2},{"damage":24,"enemies":"3 Sentries","floor":10,"turns":6},{"damage":6,"enemies":"Blue Slaver","floor":12,"turns":3},{"damage":24,"enemies":"Lagavulin","floor":13,"turns":8},{"damage":7,"enemies":"Large Slime","floor":14,"turns":4},{"damage":63,"enemies":"The Guardian","floor":16,"turns":9}],"seed_played":"-6603013661673834206","potions_obtained":[{"floor":2,"key":"Energy Potion"},{"floor":4,"key":"Weak Potion"},{"floor":10,"key":"EssenceOfSteel"},{"floor":14,"key":"Strength Potion"}],"is_trial":false,"path_per_floor":["M","M","$","M","?","R","M","R","T","E","R","M","E","M","R","B"],"character_chosen":"IRONCLAD","items_purchased":["Infernal Blade","Flex"],"campfire_rested":2,"item_purchase_floors":[3,3],"current_hp_per_floor":[75,69,69,67,56,56,52,52,52,34,58,58,40,39,63,0],"gold":209,"neow_bonus":"TEN_PERCENT_HP_BONUS","is_prod":false,"is_daily":false,"chose_seed":false,"campfire_upgraded":2,"win_rate":0,"timestamp":1557169489,"path_taken":["M","M","?","M","?","R","M","R","T","E","R","M","E","M","R","BOSS"],"build_version":"2019-01-23","purchased_purges":0,"victory":false,"max_hp_per_floor":[82,82,82,82,82,82,82,82,82,82,82,82,82,82,82,82],"card_choices":[{"not_picked":["Iron Wave","Shrug It Off"],"picked":"Twin Strike","floor":1},{"not_picked":["True Grit","Pummel"],"picked":"Metallicize","floor":2},{"not_picked":["Spot Weakness","Headbutt"],"picked":"Whirlwind","floor":4},{"not_picked":["Cleave","Corruption"],"picked":"Heavy Blade","floor":7},{"not_picked":["Anger","Wild Strike","Exhume"],"picked":"SKIP","floor":10},{"not_picked":["Body Slam","Perfected Strike","Pommel Strike"],"picked":"SKIP","floor":12},{"not_picked":["Power Through","Entrench"],"picked":"Headbutt","floor":13},{"not_picked":["Twin Strike","Heavy Blade"],"picked":"Power Through","floor":14}],"player_experience":384286,"relics_obtained":[{"floor":9,"key":"Paper Frog"},{"floor":10,"key":"Orichalcum"},{"floor":13,"key":"Dream Catcher"}],"event_choices":[{"damage_healed":0,"gold_gain":75,"player_choice":"Gather Gold","damage_taken":11,"max_hp_gain":0,"max_hp_loss":0,"event_name":"World of Goop","floor":5,"gold_loss":0}],"is_beta":false,"boss_relics":[],"items_purged_floors":[],"is_endless":false,"potions_floor_spawned":[2,4,10,14],"killed_by":"The Guardian","ascension_level":19}