{"gold_per_floor":[113,38,58,58,82,82,102,102,154,179,53,79,79,79,79,182,182,182,182,182,182,182,182,182,182,182,182,182,182,182,6,6,6,6,6,6,6,6,6,6,6,6,6,6,6,6,6,6,6,6],"floor_reached":51,"playtime":3046,"items_purged":["Strike_G"],"score":904,"play_id":"9e89d3f7-d5af-4238-9986-3d9b25a4875d","local_time":"20180724004126","is_ascension_mode":true,"campfire_choices":[{"data":"Infinite Blades","floor":6,"key":"SMITH"},{"data":"Reflex","floor":8,"key":"SMITH"},{"data":"Tools of the Trade","floor":13,"key":"SMITH"},{"data":"Cloak And Dagger","floor":15,"key":"SMITH"},{"floor":23,"key":"REST"},{"data":"After Image","floor":29,"key":"SMITH"},{"data":"Cloak And Dagger","floor":32,"key":"SMITH"},{"data":"Apotheosis","floor":40,"key":"SMITH"},{"data":"Infinite Blades","floor":45,"key":"SMITH"},{"data":"Cloak And Dagger","floor":47,"key":"SMITH"},{"data":"Neutralize","floor":49,"key":"SMITH"}],"neow_cost":"NONE","seed_source_timestamp":403981243470047,"circlet_count":0,"master_deck":["Defend_G","Defend_G","Defend_G","Defend_G","Defend_G","Survivor","Neutralize+1","Tools of the Trade+1","Infinite Blades+1","Reflex+1","Cloak And Dagger+1","Footwork+1","Cloak And Dagger+1","After Image+1","Acrobatics+1","Backflip+1","Bite","Bite","Bite","Bite","Bite","Infinite Blades+1","PiercingWail+1","Footwork+1","Cloak And Dagger+1","Footwork+1","Poisoned Stab+1","Apotheosis+1","Madness","Madness","Corpse Explosion+1"],"relics":["Ring of the Snake","Ancient Tea Set","Dream Catcher","Unceasing Top","Ectoplasm","Nilry\u0027s Codex","Molten Egg 2","Orichalcum","Juzu Bracelet","Lantern","Oddly Smooth Stone","Eternal Feather","Ninja Scroll","Toxic Egg 2","Strawberry"],"potions_floor_usage":[16,30,33,42,50],"damage_taken":[{"damage":5,"enemies":"Small Slimes","floor":1,"turns":4},{"damage":1,"enemies":"Jaw Worm","floor":3,"turns":3},{"damage":2,"enemies":"Cultist","floor":7,"turns":5},{"damage":25,"enemies":"Gremlin Nob","floor":12,"turns":5},{"damage":11,"enemies":"Slime Boss","floor":16,"turns":9},{"damage":8,"enemies":"Chosen","floor":18,"turns":6},{"damage":0,"enemies":"3 Byrds","floor":20,"turns":5},{"damage":3,"enemies":"Snake Plant","floor":24,"turns":8},{"damage":7,"enemies":"Centurion and Healer","floor":27,"turns":7},{"damage":1,"enemies":"Slavers","floor":30,"turns":9},{"damage":15,"enemies":"Collector","floor":33,"turns":12},{"damage":0,"enemies":"Orb Walker","floor":35,"turns":5},{"damage":3,"enemies":"3 Darklings","floor":41,"turns":6},{"damage":20,"enemies":"2 Orb Walkers","floor":42,"turns":9},{"damage":11,"enemies":"Nemesis","floor":44,"turns":11},{"damage":38,"enemies":"Awakened One","floor":50,"turns":16}],"seed_played":"-1704870945824506255","potions_obtained":[{"floor":7,"key":"Fire Potion"},{"floor":16,"key":"Dexterity Potion"},{"floor":20,"key":"SpeedPotion"},{"floor":24,"key":"Weak Potion"},{"floor":27,"key":"Strength Potion"},{"floor":44,"key":"Strength Potion"}],"is_trial":false,"path_per_floor":["M","$","M","?","T","R","M","R","T","T","$","E","R","?","R","B",null,"M","?","M","?","?","R","M","?","T","M","T","R","E","$","R","B",null,"M","?","?","?","$","R","M","E","T","E","R","?","R","?","R","B"],"character_chosen":"THE_SILENT","items_purchased":["Cloak And Dagger","Footwork","Oddly Smooth Stone","Cloak And Dagger"],"campfire_rested":1,"item_purchase_floors":[11,11,31,31],"current_hp_per_floor":[65,65,64,57,57,57,57,57,57,57,57,34,34,34,34,25,59,53,46,48,32,32,53,70,70,70,70,70,70,70,70,70,70,70,70,70,70,61,61,70,70,67,67,77,77,70,77,77,77,62],"gold":6,"neow_bonus":"ONE_RANDOM_RARE_CARD","is_prod":false,"is_daily":false,"chose_seed":false,"campfire_upgraded":10,"win_rate":0,"timestamp":1532385686,"path_taken":["M","$","M","?","?","R","?","R","T","?","?","E","R","?","R","BOSS","M","?","M","?","?","R","M","?","T","M","?","R","E","?","R","BOSS","M","?","?","?","$","R","M","E","T","E","R","?","R","?","R","BOSS"],"build_version":"2018-07-19v2","purchased_purges":1,"victory":true,"max_hp_per_floor":[70,70,70,70,70,70,70,70,70,70,70,70,70,70,70,70,70,70,70,70,70,70,70,70,70,70,70,70,70,70,70,70,70,70,70,70,70,70,70,70,70,70,70,77,77,77,77,77,77,77],"card_choices":[{"not_picked":["Dagger Throw","Masterful Stab"],"picked":"Infinite Blades","floor":1},{"not_picked":["Quick Slash","Distraction"],"picked":"Dagger Spray","floor":3},{"not_picked":["Setup","Leg Sweep"],"picked":"Reflex","floor":7},{"not_picked":["Reflex","Endless Agony"],"picked":"Cloak And Dagger","floor":12},{"not_picked":["Adrenaline","Unload"],"picked":"After Image","floor":16},{"not_picked":["All Out Attack","Backflip"],"picked":"Acrobatics+1","floor":18},{"not_picked":["Quick Slash+1","Slice+1"],"picked":"Backflip+1","floor":20},{"not_picked":["Reflex","Backflip"],"picked":"Infinite Blades","floor":23},{"not_picked":["Bane+1","Sucker Punch+1","Expertise"],"picked":"SKIP","floor":24},{"not_picked":["Calculated Gamble","Quick Slash+1"],"picked":"PiercingWail","floor":27},{"not_picked":["Die Die Die+1","Sucker Punch+1"],"picked":"Footwork+1","floor":30},{"not_picked":["Infinite Blades","Sucker Punch+1"],"picked":"Footwork+1","floor":35},{"not_picked":["Good Instincts","Purity"],"picked":"Apotheosis","floor":37},{"not_picked":["Flying Knee+1","Outmaneuver+1","Deadly Poison+1"],"picked":"SKIP","floor":41},{"not_picked":["Flying Knee+1","Deflect","Catalyst"],"picked":"SKIP","floor":42},{"not_picked":["Acrobatics+1","Dagger Spray+1"],"picked":"Corpse Explosion+1","floor":44}],"player_experience":190786,"relics_obtained":[{"floor":5,"key":"Blood Vial"},{"floor":9,"key":"Ancient Tea Set"},{"floor":10,"key":"Dream Catcher"},{"floor":12,"key":"Unceasing Top"},{"floor":21,"key":"Nilry\u0027s Codex"},{"floor":26,"key":"Orichalcum"},{"floor":28,"key":"Juzu Bracelet"},{"floor":30,"key":"Lantern"},{"floor":42,"key":"Ninja Scroll"},{"floor":43,"key":"Toxic Egg 2"},{"floor":44,"key":"Strawberry"}],"event_choices":[{"event_name":"Golden Wing","player_choice":"Card Removal","floor":4,"damage_taken":0},{"event_name":"Accursed Blacksmith","player_choice":"Forge","floor":14,"damage_taken":0},{"event_name":"Knowing Skull","player_choice":"","floor":19,"damage_taken":0},{"event_name":"Cursed Tome","player_choice":"Obtained Book","floor":21,"damage_taken":0},{"event_name":"Vampires","player_choice":"Became a vampire (Vial)","floor":22,"damage_taken":0},{"event_name":"The Mausoleum","player_choice":"Yes","floor":25,"damage_taken":0},{"event_name":"Transmorgrifier","player_choice":"Transform","floor":36,"damage_taken":0},{"event_name":"SensoryStone","player_choice":"Memory 1","floor":37,"damage_taken":0},{"event_name":"Winding Halls","player_choice":"Embrace Madness","floor":38,"damage_taken":0},{"event_name":"Wheel of Change","player_choice":"Damage","floor":46,"damage_taken":0},{"event_name":"Upgrade Shrine","player_choice":"Upgraded","floor":48,"damage_taken":0}],"is_beta":false,"boss_relics":[{"not_picked":["Velvet Choker","Coffee Dripper"],"picked":"Ectoplasm"},{"not_picked":["Snecko Eye","Philosopher\u0027s Stone"],"picked":"Eternal Feather"}],"items_purged_floors":[2],"is_endless":false,"potions_floor_spawned":[7,16,20,24,27,44],"ascension_level":5}