{"gold_per_floor":[114,114,114,128,128,161,161,179,234,32,51,106,120,140,140,239,239,256,8,20,20,20,20,31,31,54,81,180,180,198,217,217,315,315,335,352,277,329,342,342,359,93,140,0,17,17],"floor_reached":46,"playtime":4995,"items_purged":["Strike_G","Strike_G"],"score":560,"play_id":"a845ab59-455d-461e-97c4-59ef220859f2","local_time":"20181022020857","is_ascension_mode":true,"campfire_choices":[{"data":"Neutralize","floor":7.0,"key":"SMITH"},{"data":"Dash","floor":15.0,"key":"SMITH"},{"data":"Blade Dance","floor":23.0,"key":"SMITH"},{"data":"Crippling Poison","floor":25.0,"key":"SMITH"},{"data":"Cloak And Dagger","floor":29.0,"key":"SMITH"},{"data":"Distraction","floor":32.0,"key":"SMITH"},{"floor":40.0,"key":"REST"}],"neow_cost":"NONE","seed_source_timestamp":0,"circlet_count":0,"master_deck":["Defend_G+1","Defend_G+1","Defend_G+1","Strike_G","Survivor+1","Neutralize+1","Deflect","Sucker Punch","All Out Attack","Poisoned Stab","Dash+1","Cloak And Dagger+1","Flying Knee","Adrenaline","Blade Dance+1","Malaise","Sucker Punch+1","Adrenaline+1","Leg Sweep+1","Flechettes","Crippling Poison+1","Infinite Blades+1","Corpse Explosion","Distraction+1","Corpse Explosion","Infinite Blades","Well Laid Plans+1","Noxious Fumes","Phantasmal Killer"],"special_seed":0,"relics":["Ring of the Snake","NeowsBlessing","War Paint","MealTicket","Dodecahedron","Astrolabe","Kunai","Nloth\u0027s Gift","Bag of Preparation","Pen Nib","Black Star","Bird Faced Urn","Bag of Marbles","Red Mask"],"potions_floor_usage":[45],"damage_taken":[{"damage":0.0,"enemies":"Jaw Worm","floor":1.0,"turns":1.0},{"damage":0.0,"enemies":"Small Slimes","floor":4.0,"turns":1.0},{"damage":0.0,"enemies":"Lagavulin","floor":6.0,"turns":1.0},{"damage":0.0,"enemies":"2 Louse","floor":8.0,"turns":3.0},{"damage":0.0,"enemies":"2 Fungi Beasts","floor":11.0,"turns":2.0},{"damage":8.0,"enemies":"Lagavulin Event","floor":12.0,"turns":8.0},{"damage":5.0,"enemies":"Exordium Thugs","floor":13.0,"turns":5.0},{"damage":0.0,"enemies":"Blue Slaver","floor":14.0,"turns":2.0},{"damage":5.0,"enemies":"The Guardian","floor":16.0,"turns":14.0},{"damage":9.0,"enemies":"2 Thieves","floor":18.0,"turns":4.0},{"damage":0.0,"enemies":"Spheric Guardian","floor":20.0,"turns":4.0},{"damage":0.0,"enemies":"Centurion and Healer","floor":24.0,"turns":6.0},{"damage":14.0,"enemies":"Slavers","floor":27.0,"turns":7.0},{"damage":0.0,"enemies":"Chosen and Byrds","floor":30.0,"turns":4.0},{"damage":7.0,"enemies":"Shelled Parasite and Fungi","floor":31.0,"turns":4.0},{"damage":39.0,"enemies":"Collector","floor":33.0,"turns":10.0},{"damage":3.0,"enemies":"3 Darklings","floor":35.0,"turns":3.0},{"damage":0.0,"enemies":"Orb Walker","floor":36.0,"turns":4.0},{"damage":66.0,"enemies":"2 Orb Walkers","floor":38.0,"turns":5.0},{"damage":10.0,"enemies":"Spire Growth","floor":39.0,"turns":7.0},{"damage":15.0,"enemies":"Sphere and 2 Shapes","floor":41.0,"turns":4.0},{"damage":8,"enemies":"Jaw Worm Horde","floor":45,"turns":4},{"damage":22,"enemies":"Reptomancer","floor":46,"turns":2}],"seed_played":"-3852739138802959759","potions_obtained":[{"floor":4.0,"key":"PowerPotion"},{"floor":6.0,"key":"SteroidPotion"},{"floor":13.0,"key":"SpeedPotion"},{"floor":14.0,"key":"Dexterity Potion"},{"floor":27.0,"key":"Fire Potion"},{"floor":30.0,"key":"Energy Potion"},{"floor":33.0,"key":"SkillPotion"},{"floor":41.0,"key":"FearPotion"}],"is_trial":false,"path_per_floor":["M","?","?","M","?","E","R","M","T","$","M","?","M","M","R","B",null,"M","$","M","?","$","R","M","R","T","E","?","R","M","M","R","B",null,"M","M","$","?","M","R","M","$","T","?","M"],"character_chosen":"THE_SILENT","items_purchased":["MealTicket","Kunai","Noxious Fumes","GhostInAJar","AttackPotion"],"campfire_rested":1,"item_purchase_floors":[10,19,42,42,42],"current_hp_per_floor":[70,56,61,61,61,61,61,61,61,61,61,53,48,48,48,43,75,66,75,75,75,75,75,75,75,75,61,61,61,61,54,54,15,75,72,72,75,9,3,25,14,24,24,24,18,0],"gold":17,"neow_bonus":"THREE_ENEMY_KILL","is_prod":false,"is_daily":false,"chose_seed":false,"campfire_upgraded":6,"win_rate":0,"timestamp":1540166937,"path_taken":["M","?","?","M","?","E","R","M","T","$","M","?","?","M","R","BOSS","M","$","M","?","$","R","M","R","T","E","?","R","M","M","R","BOSS","M","M","$","?","M","R","M","$","T","?","M","E"],"build_version":"2018-10-19","purchased_purges":2,"victory":false,"max_hp_per_floor":[70,70,75,75,75,75,75,75,75,75,75,75,75,75,75,75,75,75,75,75,75,75,75,75,75,75,75,75,75,75,75,75,75,75,75,75,75,75,75,75,75,75,75,75,75,75],"card_choices":[{"not_picked":["Quick Slash","Dodge and Roll"],"picked":"Deflect","floor":1.0},{"not_picked":["Dagger Throw","Deflect"],"picked":"Sucker Punch","floor":4.0},{"not_picked":["Prepared","Doppelganger"],"picked":"Poisoned Stab","floor":6.0},{"not_picked":["Underhanded Strike","Flying Knee"],"picked":"Dash","floor":8.0},{"not_picked":["Bane","Endless Agony"],"picked":"Cloak And Dagger","floor":11.0},{"not_picked":["Acrobatics","PiercingWail"],"picked":"Flying Knee","floor":12.0},{"not_picked":["Caltrops","Dodge and Roll"],"picked":"Adrenaline","floor":13.0},{"not_picked":["Poisoned Stab","Bane"],"picked":"Blade Dance","floor":14.0},{"not_picked":["Tools of the Trade","Doppelganger"],"picked":"Malaise","floor":16.0},{"not_picked":["Underhanded Strike+1","Concentrate","Sucker Punch"],"picked":"SKIP","floor":18.0},{"not_picked":["Underhanded Strike","Dagger Spray"],"picked":"Flechettes","floor":20.0},{"not_picked":["Blade Dance","Terror"],"picked":"Crippling Poison","floor":24.0},{"not_picked":["Outmaneuver","Cloak And Dagger+1"],"picked":"Infinite Blades+1","floor":27.0},{"not_picked":["Quick Slash","Skewer"],"picked":"Corpse Explosion","floor":30.0},{"not_picked":["Prepared","Crippling Poison"],"picked":"Distraction","floor":31.0},{"not_picked":["Wraith Form v2","Die Die Die"],"picked":"Corpse Explosion","floor":33.0},{"not_picked":["Tactician","Dodge and Roll+1","Flying Knee+1"],"picked":"SKIP","floor":35.0},{"not_picked":["Flechettes","Poisoned Stab+1","Sucker Punch+1"],"picked":"SKIP","floor":36.0},{"not_picked":["Deflect+1","Outmaneuver+1"],"picked":"Infinite Blades","floor":38.0},{"not_picked":["Backflip+1","Outmaneuver","Blade Dance"],"picked":"SKIP","floor":39.0},{"not_picked":["Corpse Explosion","Blade Dance+1"],"picked":"Well Laid Plans+1","floor":41.0},{"not_picked":["Eviscerate+1","Poisoned Stab"],"picked":"Phantasmal Killer","floor":45}],"player_experience":127566,"relics_obtained":[{"floor":6.0,"key":"Orichalcum"},{"floor":9.0,"key":"War Paint"},{"floor":12.0,"key":"Dodecahedron"},{"floor":26.0,"key":"Bag of Preparation"},{"floor":27.0,"key":"Pen Nib"},{"floor":38.0,"key":"Bird Faced Urn"},{"floor":43.0,"key":"Bag of Marbles"}],"event_choices":[{"damage_healed":0.0,"max_hp_gain":0.0,"max_hp_loss":0.0,"gold_gain":0.0,"event_name":"Shining Light","player_choice":"Entered Light","floor":2.0,"gold_loss":0.0,"damage_taken":14.0,"cards_upgraded":["Defend_G","Defend_G"]},{"damage_healed":0.0,"max_hp_gain":5.0,"max_hp_loss":0.0,"gold_gain":0.0,"event_name":"Big Fish","player_choice":"Donut","floor":3.0,"gold_loss":0.0,"damage_taken":0.0},{"damage_healed":0.0,"max_hp_gain":0.0,"max_hp_loss":0.0,"gold_gain":0.0,"cards_transformed":["Strike_G"],"event_name":"Living Wall","player_choice":"Change","floor":5.0,"gold_loss":0.0,"damage_taken":0.0,"cards_obtained":["All Out Attack"]},{"damage_healed":0.0,"max_hp_gain":0.0,"max_hp_loss":0.0,"gold_gain":0.0,"event_name":"Dead Adventurer","player_choice":"Searched \u00272\u0027 times","floor":12.0,"gold_loss":0.0,"damage_taken":0.0},{"damage_healed":0.0,"max_hp_gain":0.0,"max_hp_loss":0.0,"gold_gain":0.0,"event_name":"N\u0027loth","player_choice":"Traded Relic","floor":21.0,"relics_lost":["Orichalcum"],"gold_loss":0.0,"damage_taken":0.0,"relics_obtained":["Nloth\u0027s Gift"]},{"damage_healed":0.0,"max_hp_gain":0.0,"max_hp_loss":0.0,"gold_gain":99.0,"event_name":"Nest","player_choice":"Stole From Cult","floor":28.0,"gold_loss":0.0,"damage_taken":0.0},{"damage_healed":0.0,"max_hp_gain":0.0,"max_hp_loss":0.0,"gold_gain":0.0,"event_name":"Mysterious Sphere","player_choice":"Fight","floor":38.0,"gold_loss":0.0,"damage_taken":0.0},{"damage_healed":0.0,"max_hp_gain":0.0,"max_hp_loss":0.0,"gold_gain":0.0,"event_name":"Tomb of Lord Red Mask","player_choice":"Paid","floor":44.0,"gold_loss":140.0,"damage_taken":0.0,"relics_obtained":["Red Mask"]}],"is_beta":true,"boss_relics":[{"not_picked":["Calling Bell","Orrery"],"picked":"Astrolabe"},{"not_picked":["Lizard Tail","Pandora\u0027s Box"],"picked":"Black Star"}],"items_purged_floors":[37,42],"is_endless":false,"potions_floor_spawned":[4,6,13,14,27,30,33,41],"killed_by":"Reptomancer","ascension_level":4}