{"gold_per_floor":[109,184,201,227,78,78,98,133,183,210,222,265,165,181,181,260,260,279,292,310,69,88,116,116,148,195,195,215,215,227,261,261,337,337,348,348,348,60,79,79,111,129,207,207,225,225,100,133,133,133],"floor_reached":51,"playtime":3141,"items_purged":["Strike_B","Strike_B","Strike_B"],"score":1527,"play_id":"8e9d5670-5fe3-4b75-8825-4d07d4e50878","local_time":"20190508162307","is_ascension_mode":true,"campfire_choices":[{"data":"Streamline","floor":6,"key":"SMITH"},{"data":"Defragment","floor":11,"key":"SMITH"},{"data":"Capacitor","floor":15,"key":"SMITH"},{"floor":24,"key":"REST"},{"floor":27,"key":"REST"},{"floor":32,"key":"REST"},{"data":"Defragment","floor":40,"key":"SMITH"},{"data":"Blizzard","floor":44,"key":"SMITH"},{"data":"Hologram","floor":46,"key":"SMITH"},{"floor":49,"key":"REST"}],"neow_cost":"NONE","seed_source_timestamp":256127477955041,"circlet_count":0,"master_deck":["AscendersBane","Strike_B","Defend_B+1","Defend_B","Defend_B","Defend_B","Zap","Dualcast","Glacier+1","Streamline+1","Capacitor+1","Glacier","Defragment+1","Hologram+1","Defragment+1","Conserve Battery","Sunder","Coolheaded","Cold Snap","Heatsinks+1","Compile Driver","Glacier+1","Loop+1","Buffer+1","Ball Lightning+1","Capacitor+1","Blizzard+1","Recycle","Parasite","Defragment+1"],"relics":["Cracked Core","Anchor","Bottled Flame","Centennial Puzzle","MawBank","Dodecahedron","Snecko Eye","Frozen Egg 2","Vajra","Bag of Marbles","PreservedInsect","Enchiridion","Bag of Preparation","Cursed Key","War Paint","Question Card","Molten Egg 2","Omamori"],"potions_floor_usage":[8,12,22,25],"damage_taken":[{"damage":3,"enemies":"2 Louse","floor":1,"turns":2},{"damage":0,"enemies":"Jaw Worm","floor":3,"turns":4},{"damage":0,"enemies":"Cultist","floor":7,"turns":3},{"damage":13,"enemies":"3 Sentries","floor":8,"turns":10},{"damage":7,"enemies":"Lagavulin","floor":10,"turns":10},{"damage":7,"enemies":"Gremlin Nob","floor":12,"turns":4},{"damage":0,"enemies":"Gremlin Gang","floor":14,"turns":3},{"damage":21,"enemies":"Slime Boss","floor":16,"turns":14},{"damage":0,"enemies":"Spheric Guardian","floor":18,"turns":3},{"damage":9,"enemies":"2 Thieves","floor":19,"turns":3},{"damage":5,"enemies":"Centurion and Healer","floor":20,"turns":11},{"damage":11,"enemies":"3 Cultists","floor":22,"turns":7},{"damage":7,"enemies":"Slavers","floor":23,"turns":9},{"damage":11,"enemies":"Gremlin Leader","floor":25,"turns":11},{"damage":0,"enemies":"Cultist and Chosen","floor":28,"turns":8},{"damage":5,"enemies":"Sentry and Sphere","floor":30,"turns":3},{"damage":2,"enemies":"Slavers","floor":31,"turns":6},{"damage":16,"enemies":"Collector","floor":33,"turns":14},{"damage":0,"enemies":"3 Shapes","floor":35,"turns":3},{"damage":1,"enemies":"3 Darklings","floor":39,"turns":5},{"damage":0,"enemies":"Reptomancer","floor":41,"turns":6},{"damage":0,"enemies":"Sphere and 2 Shapes","floor":42,"turns":4},{"damage":0,"enemies":"Transient","floor":45,"turns":5},{"damage":0,"enemies":"Giant Head","floor":48,"turns":11},{"damage":0,"enemies":"Awakened One","floor":50,"turns":22}],"seed_played":"7621735533025866240","potions_obtained":[{"floor":0,"key":"AttackPotion"},{"floor":0,"key":"LiquidBronze"},{"floor":8,"key":"SkillPotion"},{"floor":12,"key":"SpeedPotion"},{"floor":23,"key":"SkillPotion"},{"floor":30,"key":"Swift Potion"},{"floor":45,"key":"Block Potion"}],"is_trial":false,"path_per_floor":["M","?","M","T","$","R","M","E","T","E","R","E","$","M","R","B",null,"M","M","M","$","M","E","R","E","T","R","M","?","M","E","R","B",null,"M","?","$","$","M","R","E","M","T","R","M","R","$","E","R","B",null],"character_chosen":"DEFECT","items_purchased":["Regen Potion","Capacitor","Defragment","Frozen Egg 2","Capacitor+1","War Paint"],"campfire_rested":4,"item_purchase_floors":[5,5,13,21,38,38],"current_hp_per_floor":[61,50,50,50,50,50,50,52,52,45,45,38,38,38,38,17,58,58,49,44,44,33,26,47,36,36,57,57,36,31,29,50,34,62,62,81,81,81,80,80,80,80,80,80,80,80,80,80,81,81],"gold":133,"neow_bonus":"THREE_SMALL_POTIONS","is_prod":false,"is_daily":false,"chose_seed":false,"campfire_upgraded":6,"win_rate":0,"timestamp":1557357787,"path_taken":["M","?","M","?","$","R","?","E","T","E","R","E","$","M","R","BOSS","M","M","M","$","M","E","R","E","T","R","?","?","M","E","R","BOSS","M","?","?","$","M","R","E","M","T","R","M","R","$","E","R","BOSS"],"build_version":"2019-01-23","purchased_purges":3,"victory":true,"max_hp_per_floor":[71,71,71,71,71,71,71,71,71,71,71,71,71,71,71,71,71,71,71,71,71,71,71,71,71,71,71,71,71,71,71,71,71,71,71,81,81,81,81,81,81,81,81,81,81,81,81,81,81,81],"card_choices":[{"not_picked":["Hologram","Compile Driver"],"picked":"Glacier","floor":1},{"not_picked":["Self Repair","Reprogram"],"picked":"Streamline","floor":3},{"not_picked":["Redo","Storm","Stack"],"picked":"SKIP","floor":7},{"not_picked":["Stack","Scrape"],"picked":"Glacier","floor":8},{"not_picked":["Amplify","All For One"],"picked":"Defragment","floor":10},{"not_picked":["Double Energy","Turbo"],"picked":"Hologram","floor":12},{"not_picked":["Turbo","Skim"],"picked":"Conserve Battery","floor":14},{"not_picked":["Reboot","Creative AI"],"picked":"Seek","floor":16},{"not_picked":["Hello World","Beam Cell"],"picked":"Sunder","floor":18},{"not_picked":["Darkness","Sweeping Beam"],"picked":"Coolheaded","floor":19},{"not_picked":["Go for the Eyes","Sweeping Beam"],"picked":"Cold Snap","floor":20},{"not_picked":["Gash","Hyperbeam"],"picked":"Heatsinks+1","floor":22},{"not_picked":["Hologram","Reprogram","Scrape"],"picked":"SKIP","floor":23},{"not_picked":["Melter","Force Field"],"picked":"Compile Driver","floor":25},{"not_picked":["Cold Snap","Rebound","Gash"],"picked":"SKIP","floor":28},{"not_picked":["Undo","Turbo"],"picked":"Glacier+1","floor":30},{"not_picked":["Go for the Eyes","Doom and Gloom"],"picked":"Loop+1","floor":31},{"not_picked":["Biased Cognition+1","Hyperbeam"],"picked":"Buffer+1","floor":33},{"not_picked":["Hologram","Hello World+1"],"picked":"Ball Lightning+1","floor":35},{"not_picked":["Leap","Steam","Go for the Eyes"],"picked":"SKIP","floor":39},{"not_picked":["Steam","Hello World+1"],"picked":"Blizzard","floor":41},{"not_picked":["Cold Snap","Storm+1","Coolheaded"],"picked":"Recycle","floor":42},{"not_picked":["Doom and Gloom+1","Conserve Battery","Compile Driver+1"],"picked":"Defragment+1","floor":45},{"not_picked":["Fission","Consume","Scrape+1","Leap"],"picked":"SKIP","floor":48}],"player_experience":2600875,"relics_obtained":[{"floor":4,"key":"Anchor"},{"floor":8,"key":"Bottled Flame"},{"floor":9,"key":"Centennial Puzzle"},{"floor":10,"key":"MawBank"},{"floor":12,"key":"Dodecahedron"},{"floor":23,"key":"Vajra"},{"floor":25,"key":"Bag of Marbles"},{"floor":26,"key":"PreservedInsect"},{"floor":29,"key":"Enchiridion"},{"floor":31,"key":"Bag of Preparation"},{"floor":41,"key":"Question Card"},{"floor":43,"key":"Molten Egg 2"},{"floor":48,"key":"Omamori"}],"event_choices":[{"damage_healed":0,"gold_gain":75,"player_choice":"Gather Gold","damage_taken":11,"max_hp_gain":0,"max_hp_loss":0,"event_name":"World of Goop","floor":2,"gold_loss":0},{"damage_healed":0,"gold_gain":0,"player_choice":"Obtained Book","damage_taken":21,"max_hp_gain":0,"max_hp_loss":0,"event_name":"Cursed Tome","floor":29,"gold_loss":0},{"cards_removed":["Seek"],"damage_healed":9,"gold_gain":0,"player_choice":"Offered Rare","damage_taken":0,"max_hp_gain":10,"max_hp_loss":0,"event_name":"Bonfire Elementals","floor":36,"gold_loss":0}],"is_beta":false,"boss_relics":[{"not_picked":["Black Star","Nuclear Battery"],"picked":"Snecko Eye"},{"not_picked":["Calling Bell","Eternal Feather"],"picked":"Cursed Key"}],"items_purged_floors":[13,38,47],"is_endless":false,"potions_floor_spawned":[1,8,12,14,18,19,20,23,30,35,45],"ascension_level":15}