{"gold_per_floor":[113,125,141,153,153,153,169,169,222,239,253,253,272,45,45,141,141,151,170,180,142,142,142,42,42,42,73,85,85,97,114,114,209,209,229,229,229,32,32,32,32,32,58,72,85,85,185,205,205,205],"floor_reached":51,"playtime":4584,"items_purged":["Normality","Writhe"],"score":758,"play_id":"612ac149-aaad-482e-b169-493112e67484","local_time":"20190413171251","is_ascension_mode":true,"campfire_choices":[{"floor":6.0,"key":"REST"},{"floor":15.0,"key":"REST"},{"floor":23.0,"key":"REST"},{"data":"Defragment","floor":25.0,"key":"SMITH"},{"floor":29.0,"key":"REST"},{"floor":32.0,"key":"REST"},{"data":"Apotheosis","floor":40.0,"key":"SMITH"},{"data":"Blizzard","floor":42.0,"key":"SMITH"},{"floor":46.0,"key":"REST"},{"floor":49,"key":"REST"}],"neow_cost":"NONE","seed_source_timestamp":0,"circlet_count":0,"master_deck":["Strike_B+1","Strike_B+1","Strike_B+1","Strike_B","Defend_B","Defend_B","Defend_B","Defend_B","Dualcast","Storm","Streamline","Amplify","Sunder+1","Glacier","Chill","Coolheaded","Double Energy+1","Defragment+1","Defragment","Cold Snap","Chill+1","Blizzard+1","Buffer","Cold Snap+1","Mind Blast","Mayhem","Apotheosis+1","Decay","Injury","Parasite","Glacier+1"],"special_seed":0,"relics":["Cursed Key","Ornamental Fan","Strawberry","Vajra","Runic Pyramid","DataDisk","Bottled Lightning","Whetstone","Empty Cage","Frozen Egg 2","Regal Pillow","Girya"],"potions_floor_usage":[],"damage_taken":[{"damage":1.0,"enemies":"Cultist","floor":1.0,"turns":3.0},{"damage":4.0,"enemies":"Jaw Worm","floor":2.0,"turns":4.0},{"damage":0.0,"enemies":"2 Louse","floor":3.0,"turns":2.0},{"damage":7.0,"enemies":"Looter","floor":4.0,"turns":3.0},{"damage":15.0,"enemies":"Gremlin Gang","floor":7.0,"turns":5.0},{"damage":14.0,"enemies":"Lots of Slimes","floor":10.0,"turns":5.0},{"damage":5.0,"enemies":"3 Louse","floor":11.0,"turns":3.0},{"damage":5.0,"enemies":"Exordium Wildlife","floor":13.0,"turns":3.0},{"damage":18.0,"enemies":"The Guardian","floor":16.0,"turns":12.0},{"damage":20.0,"enemies":"Shell Parasite","floor":18.0,"turns":7.0},{"damage":0.0,"enemies":"Chosen","floor":19.0,"turns":5.0},{"damage":12.0,"enemies":"Snecko","floor":20.0,"turns":6.0},{"damage":29.0,"enemies":"Slavers","floor":27.0,"turns":9.0},{"damage":8.0,"enemies":"3 Cultists","floor":28.0,"turns":8.0},{"damage":13.0,"enemies":"Cultist and Chosen","floor":30.0,"turns":8.0},{"damage":0.0,"enemies":"Snecko","floor":31.0,"turns":5.0},{"damage":26.0,"enemies":"Collector","floor":33.0,"turns":15.0},{"damage":5.0,"enemies":"3 Shapes","floor":35.0,"turns":3.0},{"damage":19.0,"enemies":"3 Darklings","floor":44.0,"turns":6.0},{"damage":31.0,"enemies":"Writhing Mass","floor":45.0,"turns":8.0},{"damage":28,"enemies":"Mind Bloom Boss Battle","floor":47,"turns":10},{"damage":1,"enemies":"Sphere and 2 Shapes","floor":48,"turns":7},{"damage":44,"enemies":"Awakened One","floor":50,"turns":20}],"seed_played":"2481600444031223181","potions_obtained":[{"floor":1.0,"key":"Swift Potion"},{"floor":4.0,"key":"Strength Potion"},{"floor":7.0,"key":"Poison Potion"},{"floor":20.0,"key":"Poison Potion"},{"floor":31.0,"key":"SteroidPotion"},{"floor":45.0,"key":"Dexterity Potion"}],"is_trial":false,"path_per_floor":["M","M","M","M","?","R","M","?","T","M","M","?","M","$","R","B",null,"M","M","M","$","?","R","$","R","T","E","M","R","M","M","R","B",null,"M","?","?","$","?","R","T","R","T","M","M","R","?","M","R","B",null],"character_chosen":"DEFECT","items_purchased":["Vajra","Defragment","Apotheosis"],"campfire_rested":7,"item_purchase_floors":[14,21,38],"current_hp_per_floor":[74,70,70,63,60,75,60,45,52,38,33,33,28,28,52,34,82,62,62,50,50,50,74,74,74,74,45,37,61,48,48,72,46,82,77,77,72,72,72,72,72,72,72,53,22,61,33,32,71,27],"gold":205,"neow_bonus":"BOSS_RELIC","is_prod":false,"is_daily":false,"chose_seed":false,"campfire_upgraded":3,"win_rate":0,"timestamp":1555171971,"path_taken":["M","M","M","?","?","R","M","?","T","M","M","?","M","$","R","BOSS","M","?","?","?","?","R","?","R","T","E","M","R","M","M","R","BOSS","M","?","?","?","?","R","?","R","T","M","?","R","?","M","R","BOSS"],"build_version":"2019-01-23","purchased_purges":2,"victory":true,"max_hp_per_floor":[75,75,75,75,75,75,75,75,82,82,82,82,82,82,82,82,82,82,82,82,82,82,82,82,82,82,82,82,82,82,82,82,82,82,82,82,82,82,82,82,82,82,82,82,82,82,82,82,82,82],"card_choices":[{"not_picked":["Rebound","Leap"],"picked":"Storm","floor":1.0},{"not_picked":["Compile Driver","Scrape"],"picked":"Streamline","floor":2.0},{"not_picked":["Sweeping Beam","Conserve Battery"],"picked":"Amplify","floor":3.0},{"not_picked":["Beam Cell","Sweeping Beam"],"picked":"Sunder","floor":4.0},{"not_picked":["Cold Snap","Sweeping Beam","Tempest"],"picked":"SKIP","floor":7.0},{"not_picked":["Rebound","Barrage"],"picked":"Glacier","floor":10.0},{"not_picked":["Streamline","Turbo"],"picked":"Chill","floor":11.0},{"not_picked":["Gash","Go for the Eyes"],"picked":"Coolheaded","floor":13.0},{"not_picked":["Go for the Eyes","Turbo+1","Streamline"],"picked":"SKIP","floor":18.0},{"not_picked":["Stack","Reinforced Body"],"picked":"Double Energy+1","floor":19.0},{"not_picked":["Sunder+1","Turbo"],"picked":"Scrape","floor":20.0},{"not_picked":["Ball Lightning","Hologram"],"picked":"Defragment","floor":27.0},{"not_picked":["Skim","Recycle+1"],"picked":"Cold Snap","floor":28.0},{"not_picked":["Conserve Battery","Compile Driver+1"],"picked":"Chill+1","floor":30.0},{"not_picked":["Compile Driver","Machine Learning"],"picked":"Blizzard","floor":31.0},{"not_picked":["Amplify","Rainbow"],"picked":"Buffer","floor":33.0},{"not_picked":["Aggregate+1","Stack+1"],"picked":"Cold Snap+1","floor":35.0},{"not_picked":["Deep Breath","Discovery"],"picked":"Mind Blast","floor":37.0},{"not_picked":["Flash of Steel","Panacea"],"picked":"Mayhem","floor":37.0},{"not_picked":["Steam+1","Turbo","Skim+1"],"picked":"SKIP","floor":44.0},{"not_picked":["Reprogram+1","Steam Power","Rebound"],"picked":"SKIP","floor":45.0},{"not_picked":["Auto Shields","BootSequence+1"],"picked":"Glacier+1","floor":48}],"player_experience":593139,"relics_obtained":[{"floor":9.0,"key":"Strawberry"},{"floor":26.0,"key":"Bottled Lightning"},{"floor":27.0,"key":"Whetstone"},{"floor":41.0,"key":"Frozen Egg 2"},{"floor":43.0,"key":"Regal Pillow"},{"floor":47,"key":"Girya"}],"event_choices":[{"damage_healed":0.0,"max_hp_gain":0.0,"max_hp_loss":0.0,"gold_gain":0.0,"event_name":"Scrap Ooze","player_choice":"Success","floor":5.0,"gold_loss":0.0,"damage_taken":3.0,"relics_obtained":["Ornamental Fan"]},{"damage_healed":0.0,"max_hp_gain":0.0,"max_hp_loss":0.0,"gold_gain":0.0,"event_name":"Shining Light","player_choice":"Entered Light","floor":8.0,"gold_loss":0.0,"damage_taken":15.0,"cards_upgraded":["Strike_B","Strike_B"]},{"damage_healed":0.0,"max_hp_gain":0.0,"max_hp_loss":0.0,"gold_gain":0.0,"event_name":"Accursed Blacksmith","player_choice":"Forge","floor":12.0,"gold_loss":0.0,"damage_taken":0.0,"cards_upgraded":["Sunder"]},{"damage_healed":0.0,"max_hp_gain":0.0,"max_hp_loss":0.0,"gold_gain":0.0,"event_name":"The Mausoleum","player_choice":"Opened","floor":22.0,"gold_loss":0.0,"damage_taken":0.0,"relics_obtained":["DataDisk"],"cards_obtained":["Writhe"]},{"damage_healed":0.0,"max_hp_gain":0.0,"max_hp_loss":0.0,"gold_gain":0.0,"event_name":"Tomb of Lord Red Mask","player_choice":"Ignored","floor":36.0,"gold_loss":0.0,"damage_taken":0.0},{"damage_healed":0.0,"max_hp_gain":0.0,"max_hp_loss":0.0,"gold_gain":0.0,"event_name":"SensoryStone","player_choice":"Memory 2","floor":37.0,"gold_loss":0.0,"damage_taken":5.0},{"cards_removed":["Zap"],"damage_healed":0.0,"max_hp_gain":0.0,"max_hp_loss":0.0,"gold_gain":0.0,"event_name":"Falling","player_choice":"Removed Skill","floor":39.0,"gold_loss":0.0,"damage_taken":0.0},{"damage_healed":0,"gold_gain":0,"player_choice":"Fight","damage_taken":0,"max_hp_gain":0,"max_hp_loss":0,"event_name":"MindBloom","floor":47,"gold_loss":0}],"is_beta":false,"boss_relics":[{"not_picked":["Eternal Feather","Ectoplasm"],"picked":"Runic Pyramid"},{"not_picked":["Calling Bell","Tiny House"],"picked":"Empty Cage"}],"items_purged_floors":[14,24],"is_endless":false,"potions_floor_spawned":[1,4,7,11,20,31,45],"ascension_level":4}