{"gold_per_floor":[109,34,44,60,60,60,85,85,85,141,141,141,156,167,167,244,244,254,254,266,166,180,180,180],"floor_reached":24,"playtime":1608,"items_purged":["Doubt","Decay"],"score":412,"play_id":"d6710cbc-6827-4e31-9630-25f388231192","local_time":"20190407120229","is_ascension_mode":true,"campfire_choices":[{"data":"Carnage","floor":6,"key":"SMITH"},{"data":"Shrug It Off","floor":8,"key":"SMITH"},{"data":"Headbutt","floor":11,"key":"SMITH"},{"data":"Shrug It Off","floor":15,"key":"SMITH"},{"floor":23,"key":"REST"}],"neow_cost":"CURSE","seed_source_timestamp":1574123813753400,"circlet_count":0,"master_deck":["AscendersBane","Strike_R","Strike_R","Strike_R","Strike_R","Strike_R","Defend_R","Defend_R","Defend_R","Defend_R","Bash+1","Iron Wave","Headbutt+1","Carnage+1","Shrug It Off+1","Reaper","Shrug It Off+1","Bludgeon","Flame Barrier","Reaper","Seeing Red"],"relics":["Burning Blood","Gambling Chip","Pantograph","Tiny Chest","Cursed Key"],"potions_floor_usage":[7,22,24],"damage_taken":[{"damage":5,"enemies":"2 Louse","floor":1,"turns":5},{"damage":4,"enemies":"Jaw Worm","floor":3,"turns":4},{"damage":1,"enemies":"Cultist","floor":4,"turns":3},{"damage":27,"enemies":"Gremlin Nob","floor":7,"turns":4},{"damage":36,"enemies":"Lagavulin","floor":10,"turns":7},{"damage":1,"enemies":"Exordium Wildlife","floor":13,"turns":3},{"damage":5,"enemies":"2 Fungi Beasts","floor":14,"turns":3},{"damage":76,"enemies":"The Guardian","floor":16,"turns":18},{"damage":15,"enemies":"2 Thieves","floor":18,"turns":4},{"damage":21,"enemies":"Shell Parasite","floor":20,"turns":5},{"damage":23,"enemies":"Cultist and Chosen","floor":22,"turns":7},{"damage":85,"enemies":"Gremlin Leader","floor":24,"turns":9}],"seed_played":"-8649140931770048960","potions_obtained":[{"floor":1,"key":"SneckoOil"},{"floor":16,"key":"LiquidBronze"},{"floor":20,"key":"Energy Potion"}],"is_trial":false,"path_per_floor":["M","$","M","M","?","R","E","R","T","E","R","?","M","M","R","B",null,"M","T","M","$","M","R","E"],"character_chosen":"IRONCLAD","items_purchased":[],"campfire_rested":1,"item_purchase_floors":[],"current_hp_per_floor":[83,83,85,89,89,89,68,68,68,38,38,38,43,52,52,11,70,61,61,46,46,33,59,0],"gold":180,"neow_bonus":"TWENTY_PERCENT_HP_BONUS","is_prod":false,"is_daily":false,"chose_seed":false,"campfire_upgraded":4,"win_rate":0,"timestamp":1554634949,"path_taken":["M","$","M","M","?","R","E","R","T","E","R","?","M","M","R","BOSS","M","?","M","$","M","R","E"],"build_version":"2019-01-23","purchased_purges":2,"victory":false,"max_hp_per_floor":[89,89,89,89,89,89,89,89,89,89,89,89,89,89,89,89,89,89,89,89,89,89,89,89],"card_choices":[{"not_picked":["True Grit","Clash"],"picked":"Iron Wave","floor":1},{"not_picked":["Thunderclap","Wild Strike"],"picked":"Headbutt","floor":3},{"not_picked":["Heavy Blade","Anger"],"picked":"Carnage","floor":4},{"not_picked":["Wild Strike","Heavy Blade"],"picked":"Shrug It Off","floor":7},{"not_picked":["Body Slam","Dropkick","Second Wind"],"picked":"SKIP","floor":10},{"not_picked":["Body Slam","Dropkick","Second Wind"],"picked":"SKIP","floor":10},{"not_picked":["Warcry","Body Slam"],"picked":"Reaper","floor":13},{"not_picked":["Heavy Blade","Sever Soul"],"picked":"Shrug It Off","floor":14},{"not_picked":["Dark Embrace","Brutality"],"picked":"Bludgeon","floor":16},{"not_picked":["Cleave","True Grit"],"picked":"Flame Barrier","floor":18},{"not_picked":["Perfected Strike+1","Feel No Pain"],"picked":"Reaper","floor":20},{"not_picked":["Headbutt","Heavy Blade"],"picked":"Seeing Red","floor":22}],"player_experience":2571536,"relics_obtained":[{"floor":7,"key":"Gambling Chip"},{"floor":9,"key":"Pantograph"},{"floor":10,"key":"Tiny Chest"}],"event_choices":[{"damage_healed":0,"gold_gain":0,"player_choice":"Grow","damage_taken":0,"max_hp_gain":0,"max_hp_loss":0,"event_name":"Living Wall","floor":5,"gold_loss":0,"cards_upgraded":["Bash"]},{"damage_healed":0,"gold_gain":0,"player_choice":"Cursed","damage_taken":0,"max_hp_gain":0,"max_hp_loss":0,"event_name":"Wheel of Change","floor":12,"gold_loss":0,"cards_obtained":["Decay"]}],"is_beta":false,"boss_relics":[{"not_picked":["Philosopher\u0027s Stone","Eternal Feather"],"picked":"Cursed Key"}],"items_purged_floors":[2,21],"is_endless":false,"potions_floor_spawned":[1,16,20],"killed_by":"Gremlin Leader","ascension_level":20}