{"gold_per_floor":[115,37,37,37,37,72,72,84,161,180,190,190,225,241,241,241],"floor_reached":16,"playtime":784,"items_purged":[],"score":198,"play_id":"2c95c36a-9a42-493e-94e9-b8151012e9fb","local_time":"20190426150450","is_ascension_mode":true,"campfire_choices":[{"floor":12,"key":"REST"},{"floor":15,"key":"REST"}],"neow_cost":"NONE","seed_source_timestamp":0,"circlet_count":0,"master_deck":["AscendersBane","Strike_R","Strike_R","Strike_R","Strike_R+1","Defend_R","Defend_R","Defend_R","Defend_R","Bash+1","Rampage+1","Whirlwind","Iron Wave","Flame Barrier","Twin Strike","Shrug It Off","Rage","Battle Trance"],"special_seed":0,"relics":["Burning Blood","Question Card","Bag of Preparation","Ornamental Fan"],"potions_floor_usage":[13,13,14],"damage_taken":[{"damage":6.0,"enemies":"Cultist","floor":1.0,"turns":4.0},{"damage":24.0,"enemies":"Gremlin Nob","floor":6.0,"turns":4.0},{"damage":11.0,"enemies":"2 Louse","floor":8.0,"turns":2.0},{"damage":7.0,"enemies":"Small Slimes","floor":10.0,"turns":4.0},{"damage":6,"enemies":"Blue Slaver","floor":11,"turns":5},{"damage":5,"enemies":"3 Sentries","floor":13,"turns":8},{"damage":3,"enemies":"Large Slime","floor":14,"turns":5},{"damage":57,"enemies":"The Guardian","floor":16,"turns":12}],"seed_played":"8876389915751154420","potions_obtained":[{"floor":6.0,"key":"SteroidPotion"},{"floor":11,"key":"Block Potion"},{"floor":13,"key":"AttackPotion"}],"is_trial":false,"path_per_floor":["M","$","?","?","?","E","?","M","T","M","M","R","E","M","R","B"],"character_chosen":"IRONCLAD","items_purchased":["Whirlwind"],"campfire_rested":2,"item_purchase_floors":[2],"current_hp_per_floor":[68,68,45,38,33,15,15,10,10,9,9,31,32,35,57,0],"gold":241,"neow_bonus":"UPGRADE_CARD","is_prod":false,"is_daily":false,"chose_seed":false,"campfire_upgraded":0,"win_rate":0,"timestamp":1556280290,"path_taken":["M","$","?","?","?","E","?","M","T","?","M","R","E","M","R","BOSS"],"build_version":"2019-01-23","purchased_purges":0,"victory":false,"max_hp_per_floor":[75,75,75,75,75,75,75,75,75,75,75,75,75,75,75,75],"card_choices":[{"not_picked":["Perfected Strike","Dropkick"],"picked":"Rampage","floor":1.0},{"not_picked":["Pummel","Feel No Pain","Havoc"],"picked":"Iron Wave","floor":6.0},{"not_picked":["Cleave","Pommel Strike","Thunderclap"],"picked":"Flame Barrier","floor":8.0},{"not_picked":["Reckless Charge","Body Slam","Havoc"],"picked":"Twin Strike","floor":10.0},{"not_picked":["Warcry","True Grit","Body Slam"],"picked":"Shrug It Off","floor":11},{"not_picked":["Warcry","Thunderclap","Seeing Red"],"picked":"Rage","floor":13},{"not_picked":["Pommel Strike","Entrench","Iron Wave"],"picked":"Battle Trance","floor":14}],"player_experience":324585,"relics_obtained":[{"floor":6.0,"key":"Bag of Preparation"},{"floor":13,"key":"Ornamental Fan"}],"event_choices":[{"damage_healed":0.0,"max_hp_gain":0.0,"max_hp_loss":0.0,"gold_gain":0.0,"event_name":"Shining Light","player_choice":"Entered Light","floor":3.0,"gold_loss":0.0,"damage_taken":23.0,"cards_upgraded":["Rampage","Strike_R"]},{"cards_removed":["Strike_R"],"damage_healed":0.0,"max_hp_gain":0.0,"max_hp_loss":0.0,"gold_gain":0.0,"event_name":"Golden Wing","player_choice":"Card Removal","floor":4.0,"gold_loss":0.0,"damage_taken":7.0},{"damage_healed":0.0,"max_hp_gain":0.0,"max_hp_loss":0.0,"gold_gain":0.0,"event_name":"Scrap Ooze","player_choice":"Success","floor":5.0,"gold_loss":0.0,"damage_taken":5.0,"relics_obtained":["Question Card"]},{"damage_healed":0.0,"max_hp_gain":0.0,"max_hp_loss":0.0,"gold_gain":0.0,"event_name":"Dead Adventurer","player_choice":"Searched \u00271\u0027 times","floor":7.0,"gold_loss":0.0,"damage_taken":0.0}],"is_beta":false,"boss_relics":[],"items_purged_floors":[],"is_endless":false,"potions_floor_spawned":[6,11,13],"killed_by":"The Guardian","ascension_level":16}