{"gold_per_floor":[109,109,109,126,146,146,176,176,176,26,201,259,271,291,291,392,392,410,509,509,492,509,509,16,16,16,16,44,54,154,164,164,266,266,281,281,300,300,0,0,12,44,69,84,60,160,214,114,114,114],"floor_reached":50,"playtime":10505,"items_purged":["Warcry","Doubt"],"score":563,"play_id":"45020afb-b9a0-48d1-a831-a9401a4e8e8c","local_time":"20181231002612","is_ascension_mode":false,"campfire_choices":[{"data":"Bash","floor":6.0,"key":"SMITH"},{"floor":8.0,"key":"REST"},{"data":"Anger","floor":15.0,"key":"SMITH"},{"floor":23.0,"key":"REST"},{"floor":25.0,"key":"REST"},{"data":"Perfected Strike","floor":27.0,"key":"SMITH"},{"floor":32.0,"key":"REST"},{"data":"Panacea","floor":40.0,"key":"SMITH"},{"floor":49,"key":"REST"}],"neow_cost":"NONE","seed_source_timestamp":0,"circlet_count":0,"master_deck":["Strike_R","Strike_R","Strike_R","Strike_R","Strike_R","Defend_R","Defend_R","Defend_R","Defend_R","Bash+1","Headbutt","Sword Boomerang","Ghostly Armor","Ghostly Armor","Anger+1","Headbutt","Body Slam","Barricade","Perfected Strike+1","Clothesline","Perfected Strike+1","Juggernaut","Armaments","Clothesline","Pommel Strike+1","Iron Wave+1","Sever Soul+1","Blood for Blood+1","Searing Blow","Impervious","Combust+1","Madness","Madness","Pommel Strike+1","Discovery","Discovery","Panacea+1","Pommel Strike","Barricade","Cleave+1","Flex","Headbutt","Pummel+1","Thunderclap+1"],"special_seed":0,"relics":["Burning Blood","Dream Catcher","Bag of Marbles","Anchor","Darkstone Periapt","Oddly Smooth Stone","Nunchaku","Snecko Eye","Nilry\u0027s Codex","Sling","Pen Nib","Shuriken","Meat on the Bone","Velvet Choker","Red Mask","Juzu Bracelet","Happy Flower","Champion Belt","Incense Burner"],"potions_floor_usage":[47,50,50,50,50,50,50],"damage_taken":[{"damage":8.0,"enemies":"Small Slimes","floor":1.0,"turns":4.0},{"damage":11.0,"enemies":"Jaw Worm","floor":4.0,"turns":2.0},{"damage":1.0,"enemies":"Cultist","floor":5.0,"turns":3.0},{"damage":26.0,"enemies":"Lagavulin","floor":7.0,"turns":8.0},{"damage":18.0,"enemies":"Gremlin Nob","floor":12.0,"turns":5.0},{"damage":0.0,"enemies":"Large Slime","floor":13.0,"turns":5.0},{"damage":0.0,"enemies":"3 Louse","floor":14.0,"turns":2.0},{"damage":59.0,"enemies":"The Guardian","floor":16.0,"turns":12.0},{"damage":44.0,"enemies":"Spheric Guardian","floor":18.0,"turns":8.0},{"damage":10.0,"enemies":"2 Thieves","floor":21.0,"turns":4.0},{"damage":3.0,"enemies":"Centurion and Healer","floor":22.0,"turns":3.0},{"damage":26.0,"enemies":"Gremlin Leader","floor":28.0,"turns":4.0},{"damage":49.0,"enemies":"Chosen and Byrds","floor":29.0,"turns":5.0},{"damage":12.0,"enemies":"Shelled Parasite and Fungi","floor":31.0,"turns":4.0},{"damage":35.0,"enemies":"Champ","floor":33.0,"turns":10.0},{"damage":1.0,"enemies":"3 Darklings","floor":35.0,"turns":5.0},{"damage":2.0,"enemies":"3 Shapes","floor":37.0,"turns":5.0},{"damage":3.0,"enemies":"Transient","floor":41.0,"turns":5.0},{"damage":12.0,"enemies":"Nemesis","floor":42.0,"turns":5.0},{"damage":10,"enemies":"Sphere and 2 Shapes","floor":44,"turns":5},{"damage":21,"enemies":"Mind Bloom Boss Battle","floor":46,"turns":3},{"damage":38,"enemies":"2 Orb Walkers","floor":47,"turns":5},{"damage":89,"enemies":"Awakened One","floor":50,"turns":10}],"seed_played":"336653246715785827","potions_obtained":[{"floor":4.0,"key":"Block Potion"},{"floor":7.0,"key":"Weak Potion"},{"floor":12.0,"key":"LiquidBronze"},{"floor":18.0,"key":"GamblersBrew"},{"floor":21.0,"key":"Explosive Potion"},{"floor":29.0,"key":"Regen Potion"},{"floor":31.0,"key":"EntropicBrew"},{"floor":42.0,"key":"SmokeBomb"},{"floor":44,"key":"SteroidPotion"},{"floor":47,"key":"Regen Potion"}],"is_trial":false,"path_per_floor":["M","?","T","M","M","R","E","R","T","$","?","?","M","M","R","B",null,"M","?","?","M","M","R","$","R","T","R","E","M","?","M","R","B",null,"M","?","M","?","?","R","M","E","T","M","$","?","?","$","R","B"],"character_chosen":"IRONCLAD","items_purchased":["Oddly Smooth Stone","Armaments","Clothesline","Sling","Pen Nib","Flex"],"campfire_rested":5,"item_purchase_floors":[10,24,24,24,24,45],"current_hp_per_floor":[86,79,79,74,79,79,59,85,85,85,91,79,85,91,91,38,94,56,56,40,36,39,67,67,94,94,94,74,43,43,49,77,60,94,94,82,86,76,76,76,79,73,73,69,69,54,46,46,74,0],"gold":114,"neow_bonus":"TEN_PERCENT_HP_BONUS","is_prod":false,"is_daily":false,"chose_seed":false,"campfire_upgraded":4,"win_rate":0.0,"timestamp":1546223172,"path_taken":["M","?","?","?","M","R","E","R","T","$","?","?","M","M","R","BOSS","M","?","?","M","M","R","?","R","T","R","E","?","?","M","R","BOSS","M","?","M","?","?","R","M","E","T","M","?","?","?","$","R","BOSS"],"build_version":"2018-12-20","purchased_purges":2,"victory":false,"max_hp_per_floor":[88,88,88,88,88,88,88,88,88,88,94,94,94,94,94,94,94,94,94,94,94,94,94,94,94,94,94,94,94,94,94,94,94,94,94,94,94,94,94,94,94,94,94,94,94,94,94,94,94,94],"card_choices":[{"not_picked":["Cleave","Flex"],"picked":"Headbutt","floor":1.0},{"not_picked":["Feel No Pain","Intimidate"],"picked":"Sword Boomerang","floor":4.0},{"not_picked":["Shrug It Off","Entrench"],"picked":"Ghostly Armor","floor":5.0},{"not_picked":["Pummel","Clash"],"picked":"Ghostly Armor","floor":7.0},{"not_picked":["Power Through","Flex"],"picked":"Anger","floor":8.0},{"not_picked":["Disarm","Cleave"],"picked":"Warcry","floor":12.0},{"not_picked":["Bloodletting","Impervious"],"picked":"Headbutt","floor":13.0},{"not_picked":["Whirlwind","Burning Pact"],"picked":"Body Slam","floor":14.0},{"not_picked":["Juggernaut","Brutality"],"picked":"Barricade","floor":16.0},{"not_picked":["Sword Boomerang","Body Slam"],"picked":"Perfected Strike+1","floor":18.0},{"not_picked":["Shrug It Off","Body Slam"],"picked":"Clothesline","floor":21.0},{"not_picked":["Flex","Hemokinesis"],"picked":"Perfected Strike","floor":22.0},{"not_picked":["Clash","Flex"],"picked":"Juggernaut","floor":23.0},{"not_picked":["Corruption+1","Whirlwind"],"picked":"Pommel Strike+1","floor":25.0},{"not_picked":["Ghostly Armor","Headbutt"],"picked":"Iron Wave+1","floor":28.0},{"not_picked":["Clash+1","Cleave"],"picked":"Sever Soul+1","floor":29.0},{"not_picked":["Anger","Flex"],"picked":"Blood for Blood+1","floor":31.0},{"not_picked":["Offering","Clash"],"picked":"Searing Blow","floor":32.0},{"not_picked":["Dark Embrace","Brutality"],"picked":"Impervious","floor":33.0},{"not_picked":["Flex","Headbutt"],"picked":"Combust+1","floor":35.0},{"not_picked":["Second Wind","Clash+1"],"picked":"Pommel Strike+1","floor":37.0},{"not_picked":["Violence","Good Instincts"],"picked":"Discovery","floor":38.0},{"not_picked":["Trip","Forethought"],"picked":"Discovery","floor":38.0},{"not_picked":["Dramatic Entrance","PanicButton"],"picked":"Panacea","floor":38.0},{"not_picked":["Fire Breathing","Cleave"],"picked":"Pommel Strike","floor":41.0},{"not_picked":["Reckless Charge","Flex"],"picked":"Barricade","floor":42.0},{"not_picked":["Sword Boomerang+1","Thunderclap+1"],"picked":"Cleave+1","floor":44},{"not_picked":["Fire Breathing+1","Anger+1"],"picked":"Headbutt","floor":46},{"not_picked":["Warcry","Reaper"],"picked":"Pummel+1","floor":47},{"not_picked":["Sword Boomerang+1","Ghostly Armor"],"picked":"Thunderclap+1","floor":49}],"player_experience":0,"relics_obtained":[{"floor":3.0,"key":"Bag of Marbles"},{"floor":7.0,"key":"Anchor"},{"floor":9.0,"key":"Darkstone Periapt"},{"floor":20.0,"key":"Nilry\u0027s Codex"},{"floor":26.0,"key":"Shuriken"},{"floor":28.0,"key":"Meat on the Bone"},{"floor":42.0,"key":"Juzu Bracelet"},{"floor":43,"key":"Happy Flower"},{"floor":46,"key":"Champion Belt"},{"floor":47,"key":"Incense Burner"}],"event_choices":[{"damage_healed":0.0,"max_hp_gain":0.0,"max_hp_loss":0.0,"gold_gain":0.0,"event_name":"Scrap Ooze","player_choice":"Success","floor":2.0,"gold_loss":0.0,"damage_taken":7.0,"relics_obtained":["Dream Catcher"]},{"damage_healed":0.0,"max_hp_gain":0.0,"max_hp_loss":0.0,"gold_gain":175.0,"event_name":"Liars Game","player_choice":"AGREE","floor":11.0,"gold_loss":0.0,"damage_taken":0.0,"cards_obtained":["Doubt"]},{"damage_healed":0.0,"max_hp_gain":0.0,"max_hp_loss":0.0,"gold_gain":0.0,"event_name":"Dead Adventurer","player_choice":"Searched \u00272\u0027 times","floor":12.0,"gold_loss":0.0,"damage_taken":0.0,"relics_obtained":["Nunchaku"]},{"damage_healed":0.0,"max_hp_gain":0.0,"max_hp_loss":0.0,"gold_gain":99.0,"event_name":"Nest","player_choice":"Stole From Cult","floor":19.0,"gold_loss":0.0,"damage_taken":0.0},{"damage_healed":0.0,"max_hp_gain":0.0,"max_hp_loss":0.0,"gold_gain":0.0,"event_name":"Cursed Tome","player_choice":"Obtained Book","floor":20.0,"gold_loss":0.0,"damage_taken":16.0},{"damage_healed":0.0,"max_hp_gain":0.0,"max_hp_loss":0.0,"gold_gain":100.0,"event_name":"Golden Shrine","player_choice":"Pray","floor":30.0,"gold_loss":0.0,"damage_taken":0.0},{"damage_healed":0.0,"max_hp_gain":0.0,"max_hp_loss":0.0,"gold_gain":0.0,"event_name":"Winding Halls","player_choice":"Embrace Madness","floor":36.0,"gold_loss":0.0,"damage_taken":12.0,"cards_obtained":["Madness","Madness"]},{"damage_healed":0.0,"max_hp_gain":0.0,"max_hp_loss":0.0,"gold_gain":0.0,"event_name":"SensoryStone","player_choice":"Memory 3","floor":38.0,"gold_loss":0.0,"damage_taken":10.0},{"damage_healed":0.0,"max_hp_gain":0.0,"max_hp_loss":0.0,"gold_gain":0.0,"event_name":"Tomb of Lord Red Mask","player_choice":"Paid","floor":39.0,"gold_loss":300.0,"damage_taken":0.0,"relics_obtained":["Red Mask"]},{"damage_healed":0,"gold_gain":0,"player_choice":"Fight","damage_taken":0,"max_hp_gain":0,"max_hp_loss":0,"event_name":"MindBloom","floor":46,"gold_loss":0},{"damage_healed":0,"gold_gain":0,"player_choice":"Fight","damage_taken":0,"max_hp_gain":0,"max_hp_loss":0,"event_name":"Mysterious Sphere","floor":47,"gold_loss":0}],"is_beta":false,"boss_relics":[{"not_picked":["Mark of Pain","White Beast Statue"],"picked":"Snecko Eye"},{"not_picked":["Runic Cube","Tiny House"],"picked":"Velvet Choker"}],"items_purged_floors":[24,48],"is_endless":false,"potions_floor_spawned":[4,7,12,18,21,29,31,41,42,44,47],"killed_by":"Awakened One","ascension_level":0}