{"gold_per_floor":[367,15,35,35,45,71,71,105,105,139,139,139,19,29,29,100,100,116,128,28,28,28,28,54,64,64,64,92,103,137,163,163,242,242,254,254,274,293,89,89,114,114,141,171,183,33,48,74,74,74],"floor_reached":51,"playtime":2634,"items_purged":["Writhe","Strike_G","Strike_G","Strike_G"],"score":1557,"play_id":"a94becad-655d-4b10-9f86-6b320ef52265","local_time":"20190121170228","is_ascension_mode":true,"campfire_choices":[{"floor":7.0,"key":"REST"},{"data":"Crippling Poison","floor":12.0,"key":"SMITH"},{"data":"Neutralize","floor":15.0,"key":"SMITH"},{"data":"Survivor","floor":23.0,"key":"SMITH"},{"floor":32.0,"key":"REST"},{"data":"Calculated Gamble","floor":40,"key":"SMITH"},{"data":"Leg Sweep","floor":42,"key":"SMITH"},{"data":"Catalyst","floor":49,"key":"SMITH"}],"neow_cost":"CURSE","seed_source_timestamp":0,"circlet_count":0,"master_deck":["AscendersBane","Defend_G","Defend_G","Defend_G","Defend_G","Defend_G","Strike_G","Strike_G","Survivor+1","Neutralize+1","Dash","Caltrops+1","Masterful Stab","After Image+1","Leg Sweep","Crippling Poison+1","Corpse Explosion","Noxious Fumes+1","Well Laid Plans+1","PiercingWail","Noxious Fumes+1","Adrenaline","Leg Sweep+1","PiercingWail+1","Calculated Gamble","A Thousand Cuts+1","Deflect+1","Calculated Gamble+1","Acrobatics","Escape Plan","Noxious Fumes+1","Catalyst+1","PiercingWail+1","Malaise"],"special_seed":0,"relics":["Ring of the Snake","Frozen Egg 2","Mummified Hand","Dodecahedron","Gremlin Horn","Molten Egg 2","Philosopher\u0027s Stone","Question Card","Mercury Hourglass","Pear","Ice Cream","Red Mask","Blood Vial","Black Star","Juzu Bracelet","Shuriken","Pen Nib","Meat on the Bone","Pantograph","Dream Catcher","Bird Faced Urn"],"potions_floor_usage":[44,50,50],"damage_taken":[{"damage":3.0,"enemies":"2 Louse","floor":1.0,"turns":4.0},{"damage":0.0,"enemies":"Cultist","floor":3.0,"turns":3.0},{"damage":0.0,"enemies":"Jaw Worm","floor":5.0,"turns":4.0},{"damage":21.0,"enemies":"Gremlin Nob","floor":6.0,"turns":5.0},{"damage":19.0,"enemies":"3 Sentries","floor":8.0,"turns":12.0},{"damage":3.0,"enemies":"Lagavulin","floor":10.0,"turns":10.0},{"damage":0.0,"enemies":"Large Slime","floor":14.0,"turns":5.0},{"damage":13.0,"enemies":"Slime Boss","floor":16.0,"turns":9.0},{"damage":1.0,"enemies":"Chosen","floor":18.0,"turns":5.0},{"damage":0.0,"enemies":"Shell Parasite","floor":19.0,"turns":5.0},{"damage":15.0,"enemies":"Slavers","floor":24.0,"turns":4.0},{"damage":0.0,"enemies":"Snecko","floor":25.0,"turns":5.0},{"damage":4.0,"enemies":"Gremlin Leader","floor":28.0,"turns":6.0},{"damage":0.0,"enemies":"3 Cultists","floor":29.0,"turns":3.0},{"damage":0.0,"enemies":"Masked Bandits","floor":30.0,"turns":3.0},{"damage":7.0,"enemies":"Slavers","floor":31.0,"turns":3.0},{"damage":48.0,"enemies":"Champ","floor":33.0,"turns":13.0},{"damage":3.0,"enemies":"3 Darklings","floor":35.0,"turns":3.0},{"damage":2,"enemies":"Orb Walker","floor":37,"turns":4},{"damage":0,"enemies":"4 Shapes","floor":38,"turns":2},{"damage":3,"enemies":"Reptomancer","floor":41,"turns":5},{"damage":13,"enemies":"Giant Head","floor":44,"turns":9},{"damage":0,"enemies":"3 Darklings","floor":45,"turns":3},{"damage":1,"enemies":"Sphere and 2 Shapes","floor":47,"turns":5},{"damage":0,"enemies":"Nemesis","floor":48,"turns":7},{"damage":0,"enemies":"Time Eater","floor":50,"turns":8}],"seed_played":"3313119052829810179","potions_obtained":[{"floor":1.0,"key":"Weak Potion"},{"floor":3.0,"key":"SmokeBomb"},{"floor":5.0,"key":"Energy Potion"},{"floor":14.0,"key":"Block Potion"},{"floor":16.0,"key":"SteroidPotion"},{"floor":24.0,"key":"AttackPotion"},{"floor":28.0,"key":"PowerPotion"},{"floor":31.0,"key":"PowerPotion"},{"floor":44,"key":"SkillPotion"}],"is_trial":false,"path_per_floor":["M","$","M","?","M","E","R","E","T","E","?","R","$","M","R","B",null,"M","M","$","?","?","R","E","M","T","?","E","M","?","E","R","B",null,"M","?","M","M","$","R","E","R","T","E","M","$","M","E","R","B",null],"character_chosen":"THE_SILENT","items_purchased":["Frozen Egg 2","Caltrops+1","Noxious Fumes+1","Energy Potion","GhostInAJar"],"campfire_rested":2,"item_purchase_floors":[2,2,13,13,39],"current_hp_per_floor":[56,56,56,56,56,35,54,35,35,32,32,32,32,32,32,19,54,53,53,53,53,53,53,38,38,48,48,44,44,44,37,59,13,60,59,59,59,61,61,61,60,60,60,49,51,51,52,54,54,76],"gold":74,"neow_bonus":"TWO_FIFTY_GOLD","is_prod":false,"is_daily":false,"chose_seed":false,"campfire_upgraded":6,"win_rate":0,"timestamp":1548118948,"path_taken":["M","$","M","?","?","E","R","E","T","E","?","R","$","M","R","BOSS","M","M","$","?","?","R","E","?","T","?","E","M","?","E","R","BOSS","M","?","?","M","?","R","E","R","T","E","M","$","M","E","R","BOSS"],"build_version":"2019-01-17v2","purchased_purges":4,"victory":true,"max_hp_per_floor":[66,66,66,66,66,66,66,66,66,66,66,66,66,66,66,66,66,66,66,66,66,66,66,66,66,76,76,76,76,76,76,76,76,76,76,76,76,76,76,76,76,76,76,76,76,76,76,76,76,76],"card_choices":[{"not_picked":["Cloak And Dagger","Blade Dance"],"picked":"Dash","floor":1.0},{"not_picked":["Choke","Outmaneuver"],"picked":"Masterful Stab","floor":3.0},{"not_picked":["Tactician","Slice"],"picked":"Leg Sweep","floor":5.0},{"not_picked":["Underhanded Strike","Flying Knee"],"picked":"Crippling Poison","floor":6.0},{"not_picked":["Bane","Leg Sweep"],"picked":"Corpse Explosion","floor":8.0},{"not_picked":["Underhanded Strike","Blade Dance","Sucker Punch"],"picked":"SKIP","floor":10.0},{"not_picked":["Expertise","Leg Sweep"],"picked":"Well Laid Plans+1","floor":14.0},{"not_picked":["Deflect","Quick Slash+1","Heel Hook+1"],"picked":"SKIP","floor":18.0},{"not_picked":["Dagger Throw+1","Outmaneuver"],"picked":"PiercingWail","floor":19.0},{"not_picked":["Outmaneuver","Masterful Stab+1","Endless Agony+1","Setup"],"picked":"SKIP","floor":24.0},{"not_picked":["Slice+1","Sucker Punch+1","Acrobatics"],"picked":"Noxious Fumes+1","floor":25.0},{"not_picked":["Infinite Blades+1","Poisoned Stab+1","Deflect"],"picked":"Adrenaline","floor":28.0},{"not_picked":["Slice+1","Infinite Blades+1","Reflex"],"picked":"Leg Sweep","floor":29.0},{"not_picked":["Dagger Throw+1","Distraction+1","Backflip"],"picked":"PiercingWail+1","floor":30.0},{"not_picked":["Outmaneuver","Reflex","Choke+1"],"picked":"Calculated Gamble","floor":31.0},{"not_picked":["Die Die Die+1","After Image+1","Burst"],"picked":"A Thousand Cuts+1","floor":33.0},{"not_picked":["Underhanded Strike+1","Dodge and Roll","Cloak And Dagger"],"picked":"Deflect+1","floor":35.0},{"not_picked":["Skewer+1","Cloak And Dagger","Flying Knee+1","Deadly Poison"],"picked":"SKIP","floor":37},{"not_picked":["Cloak And Dagger","Underhanded Strike+1","Blade Dance"],"picked":"Acrobatics","floor":38},{"not_picked":["Venomology","Terror+1","Slice+1"],"picked":"Escape Plan","floor":41},{"not_picked":["Flying Knee+1","Escape Plan","Calculated Gamble+1"],"picked":"Noxious Fumes+1","floor":44},{"not_picked":["Dagger Throw+1","Deflect","Deadly Poison"],"picked":"Catalyst","floor":45},{"not_picked":["Underhanded Strike+1","Poisoned Stab+1","Acrobatics"],"picked":"PiercingWail+1","floor":47},{"not_picked":["Underhanded Strike+1","Backstab+1","Dagger Spray+1"],"picked":"Malaise","floor":48}],"player_experience":2031948,"relics_obtained":[{"floor":6.0,"key":"Mummified Hand"},{"floor":8.0,"key":"Dodecahedron"},{"floor":9.0,"key":"Gremlin Horn"},{"floor":10.0,"key":"Molten Egg 2"},{"floor":22.0,"key":"Question Card"},{"floor":24.0,"key":"Mercury Hourglass"},{"floor":26.0,"key":"Pear"},{"floor":28.0,"key":"Ice Cream"},{"floor":30.0,"key":"Red Mask"},{"floor":31.0,"key":"Blood Vial"},{"floor":41,"key":"Juzu Bracelet"},{"floor":41,"key":"Shuriken"},{"floor":43,"key":"Pen Nib"},{"floor":44,"key":"Meat on the Bone"},{"floor":44,"key":"Pantograph"},{"floor":48,"key":"Dream Catcher"},{"floor":48,"key":"Bird Faced Urn"}],"event_choices":[{"damage_healed":0.0,"max_hp_gain":0.0,"max_hp_loss":0.0,"gold_gain":0.0,"event_name":"Match and Keep!","player_choice":"1 cards matched","floor":4.0,"gold_loss":0.0,"damage_taken":0.0,"cards_obtained":["After Image"]},{"damage_healed":0.0,"max_hp_gain":0.0,"max_hp_loss":0.0,"gold_gain":0.0,"event_name":"Scrap Ooze","player_choice":"Fled","floor":11.0,"gold_loss":0.0,"damage_taken":0.0},{"damage_healed":0.0,"max_hp_gain":0.0,"max_hp_loss":0.0,"gold_gain":0.0,"event_name":"Ghosts","player_choice":"Ignored","floor":21.0,"gold_loss":0.0,"damage_taken":0.0},{"damage_healed":0.0,"max_hp_gain":0.0,"max_hp_loss":0.0,"gold_gain":0.0,"event_name":"Wheel of Change","player_choice":"Relic","floor":22.0,"gold_loss":0.0,"damage_taken":0.0},{"damage_healed":0.0,"max_hp_gain":0.0,"max_hp_loss":0.0,"gold_gain":0.0,"event_name":"Beggar","player_choice":"Ignored","floor":27.0,"gold_loss":0.0,"damage_taken":0.0},{"damage_healed":0.0,"max_hp_gain":0.0,"max_hp_loss":0.0,"gold_gain":0.0,"event_name":"Masked Bandits","player_choice":"Fought Bandits","floor":30.0,"gold_loss":0.0,"damage_taken":0.0},{"damage_healed":0.0,"max_hp_gain":0.0,"max_hp_loss":0.0,"gold_gain":0.0,"event_name":"Match and Keep!","player_choice":"1 cards matched","floor":36.0,"gold_loss":0.0,"damage_taken":0.0,"cards_obtained":["Calculated Gamble"]}],"is_beta":false,"boss_relics":[{"not_picked":["HoveringKite","Tiny House"],"picked":"Philosopher\u0027s Stone"},{"not_picked":["Runic Dome","Ring of the Serpent"],"picked":"Black Star"}],"items_purged_floors":[2,20,39,46],"is_endless":false,"potions_floor_spawned":[1,3,5,14,16,18,24,28,30,31,33,37,38,44,47],"ascension_level":15}