{"gold_per_floor":[109,128,147,160,14,14,46,46,46,66,66,80,80,94,94,197,197,185,284,14,24,41,41,41],"floor_reached":24,"playtime":1710,"items_purged":["PiercingWail"],"score":220,"play_id":"63e474b8-aa2e-4236-87f6-d0b40a4ba72c","local_time":"20190508163657","is_ascension_mode":true,"campfire_choices":[{"data":"Catalyst","floor":6,"key":"SMITH"},{"data":"Noxious Fumes","floor":8,"key":"SMITH"},{"floor":11,"key":"REST"},{"data":"Envenom","floor":13,"key":"SMITH"},{"floor":15,"key":"REST"},{"floor":23,"key":"REST"}],"neow_cost":"NONE","seed_source_timestamp":198058683170200,"circlet_count":0,"master_deck":["Survivor","Neutralize","Catalyst+1","PiercingWail","Dodge and Roll","Expertise","Noxious Fumes+1","Bane","Flying Knee","Envenom+1","Deadly Poison","Malaise","Flechettes","After Image","PiercingWail","Bullet Time","Bane","Poisoned Stab","Predator","Blur","Dagger Spray","Envenom+1","Noxious Fumes"],"relics":["Ring of the Snake","Singing Bowl","Shovel","Pandora\u0027s Box","DollysMirror"],"potions_floor_usage":[4,7,12,18,21],"damage_taken":[{"damage":1,"enemies":"Cultist","floor":1,"turns":5},{"damage":1,"enemies":"Jaw Worm","floor":2,"turns":4},{"damage":4,"enemies":"2 Louse","floor":3,"turns":3},{"damage":10,"enemies":"Lots of Slimes","floor":4,"turns":7},{"damage":21,"enemies":"Gremlin Nob","floor":7,"turns":6},{"damage":9,"enemies":"Blue Slaver","floor":10,"turns":5},{"damage":0,"enemies":"2 Fungi Beasts","floor":12,"turns":4},{"damage":17,"enemies":"Large Slime","floor":14,"turns":9},{"damage":52,"enemies":"Slime Boss","floor":16,"turns":9},{"damage":18,"enemies":"2 Thieves","floor":18,"turns":4},{"damage":12,"enemies":"3 Byrds","floor":21,"turns":3},{"damage":25,"enemies":"Snecko","floor":22,"turns":6},{"damage":56,"enemies":"Gremlin Leader","floor":24,"turns":5}],"seed_played":"1095417491575035123","potions_obtained":[{"floor":2,"key":"Dexterity Potion"},{"floor":10,"key":"PowerPotion"},{"floor":16,"key":"GamblersBrew"},{"floor":18,"key":"Poison Potion"}],"is_trial":false,"path_per_floor":["M","M","M","M","$","R","E","R","T","M","R","M","R","M","R","B",null,"M","?","$","M","M","R","E"],"character_chosen":"THE_SILENT","items_purchased":["Noxious Fumes","Bane","Block Potion","DollysMirror"],"campfire_rested":3,"item_purchase_floors":[5,5,5,20],"current_hp_per_floor":[76,75,71,61,61,61,42,42,42,33,56,56,56,39,62,10,79,63,63,63,53,28,52,0],"gold":41,"neow_bonus":"TEN_PERCENT_HP_BONUS","is_prod":false,"is_daily":false,"chose_seed":false,"campfire_upgraded":3,"win_rate":0,"timestamp":1557322617,"path_taken":["M","?","M","M","$","R","E","R","T","M","R","M","R","M","R","BOSS","M","?","$","M","M","R","E"],"build_version":"2019-01-23","purchased_purges":1,"victory":false,"max_hp_per_floor":[77,77,77,77,77,77,79,79,79,79,79,79,79,79,79,79,79,81,81,81,83,83,83,83],"card_choices":[{"not_picked":["Slice","PiercingWail"],"picked":"Catalyst","floor":1},{"not_picked":["Acrobatics","Riddle With Holes"],"picked":"PiercingWail","floor":2},{"not_picked":["Blade Dance","Sucker Punch"],"picked":"Dodge and Roll","floor":3},{"not_picked":["Dagger Spray","Heel Hook"],"picked":"Expertise","floor":4},{"not_picked":["Dagger Throw","Blade Dance","Quick Slash"],"picked":"Singing Bowl","floor":7},{"not_picked":["Dagger Spray","Blade Dance"],"picked":"Flying Knee","floor":10},{"not_picked":["Flechettes","Backflip"],"picked":"Envenom","floor":12},{"not_picked":["Cloak And Dagger","Outmaneuver"],"picked":"Deadly Poison","floor":14},{"not_picked":["Storm of Steel","Burst"],"picked":"Malaise","floor":16},{"not_picked":["Calculated Gamble+1","Cloak And Dagger","Prepared"],"picked":"Singing Bowl","floor":18},{"not_picked":["Dagger Throw+1","Flying Knee+1","Blur+1"],"picked":"Singing Bowl","floor":21},{"not_picked":["Dodge and Roll","Calculated Gamble+1"],"picked":"Noxious Fumes","floor":22}],"player_experience":394521,"relics_obtained":[{"floor":7,"key":"Singing Bowl"},{"floor":9,"key":"Shovel"}],"event_choices":[{"damage_healed":0,"gold_gain":99,"player_choice":"Stole From Cult","damage_taken":0,"max_hp_gain":0,"max_hp_loss":0,"event_name":"Nest","floor":19,"gold_loss":0}],"is_beta":false,"boss_relics":[{"not_picked":["Sozu","Orrery"],"picked":"Pandora\u0027s Box"}],"items_purged_floors":[20],"is_endless":false,"potions_floor_spawned":[2,10,16,18],"killed_by":"Gremlin Leader","ascension_level":2}