{"gold_per_floor":[114,128,147,147,147,147,174,250,277,277,309,323,334,368,368,445,445,465,465,465,480,185,218,218,249,273,273,303,318,349,367,367,440,440,459,459,459,459,51,82,102,102,102,116,127,17,47,63,63,63],"floor_reached":51,"playtime":2310,"items_purged":["Strike_R","Strike_R"],"score":1412,"play_id":"c8aa1b27-8be3-4d3a-8cab-3c1039bc1d21","local_time":"20190404125507","is_ascension_mode":true,"campfire_choices":[{"data":"Bash","floor":6.0,"key":"SMITH"},{"data":"Anger","floor":10.0,"key":"SMITH"},{"data":"Armaments","floor":15.0,"key":"SMITH"},{"data":"Infernal Blade","floor":24.0,"key":"SMITH"},{"floor":27.0,"key":"REST"},{"data":"Uppercut","floor":32.0,"key":"SMITH"},{"floor":42.0,"key":"REST"},{"data":"True Grit","floor":49,"key":"SMITH"}],"neow_cost":"NONE","seed_source_timestamp":17567063026479,"circlet_count":0,"master_deck":["AscendersBane","Strike_R+1","Defend_R+1","Defend_R","Defend_R","Defend_R","Bash+1","Cleave","Pommel Strike","Anger+1","Infernal Blade+1","Metallicize+1","Armaments+1","Impervious","True Grit+1","Iron Wave","Ghostly Armor","Disarm+1","Immolate","Uppercut+1","Rampage+1","Demon Form+1","Shrug It Off","Master of Strategy+1","Flame Barrier","Flash of Steel+1","True Grit+1","Warcry+1","Intimidate+1","Thunderclap"],"special_seed":0,"relics":["Burning Blood","Lantern","Centennial Puzzle","Frozen Egg 2","PreservedInsect","Blood Vial","Ancient Tea Set","Velvet Choker","Oddly Smooth Stone","Omamori","Peace Pipe","Happy Flower","Dream Catcher","Art of War","Black Star","Bag of Preparation","Pen Nib","Orichalcum","Smiling Mask","Bronze Scales","War Paint"],"potions_floor_usage":[44,48,50,50],"damage_taken":[{"damage":4.0,"enemies":"Small Slimes","floor":1.0,"turns":4.0},{"damage":3.0,"enemies":"2 Louse","floor":2.0,"turns":3.0},{"damage":2.0,"enemies":"Jaw Worm","floor":3.0,"turns":3.0},{"damage":16.0,"enemies":"Gremlin Nob","floor":7.0,"turns":3.0},{"damage":17.0,"enemies":"Lagavulin","floor":11.0,"turns":6.0},{"damage":9.0,"enemies":"3 Louse","floor":12.0,"turns":2.0},{"damage":0.0,"enemies":"Large Slime","floor":13.0,"turns":4.0},{"damage":6.0,"enemies":"Gremlin Nob","floor":14.0,"turns":3.0},{"damage":30.0,"enemies":"Hexaghost","floor":16.0,"turns":10.0},{"damage":0.0,"enemies":"Shell Parasite","floor":18.0,"turns":5.0},{"damage":0.0,"enemies":"Chosen","floor":21.0,"turns":5.0},{"damage":8.0,"enemies":"Slavers","floor":23.0,"turns":4.0},{"damage":15.0,"enemies":"Gremlin Leader","floor":25.0,"turns":5.0},{"damage":0.0,"enemies":"Slavers","floor":28.0,"turns":2.0},{"damage":10.0,"enemies":"Sentry and Sphere","floor":29.0,"turns":8.0},{"damage":18.0,"enemies":"Gremlin Leader","floor":30.0,"turns":6.0},{"damage":0.0,"enemies":"Shelled Parasite and Fungi","floor":31.0,"turns":8.0},{"damage":41.0,"enemies":"Champ","floor":33.0,"turns":15.0},{"damage":4.0,"enemies":"3 Darklings","floor":35.0,"turns":4.0},{"damage":46.0,"enemies":"Giant Head","floor":40.0,"turns":9.0},{"damage":0.0,"enemies":"3 Shapes","floor":41.0,"turns":2.0},{"damage":7,"enemies":"Writhing Mass","floor":44,"turns":12},{"damage":0,"enemies":"Maw","floor":45,"turns":9},{"damage":9,"enemies":"Reptomancer","floor":47,"turns":5},{"damage":0,"enemies":"Sphere and 2 Shapes","floor":48,"turns":5},{"damage":64,"enemies":"Donu and Deca","floor":50,"turns":9}],"seed_played":"-3669237348010982547","potions_obtained":[{"floor":2.0,"key":"SkillPotion"},{"floor":7.0,"key":"PowerPotion"},{"floor":11.0,"key":"Weak Potion"},{"floor":16.0,"key":"Poison Potion"},{"floor":18.0,"key":"SkillPotion"},{"floor":28.0,"key":"Ancient Potion"},{"floor":30.0,"key":"Poison Potion"},{"floor":31.0,"key":"SpeedPotion"},{"floor":35.0,"key":"Dexterity Potion"},{"floor":47,"key":"Energy Potion"},{"floor":48,"key":"PowerPotion"}],"is_trial":false,"path_per_floor":["M","M","M","?","?","R","E","?","T","R","E","M","M","E","R","B",null,"M","?","?","M","$","E","R","E","T","R","E","M","E","M","R","B",null,"M","?","?","?","$","E","M","R","T","M","M","?","E","M","R","B",null],"character_chosen":"IRONCLAD","items_purchased":["Oddly Smooth Stone","Ghostly Armor","Bag of Preparation","Flash of Steel","GamblersBrew"],"campfire_rested":2,"item_purchase_floors":[22,22,39,39,39],"current_hp_per_floor":[70,73,75,52,47,47,37,37,37,37,26,25,33,35,35,13,60,68,68,47,55,55,55,55,48,48,72,80,76,66,74,74,41,70,74,74,64,64,64,26,34,58,58,59,67,67,66,74,74,18],"gold":63,"neow_bonus":"RANDOM_COMMON_RELIC","is_prod":false,"is_daily":false,"chose_seed":false,"campfire_upgraded":6,"win_rate":0,"timestamp":1554407707,"path_taken":["M","M","M","?","?","R","E","?","T","R","E","M","M","E","R","BOSS","M","?","?","M","$","E","R","E","T","R","E","M","E","M","R","BOSS","M","?","?","?","$","E","M","R","T","M","?","?","E","M","R","BOSS"],"build_version":"2019-01-23","purchased_purges":2,"victory":true,"max_hp_per_floor":[75,75,75,75,75,75,75,75,75,75,75,75,75,75,75,75,75,75,75,80,80,80,80,80,80,80,80,80,80,80,80,80,80,80,80,80,80,80,80,80,80,80,80,80,80,80,80,80,80,80],"card_choices":[{"not_picked":["Flex","Ghostly Armor"],"picked":"Cleave","floor":1.0},{"not_picked":["Metallicize","Burning Pact"],"picked":"Pommel Strike","floor":2.0},{"not_picked":["Cleave","Sword Boomerang"],"picked":"Anger","floor":3.0},{"not_picked":["Fire Breathing","Intimidate","Bloodletting"],"picked":"SKIP","floor":7.0},{"not_picked":["Exhume","Wild Strike"],"picked":"Infernal Blade","floor":11.0},{"not_picked":["Sword Boomerang","Perfected Strike"],"picked":"Metallicize+1","floor":12.0},{"not_picked":["Body Slam","Dropkick","Havoc"],"picked":"SKIP","floor":13.0},{"not_picked":["Rage","Entrench"],"picked":"Armaments","floor":14.0},{"not_picked":["Barricade+1","Fiend Fire"],"picked":"Impervious","floor":16.0},{"not_picked":["Headbutt","Armaments"],"picked":"True Grit+1","floor":18.0},{"not_picked":["Flex","Pommel Strike"],"picked":"Iron Wave","floor":21.0},{"not_picked":["Warcry","Hemokinesis"],"picked":"Disarm","floor":23.0},{"not_picked":["Heavy Blade","Cleave+1"],"picked":"Immolate","floor":25.0},{"not_picked":["Infernal Blade","Thunderclap","Dropkick"],"picked":"SKIP","floor":28.0},{"not_picked":["Perfected Strike","Entrench","Sever Soul"],"picked":"SKIP","floor":29.0},{"not_picked":["True Grit","Seeing Red+1"],"picked":"Uppercut","floor":30.0},{"not_picked":["True Grit","Iron Wave"],"picked":"Rampage+1","floor":31.0},{"not_picked":["Barricade+1","Fiend Fire"],"picked":"Demon Form+1","floor":33.0},{"not_picked":["Pommel Strike","Warcry"],"picked":"Shrug It Off","floor":35.0},{"not_picked":["Discovery","Mind Blast"],"picked":"Master of Strategy","floor":37.0},{"not_picked":["Body Slam","Armaments"],"picked":"True Grit","floor":40.0},{"not_picked":["Whirlwind","Body Slam"],"picked":"Warcry+1","floor":41.0},{"not_picked":["True Grit","Pommel Strike"],"picked":"Intimidate+1","floor":42.0},{"not_picked":["Dropkick","Body Slam+1","Flex"],"picked":"SKIP","floor":44},{"not_picked":["Wild Strike","Havoc","Warcry+1"],"picked":"SKIP","floor":45},{"not_picked":["Dual Wield","Entrench","Infernal Blade+1"],"picked":"SKIP","floor":47},{"not_picked":["Carnage+1","Blood for Blood"],"picked":"Thunderclap","floor":48}],"player_experience":2416071,"relics_obtained":[{"floor":7.0,"key":"Frozen Egg 2"},{"floor":9.0,"key":"PreservedInsect"},{"floor":11.0,"key":"Blood Vial"},{"floor":14.0,"key":"Ancient Tea Set"},{"floor":23.0,"key":"Omamori"},{"floor":25.0,"key":"Peace Pipe"},{"floor":26.0,"key":"Happy Flower"},{"floor":28.0,"key":"Dream Catcher"},{"floor":30.0,"key":"Art of War"},{"floor":40.0,"key":"Pen Nib"},{"floor":40.0,"key":"Orichalcum"},{"floor":43.0,"key":"Smiling Mask"},{"floor":47,"key":"Bronze Scales"},{"floor":47,"key":"War Paint"}],"event_choices":[{"damage_healed":0.0,"max_hp_gain":0.0,"max_hp_loss":0.0,"gold_gain":0.0,"event_name":"Shining Light","player_choice":"Entered Light","floor":4.0,"gold_loss":0.0,"damage_taken":23.0,"cards_upgraded":["Defend_R","Strike_R"]},{"damage_healed":0.0,"max_hp_gain":0.0,"max_hp_loss":0.0,"gold_gain":0.0,"event_name":"Scrap Ooze","player_choice":"Success","floor":5.0,"gold_loss":0.0,"damage_taken":5.0,"relics_obtained":["Centennial Puzzle"]},{"damage_healed":0.0,"max_hp_gain":0.0,"max_hp_loss":0.0,"gold_gain":76.0,"event_name":"Golden Wing","player_choice":"Gained Gold","floor":8.0,"gold_loss":0.0,"damage_taken":0.0},{"damage_healed":0.0,"max_hp_gain":0.0,"max_hp_loss":0.0,"gold_gain":0.0,"event_name":"The Mausoleum","player_choice":"Ignored","floor":19.0,"gold_loss":0.0,"damage_taken":0.0},{"damage_healed":0.0,"max_hp_gain":5.0,"max_hp_loss":0.0,"gold_gain":0.0,"event_name":"Forgotten Altar","player_choice":"Shed Blood","floor":20.0,"gold_loss":0.0,"damage_taken":26.0},{"damage_healed":0.0,"max_hp_gain":0.0,"max_hp_loss":0.0,"gold_gain":0.0,"event_name":"Tomb of Lord Red Mask","player_choice":"Ignored","floor":36.0,"gold_loss":0.0,"damage_taken":0.0},{"damage_healed":0.0,"max_hp_gain":0.0,"max_hp_loss":0.0,"gold_gain":0.0,"event_name":"SensoryStone","player_choice":"Memory 3","floor":37.0,"gold_loss":0.0,"damage_taken":10.0},{"damage_healed":0.0,"max_hp_gain":0.0,"max_hp_loss":0.0,"gold_gain":0.0,"cards_transformed":["Strike_R"],"event_name":"Transmorgrifier","player_choice":"Transformed","floor":38.0,"gold_loss":0.0,"damage_taken":0.0,"cards_obtained":["Flame Barrier"]},{"cards_removed":["Strike_R"],"damage_healed":0,"gold_gain":0,"player_choice":"Upgrade and Remove","damage_taken":0,"max_hp_gain":0,"max_hp_loss":0,"event_name":"Designer","floor":46,"gold_loss":110,"cards_upgraded":["Flash of Steel"]}],"is_beta":false,"boss_relics":[{"not_picked":["Runic Pyramid","White Beast Statue"],"picked":"Velvet Choker"},{"not_picked":["Eternal Feather","Philosopher\u0027s Stone"],"picked":"Black Star"}],"items_purged_floors":[22,39],"is_endless":false,"potions_floor_spawned":[2,7,11,16,18,28,30,31,35,47,48],"ascension_level":15}