{"gold_per_floor":[110,110,159,178,178,178,205,205,232,267,284,130,164,20,20,91,91,105,105,5,23,36,36,71,142,196,196,225,325,325,341,341,419,419,436,5,5,59,85,119,0,0,0,12,25,40,40,54,54,54],"floor_reached":51,"playtime":1746,"items_purged":["Strike_G","Strike_G","Strike_G"],"score":1326,"play_id":"8fecd714-bb92-40c6-bfd7-512fc09c6b99","local_time":"20181227212944","is_ascension_mode":true,"campfire_choices":[{"data":"Flying Knee","floor":6.0,"key":"SMITH"},{"data":"Leg Sweep","floor":8.0,"key":"SMITH"},{"data":"Noxious Fumes","floor":15.0,"key":"SMITH"},{"data":"Bouncing Flask","floor":23,"key":"SMITH"},{"floor":27,"key":"REST"},{"data":"Deadly Poison","floor":30,"key":"SMITH"},{"data":"Caltrops","floor":32,"key":"SMITH"},{"floor":47,"key":"REST"},{"data":"Burst","floor":49,"key":"SMITH"}],"neow_cost":"NONE","seed_source_timestamp":46256759819628,"circlet_count":0,"master_deck":["AscendersBane","Defend_G","Defend_G","Defend_G","Defend_G","Defend_G","Strike_G","Strike_G+1","Survivor","Neutralize+1","Backstab","Flying Knee+1","Leg Sweep+1","Caltrops+1","Deadly Poison+1","Noxious Fumes+1","Corpse Explosion","Bouncing Flask+1","PiercingWail+1","Escape Plan+1","Acrobatics+1","Dagger Throw+1","Sucker Punch+1","Bouncing Flask+1","Burst+1","Writhe","Backflip","PiercingWail","Cloak And Dagger","Cloak And Dagger+1"],"special_seed":0,"relics":["Ring of the Snake","Whetstone","PreservedInsect","Paper Crane","Dream Catcher","Snake Skull","Strawberry","Happy Flower","Sozu","Molten Egg 2","Darkstone Periapt","Tiny Chest","Shuriken","Ice Cream","Pantograph","Cursed Key","Oddly Smooth Stone","Art of War","Turnip","Centennial Puzzle","Vajra","Red Mask"],"potions_floor_usage":[29,50],"damage_taken":[{"damage":0.0,"enemies":"Small Slimes","floor":1.0,"turns":4.0},{"damage":1.0,"enemies":"Jaw Worm","floor":4.0,"turns":3.0},{"damage":10.0,"enemies":"3 Sentries","floor":7.0,"turns":8.0},{"damage":0.0,"enemies":"Gremlin Nob","floor":10.0,"turns":3.0},{"damage":0.0,"enemies":"2 Louse","floor":11.0,"turns":2.0},{"damage":13.0,"enemies":"Lagavulin","floor":13.0,"turns":7.0},{"damage":11.0,"enemies":"The Guardian","floor":16.0,"turns":9.0},{"damage":16.0,"enemies":"Spheric Guardian","floor":18.0,"turns":5.0},{"damage":12,"enemies":"2 Thieves","floor":21,"turns":2},{"damage":12,"enemies":"Cultist and Chosen","floor":22,"turns":5},{"damage":2,"enemies":"Book of Stabbing","floor":24,"turns":4},{"damage":8,"enemies":"Slavers","floor":28,"turns":2},{"damage":3,"enemies":"Colosseum Slavers","floor":29,"turns":3},{"damage":0,"enemies":"Colosseum Nobs","floor":29,"turns":2},{"damage":0,"enemies":"Centurion and Healer","floor":31,"turns":5},{"damage":61,"enemies":"Champ","floor":33,"turns":9},{"damage":1,"enemies":"3 Shapes","floor":35,"turns":3},{"damage":29,"enemies":"2 Orb Walkers","floor":38,"turns":4},{"damage":10,"enemies":"Reptomancer","floor":40,"turns":5},{"damage":0,"enemies":"3 Darklings","floor":44,"turns":3},{"damage":10,"enemies":"Spire Growth","floor":45,"turns":4},{"damage":0,"enemies":"Jaw Worm Horde","floor":46,"turns":3},{"damage":0,"enemies":"Sphere and 2 Shapes","floor":48,"turns":3},{"damage":41,"enemies":"Awakened One","floor":50,"turns":13}],"seed_played":"6351674436848113415","potions_obtained":[{"floor":7.0,"key":"Swift Potion"},{"floor":10.0,"key":"FearPotion"},{"floor":11.0,"key":"Weak Potion"}],"is_trial":false,"path_per_floor":["M","?","T","M","?","R","E","E","R","T","E","M","$","E","$","R","B",null,"M","?","$","M","M","R","E","T","T","R","E","?","R","M","R","B",null,"M","$","?","?","T","E","?","$","T","M","M","M","R","M","R","B",null],"character_chosen":"THE_SILENT","items_purchased":["Noxious Fumes","Happy Flower","Oddly Smooth Stone","Art of War"],"campfire_rested":2,"item_purchase_floors":[12,14,36,36],"current_hp_per_floor":[59,59,59,58,63,63,53,53,53,53,53,53,47,47,47,36,68,52,68,68,56,44,44,42,42,42,65,57,54,54,54,54,17,63,62,62,62,33,39,29,29,29,29,29,19,19,43,43,43,27],"gold":54,"neow_bonus":"RANDOM_COMMON_RELIC","is_prod":false,"is_daily":false,"chose_seed":false,"campfire_upgraded":7,"win_rate":0,"timestamp":1545974984,"path_taken":["M","?","?","M","?","R","E","R","T","E","M","?","E","$","R","BOSS","M","?","$","M","M","R","E","?","T","R","E","?","R","M","R","BOSS","M","$","?","?","?","E","?","?","T","M","?","M","R","M","R","BOSS"],"build_version":"2018-12-20","purchased_purges":3,"victory":true,"max_hp_per_floor":[66,66,66,66,71,71,71,71,71,71,71,71,78,78,78,78,78,78,78,78,78,78,78,78,78,78,78,78,78,78,78,78,78,78,78,78,74,74,80,80,80,80,80,80,80,80,80,80,80,80],"card_choices":[{"not_picked":["Dagger Throw","Escape Plan"],"picked":"Backstab","floor":1.0},{"not_picked":["Dodge and Roll","Quick Slash"],"picked":"Flying Knee","floor":4.0},{"not_picked":["Masterful Stab","Underhanded Strike"],"picked":"Leg Sweep","floor":7.0},{"not_picked":["Endless Agony","Concentrate"],"picked":"Caltrops","floor":10.0},{"not_picked":["Acrobatics","Blur"],"picked":"Deadly Poison","floor":11.0},{"not_picked":["Phantasmal Killer","Finisher","Eviscerate"],"picked":"SKIP","floor":13.0},{"not_picked":["After Image","Die Die Die"],"picked":"Corpse Explosion","floor":16.0},{"not_picked":["Bane","Caltrops"],"picked":"Bouncing Flask","floor":18.0},{"not_picked":["Leg Sweep","Outmaneuver"],"picked":"PiercingWail+1","floor":21},{"not_picked":["Bouncing Flask","Acrobatics"],"picked":"Escape Plan+1","floor":22},{"not_picked":["Concentrate","Venomology","Endless Agony"],"picked":"SKIP","floor":24},{"not_picked":["Distraction","Expertise"],"picked":"Acrobatics+1","floor":27},{"not_picked":["Concentrate","Bane+1"],"picked":"Dagger Throw+1","floor":28},{"not_picked":["Predator+1","PiercingWail"],"picked":"Sucker Punch+1","floor":29},{"not_picked":["Dodge and Roll","Acrobatics"],"picked":"Bouncing Flask+1","floor":31},{"not_picked":["Phantasmal Killer","Tools of the Trade"],"picked":"Burst","floor":33},{"not_picked":["All Out Attack+1","Sucker Punch+1","Acrobatics"],"picked":"SKIP","floor":35},{"not_picked":["Dagger Spray+1","Backstab+1"],"picked":"Backflip","floor":40},{"not_picked":["Dagger Throw+1","Venomology","Sucker Punch+1"],"picked":"SKIP","floor":44},{"not_picked":["Escape Plan","Outmaneuver+1"],"picked":"PiercingWail","floor":45},{"not_picked":["Deadly Poison","Deflect","Choke+1"],"picked":"SKIP","floor":46},{"not_picked":["Underhanded Strike+1","Flying Knee+1"],"picked":"Cloak And Dagger","floor":47},{"not_picked":["Dagger Throw+1","Distraction"],"picked":"Cloak And Dagger+1","floor":48}],"player_experience":1898818,"relics_obtained":[{"floor":3.0,"key":"PreservedInsect"},{"floor":7.0,"key":"Paper Crane"},{"floor":9.0,"key":"Dream Catcher"},{"floor":10.0,"key":"Snake Skull"},{"floor":13.0,"key":"Strawberry"},{"floor":24,"key":"Molten Egg 2"},{"floor":25,"key":"Darkstone Periapt"},{"floor":26,"key":"Tiny Chest"},{"floor":28,"key":"Shuriken"},{"floor":29,"key":"Ice Cream"},{"floor":29,"key":"Pantograph"},{"floor":38,"key":"Turnip"},{"floor":39,"key":"Centennial Puzzle"},{"floor":40,"key":"Vajra"}],"event_choices":[{"damage_healed":0.0,"max_hp_gain":0.0,"max_hp_loss":0.0,"gold_gain":0.0,"event_name":"Liars Game","player_choice":"Ignored","floor":2.0,"gold_loss":0.0,"damage_taken":0.0},{"damage_healed":0.0,"max_hp_gain":5.0,"max_hp_loss":0.0,"gold_gain":0.0,"event_name":"Big Fish","player_choice":"Donut","floor":5.0,"gold_loss":0.0,"damage_taken":0.0},{"damage_healed":16,"gold_gain":0,"player_choice":"Heal","damage_taken":0,"max_hp_gain":0,"max_hp_loss":0,"event_name":"The Library","floor":19,"gold_loss":0},{"damage_healed":0,"gold_gain":0,"player_choice":"Fight","damage_taken":0,"max_hp_gain":0,"max_hp_loss":0,"event_name":"Colosseum","floor":29,"gold_loss":0},{"damage_healed":0,"gold_gain":0,"player_choice":"Fought Nobs","damage_taken":0,"max_hp_gain":0,"max_hp_loss":0,"event_name":"Colosseum","floor":29,"gold_loss":0},{"damage_healed":0,"gold_gain":0,"player_choice":"Max HP","damage_taken":0,"max_hp_gain":0,"max_hp_loss":4,"event_name":"Winding Halls","floor":37,"gold_loss":0},{"damage_healed":0,"gold_gain":0,"player_choice":"Fight","damage_taken":0,"max_hp_gain":0,"max_hp_loss":0,"event_name":"Mysterious Sphere","floor":38,"gold_loss":0},{"damage_healed":0,"gold_gain":0,"player_choice":"Paid","damage_taken":0,"relics_obtained":["Red Mask"],"max_hp_gain":0,"max_hp_loss":0,"event_name":"Tomb of Lord Red Mask","floor":41,"gold_loss":119}],"is_beta":false,"boss_relics":[{"not_picked":["WristBlade","Tiny House"],"picked":"Sozu"},{"not_picked":["Orrery","HoveringKite"],"picked":"Cursed Key"}],"items_purged_floors":[12,20,36],"is_endless":false,"potions_floor_spawned":[7,10,11,18,22,28,29,35,40,44,48],"ascension_level":15}