{"gold_per_floor":[19,37,37,47,47,75,75,108,131,131,142,142,142,158,158,256,256,181,181,181,181,181,181,34,34,34,34,34,34,34,34,34,34],"floor_reached":33,"playtime":1725,"items_purged":[],"score":446,"play_id":"ace27db4-9a9d-4459-985a-2d131053302f","local_time":"20190414013756","is_ascension_mode":true,"campfire_choices":[{"data":"Havoc","floor":7,"key":"SMITH"},{"data":"Blind","floor":10,"key":"SMITH"},{"data":"Armaments","floor":12,"key":"SMITH"},{"floor":15,"key":"REST"},{"floor":23,"key":"RECALL"},{"data":"Rampage","floor":25,"key":"SMITH"},{"floor":27,"key":"REST"},{"floor":32,"key":"REST"}],"neow_cost":"NO_GOLD","seed_source_timestamp":0,"circlet_count":0,"master_deck":["AscendersBane","Strike_R","Strike_R+1","Strike_R","Defend_R","Defend_R","Defend_R","Defend_R","Bash","Pummel","Ghostly Armor","Havoc+1","Blind+1","Uppercut","Armaments+1","Whirlwind+1","Impervious","Shockwave","Combust+1","Rage+1","Rampage+1","True Grit","Immolate","RitualDagger","Heavy Blade"],"special_seed":0,"relics":["Burning Blood","Vajra","Happy Flower","Centennial Puzzle","Ectoplasm","Lantern","Shuriken","Darkstone Periapt","Whetstone"],"potions_floor_usage":[6,8,14,16,16,20,20,22,31,33],"damage_taken":[{"damage":0.0,"enemies":"Small Slimes","floor":1.0,"turns":5.0},{"damage":1.0,"enemies":"Cultist","floor":2.0,"turns":4.0},{"damage":8,"enemies":"2 Louse","floor":4,"turns":4},{"damage":25,"enemies":"Gremlin Nob","floor":6,"turns":5},{"damage":10,"enemies":"Lagavulin","floor":8,"turns":6},{"damage":13,"enemies":"Gremlin Gang","floor":11,"turns":6},{"damage":1,"enemies":"2 Fungi Beasts","floor":14,"turns":4},{"damage":16,"enemies":"Slime Boss","floor":16,"turns":10},{"damage":6,"enemies":"2 Thieves","floor":18,"turns":4},{"damage":4,"enemies":"Chosen","floor":19,"turns":4},{"damage":29,"enemies":"Shelled Parasite and Fungi","floor":20,"turns":7},{"damage":15,"enemies":"Snake Plant","floor":21,"turns":5},{"damage":17,"enemies":"Sentry and Sphere","floor":22,"turns":4},{"damage":23,"enemies":"Gremlin Leader","floor":28,"turns":8},{"damage":18,"enemies":"Snecko","floor":29,"turns":6},{"damage":41,"enemies":"Book of Stabbing","floor":31,"turns":6},{"damage":57,"enemies":"Collector","floor":33,"turns":6}],"seed_played":"5866077374001680925","potions_obtained":[{"floor":1.0,"key":"SneckoOil"},{"floor":6,"key":"SkillPotion"},{"floor":11,"key":"Block Potion"},{"floor":13,"key":"Swift Potion"},{"floor":13,"key":"Fruit Juice"},{"floor":13,"key":"Weak Potion"},{"floor":16,"key":"Regen Potion"},{"floor":18,"key":"BloodPotion"},{"floor":21,"key":"Explosive Potion"},{"floor":29,"key":"SkillPotion"},{"floor":31,"key":"Regen Potion"}],"is_trial":false,"path_per_floor":["M","M","?","M","$","E","R","E","T","R","M","R","?","M","R","B",null,"M","M","M","M","M","R","$","R","T","R","E","M","?","E","R","B"],"character_chosen":"IRONCLAD","items_purchased":["Lantern"],"campfire_rested":3,"item_purchase_floors":[24],"current_hp_per_floor":[78,80,80,78,78,59,59,55,55,55,48,48,48,58,83,73,82,82,84,83,74,63,63,63,63,63,85,68,56,50,15,40,0],"gold":34,"neow_bonus":"REMOVE_TWO","is_prod":false,"is_daily":false,"chose_seed":false,"campfire_upgraded":4,"win_rate":0,"timestamp":1555195076,"path_taken":["M","M","?","M","?","E","R","E","T","R","M","R","?","M","R","BOSS","M","M","?","M","M","R","$","R","T","R","E","M","?","E","R","BOSS"],"build_version":"2019-01-23","purchased_purges":0,"victory":false,"max_hp_per_floor":[80,80,80,80,80,80,80,80,80,80,80,80,80,85,85,85,85,85,85,85,85,85,85,85,85,85,85,85,85,85,85,85,85],"card_choices":[{"not_picked":["Wild Strike","Thunderclap"],"picked":"Pummel","floor":1.0},{"not_picked":["Perfected Strike","Heavy Blade"],"picked":"Ghostly Armor","floor":2.0},{"not_picked":["Entrench","True Grit"],"picked":"Uppercut","floor":4},{"not_picked":["Second Wind","Rupture","Havoc"],"picked":"SKIP","floor":6},{"not_picked":["Reckless Charge","Warcry","Fiend Fire"],"picked":"SKIP","floor":8},{"not_picked":["Twin Strike","Clothesline"],"picked":"Armaments","floor":11},{"not_picked":["Power Through","Thunderclap"],"picked":"Whirlwind","floor":14},{"not_picked":["Reaper","Brutality"],"picked":"Impervious","floor":16},{"not_picked":["Searing Blow","Pommel Strike","Infernal Blade"],"picked":"SKIP","floor":18},{"not_picked":["Sword Boomerang","Dual Wield"],"picked":"Shockwave","floor":19},{"not_picked":["Havoc","Metallicize"],"picked":"Combust+1","floor":20},{"not_picked":["Cleave","Armaments"],"picked":"Rage+1","floor":21},{"not_picked":["Clash+1","Evolve"],"picked":"Rampage","floor":22},{"not_picked":["Anger","Rampage"],"picked":"True Grit","floor":28},{"not_picked":["Wild Strike+1","Heavy Blade"],"picked":"Immolate","floor":29},{"not_picked":["Warcry","Havoc"],"picked":"Heavy Blade","floor":31}],"player_experience":248605,"relics_obtained":[{"floor":6,"key":"Vajra"},{"floor":8,"key":"Happy Flower"},{"floor":9,"key":"Centennial Puzzle"},{"floor":26,"key":"Shuriken"},{"floor":28,"key":"Darkstone Periapt"},{"floor":31,"key":"Whetstone"}],"event_choices":[{"damage_healed":0,"gold_gain":0,"player_choice":"2 cards matched","damage_taken":0,"max_hp_gain":0,"max_hp_loss":0,"event_name":"Match and Keep!","floor":3,"gold_loss":0,"cards_obtained":["Havoc","Blind"]},{"damage_healed":0,"gold_gain":0,"player_choice":"Got Potions","damage_taken":0,"max_hp_gain":0,"max_hp_loss":0,"event_name":"Lab","floor":13,"gold_loss":0},{"damage_healed":0,"gold_gain":0,"player_choice":"Joined the Cult","damage_taken":6,"max_hp_gain":0,"max_hp_loss":0,"event_name":"Nest","floor":30,"gold_loss":0,"cards_obtained":["RitualDagger"]}],"is_beta":false,"boss_relics":[{"not_picked":["Tiny House","White Beast Statue"],"picked":"Ectoplasm"}],"items_purged_floors":[],"is_endless":false,"potions_floor_spawned":[1,6,11,16,18,21,29,31],"killed_by":"Collector","ascension_level":10}