{"gold_per_floor":[116,135,135,154,154,154,154,188,261,279,121,121,9,26,26,104,104,124,124,136,153,43,43,77,77,104,104],"floor_reached":27,"playtime":980,"items_purged":[],"score":448,"play_id":"741dfc29-d0c4-4392-aa98-5ad56f8f78eb","local_time":"20190406052207","is_ascension_mode":true,"campfire_choices":[{"floor":6.0,"key":"REST"},{"floor":12.0,"key":"REST"},{"data":"Noxious Fumes","floor":15.0,"key":"SMITH"},{"data":"Blind","floor":23.0,"key":"SMITH"},{"floor":25.0,"key":"REST"}],"neow_cost":"NONE","seed_source_timestamp":49883324109396,"circlet_count":0,"master_deck":["AscendersBane","Defend_G","Defend_G","Defend_G+1","Defend_G","Defend_G","Strike_G","Strike_G+1","Strike_G+1","Survivor","Neutralize","Cloak And Dagger","Catalyst+1","Poisoned Stab+1","Blur","Well Laid Plans","Corpse Explosion","Blind+1","Bouncing Flask","Noxious Fumes+1","Leg Sweep","Dagger Spray","Bullet Time","Backstab","Catalyst","Deadly Poison","Noxious Fumes"],"special_seed":0,"relics":["Ring of the Snake","NeowsBlessing","Whetstone","Mercury Hourglass","Sozu","StoneCalendar","Lantern"],"potions_floor_usage":[27],"damage_taken":[{"damage":0.0,"enemies":"Cultist","floor":1.0,"turns":1.0},{"damage":0.0,"enemies":"Jaw Worm","floor":2.0,"turns":1.0},{"damage":0.0,"enemies":"Small Slimes","floor":4.0,"turns":1.0},{"damage":27.0,"enemies":"Lagavulin","floor":8.0,"turns":7.0},{"damage":2.0,"enemies":"Exordium Wildlife","floor":10.0,"turns":4.0},{"damage":0.0,"enemies":"3 Louse","floor":14.0,"turns":3.0},{"damage":23.0,"enemies":"Slime Boss","floor":16.0,"turns":9.0},{"damage":2.0,"enemies":"Chosen","floor":18.0,"turns":3.0},{"damage":0.0,"enemies":"Shell Parasite","floor":20.0,"turns":4.0},{"damage":0.0,"enemies":"Centurion and Healer","floor":21.0,"turns":3.0},{"damage":48.0,"enemies":"Gremlin Leader","floor":24.0,"turns":7.0},{"damage":32,"enemies":"Snake Plant","floor":27,"turns":3}],"seed_played":"2270246002206804208","potions_obtained":[{"floor":4.0,"key":"Explosive Potion"},{"floor":8.0,"key":"Poison Potion"},{"floor":14.0,"key":"Ancient Potion"}],"is_trial":false,"path_per_floor":["M","M","$","M","?","R","?","E","T","M","$","R","$","M","R","B",null,"M","?","M","M","?","R","E","R","T","M"],"character_chosen":"THE_SILENT","items_purchased":["Blind","Bouncing Flask","Noxious Fumes","Leg Sweep"],"campfire_rested":3,"item_purchase_floors":[11,11,13,13],"current_hp_per_floor":[59,59,59,59,39,58,58,31,31,29,29,48,48,48,48,25,56,54,54,54,54,54,54,6,25,25,0],"gold":104,"neow_bonus":"THREE_ENEMY_KILL","is_prod":false,"is_daily":false,"chose_seed":false,"campfire_upgraded":2,"win_rate":0,"timestamp":1554520927,"path_taken":["M","?","?","?","?","R","?","E","T","M","$","R","?","M","R","BOSS","M","?","M","M","?","R","E","R","T","M"],"build_version":"2019-01-23","purchased_purges":0,"victory":false,"max_hp_per_floor":[66,66,66,66,66,66,66,66,66,66,66,66,66,66,66,66,66,66,66,66,66,66,66,66,66,66,66],"card_choices":[{"not_picked":["Slice","Dagger Throw"],"picked":"Cloak And Dagger","floor":1.0},{"not_picked":["PiercingWail","Tactician"],"picked":"Catalyst","floor":2.0},{"not_picked":["Backflip","Bane"],"picked":"Poisoned Stab","floor":4.0},{"not_picked":["Setup","Acrobatics"],"picked":"Well Laid Plans","floor":8.0},{"not_picked":["Quick Slash","Underhanded Strike"],"picked":"Corpse Explosion","floor":10.0},{"not_picked":["Flying Knee","Choke"],"picked":"Dagger Spray","floor":14.0},{"not_picked":["Doppelganger","Phantasmal Killer"],"picked":"Bullet Time","floor":16.0},{"not_picked":["Bouncing Flask","Underhanded Strike"],"picked":"Backstab","floor":18.0},{"not_picked":["Reflex+1","Prepared"],"picked":"Deadly Poison","floor":20.0},{"not_picked":["Deadly Poison","All Out Attack"],"picked":"Noxious Fumes","floor":21.0},{"not_picked":["Choke+1","Reflex","Backflip"],"picked":"SKIP","floor":24.0}],"player_experience":694447,"relics_obtained":[{"floor":8.0,"key":"Whetstone"},{"floor":9.0,"key":"Mercury Hourglass"},{"floor":24.0,"key":"StoneCalendar"},{"floor":26.0,"key":"Lantern"}],"event_choices":[{"damage_healed":0.0,"max_hp_gain":0.0,"max_hp_loss":0.0,"gold_gain":0.0,"event_name":"Shining Light","player_choice":"Entered Light","floor":5.0,"gold_loss":0.0,"damage_taken":20.0,"cards_upgraded":["Strike_G","Catalyst"]},{"damage_healed":0.0,"max_hp_gain":0.0,"max_hp_loss":0.0,"gold_gain":0.0,"cards_transformed":["Strike_G"],"event_name":"Living Wall","player_choice":"Change","floor":7.0,"gold_loss":0.0,"damage_taken":0.0,"cards_obtained":["Blur"]},{"damage_healed":0.0,"max_hp_gain":0.0,"max_hp_loss":0.0,"gold_gain":0.0,"event_name":"The Library","player_choice":"Read","floor":19.0,"gold_loss":0.0,"damage_taken":0.0,"cards_obtained":["Catalyst"]},{"cards_removed":["Strike_G"],"damage_healed":0.0,"max_hp_gain":0.0,"max_hp_loss":0.0,"gold_gain":0.0,"event_name":"Designer","player_choice":"Upgrade and Remove","floor":22.0,"gold_loss":110.0,"damage_taken":0.0,"cards_upgraded":["Defend_G"]}],"is_beta":false,"boss_relics":[{"not_picked":["Eternal Feather","Busted Crown"],"picked":"Sozu"}],"items_purged_floors":[],"is_endless":false,"potions_floor_spawned":[4,8,14,18,21],"killed_by":"Snake Plant","ascension_level":15}