{"path_per_floor":["M","M","?","M","M","E","M","?","T","?","M","R","E","?","R","B",null,"M","$","M","M","M","R","M","?","T","M","M","E","?","?","R","B",null,"M","$","M","M","M","R","?","R","T","T","R","E","$","?","R","B"],"character_chosen":"THE_SILENT","items_purchased":["Noxious Fumes","Sadistic Nature","Blood Vial","Noxious Fumes","Poison Potion"],"gold_per_floor":[113,130,130,150,165,199,214,164,164,164,184,184,211,211,211,314,314,334,3,21,34,46,46,63,63,88,104,121,150,150,150,150,254,254,272,24,44,58,76,76,76,76,76,101,101,136,3,103,103,103],"floor_reached":51,"campfire_rested":4,"playtime":4831,"current_hp_per_floor":[69,69,69,69,67,44,41,41,41,46,46,46,42,27,49,34,75,66,66,66,55,49,49,48,48,48,42,31,5,5,5,27,17,75,62,62,49,36,38,60,60,60,60,60,60,62,62,62,75,38],"items_purged":["Strike_G","Strike_G"],"gold":103,"score":559,"play_id":"bba020ae-29d6-4b79-83d4-2d11b051c0d0","is_prod":false,"is_daily":false,"is_ascension_mode":false,"campfire_upgraded":1,"path_taken":["M","M","?","?","M","E","M","?","T","?","M","R","E","?","R","BOSS","M","$","M","M","M","R","M","?","T","M","M","E","?","?","R","BOSS","M","$","?","M","M","R","?","R","T","?","R","E","?","?","R","BOSS"],"build_version":"2018-02-15-PROD1","purchased_purges":2,"victory":true,"master_deck":["Defend_G","Defend_G","Defend_G","Defend_G+1","Defend_G","Survivor","Neutralize","Dagger Spray","Noxious Fumes+1","Deadly Poison","Skewer+1","Riddle With Holes","A Thousand Cuts+1","Caltrops+1","Footwork+1","Slice","After Image+1","Poisoned Stab","Noxious Fumes+1","Sadistic Nature+1","Poisoned Stab+1","Backstab+1","Tools of the Trade+1","Bouncing Flask+1","After Image+1","Acrobatics+1","Sucker Punch+1","Dash+1","Writhe","Tools of the Trade+1","Deadly Poison","Backflip+1","Prepared","Distraction","After Image+1","Distraction+1","Outmaneuver+1","Injury","Writhe","Dash+1","Noxious Fumes+1","Bouncing Flask"],"max_hp_per_floor":[70,70,70,70,70,70,70,70,70,75,75,75,75,75,75,75,75,75,75,75,75,75,75,75,75,75,75,75,75,75,75,75,75,75,75,75,75,75,75,75,75,75,75,75,75,75,75,75,75,75],"relics":["Ring of the Snake","Frozen Egg 2","Shovel","Bag of Preparation","Cursed Key","Vajra","Bronze Scales","Bag of Marbles","Tough Bandages","Orrery","Blood Vial","Ancient Tea Set","Dream Catcher","Lantern","Molten Egg 2","Juzu Bracelet"],"card_choices":[{"not_picked":["Backflip","Dagger Throw"],"picked":"Dagger Spray"},{"not_picked":["Deadly Poison","Leg Sweep"],"picked":"Noxious Fumes"},{"not_picked":["Dagger Throw","Flying Knee"],"picked":"Deadly Poison"},{"not_picked":["Dagger Spray","Prepared"],"picked":"Skewer"},{"not_picked":["Slice","Prepared"],"picked":"Riddle With Holes"},{"not_picked":["Poisoned Stab","Phantasmal Killer"],"picked":"A Thousand Cuts"},{"not_picked":["Distraction","Prepared"],"picked":"Caltrops"},{"not_picked":["Poisoned Stab","Prepared"],"picked":"Footwork"},{"not_picked":["Sucker Punch","Glass Knife"],"picked":"Slice"},{"not_picked":["Burst","Night Terror"],"picked":"After Image"},{"not_picked":["All Out Attack","Flying Knee"],"picked":"Poisoned Stab"},{"not_picked":["Deadly Poison","Dagger Throw"],"picked":"Poisoned Stab"},{"not_picked":["Choke","Skewer"],"picked":"Backstab"},{"not_picked":["PiercingWail","Sucker Punch"],"picked":"Tools of the Trade"},{"not_picked":["Malaise","Poisoned Stab"],"picked":"Bouncing Flask"},{"not_picked":["Backflip","Poisoned Stab"],"picked":"Acrobatics"},{"not_picked":["Eviscerate","Skewer"],"picked":"Sucker Punch"},{"not_picked":["Dodge and Roll","Deflect"],"picked":"Dash"},{"not_picked":["Doppelganger","Unload"],"picked":"Tools of the Trade"},{"not_picked":["Deflect","Slice"],"picked":"Deadly Poison"},{"not_picked":["Slice","Dagger Spray"],"picked":"Backflip"},{"not_picked":["Blur","Dodge and Roll"],"picked":"Prepared"},{"not_picked":["Dagger Throw","PiercingWail"],"picked":"Distraction"},{"not_picked":["Endless Agony","Dodge and Roll"],"picked":"After Image"},{"not_picked":["Flying Knee","Backflip"],"picked":"Distraction"},{"not_picked":["Expertise","Slice"],"picked":"Outmaneuver"},{"not_picked":["Slice","Dagger Throw"],"picked":"Dash"},{"not_picked":["Deflect","Dodge and Roll"],"picked":"Bouncing Flask"}],"player_experience":12259,"potions_floor_usage":[22,27,33,50,50],"damage_taken":[{"damage":1.0,"enemies":"Jaw Worm","floor":1.0,"turns":6.0},{"damage":0.0,"enemies":"Cultist","floor":2.0,"turns":3.0},{"damage":0.0,"enemies":"2 Louse","floor":4.0,"turns":2.0},{"damage":2.0,"enemies":"2 Fungi Beasts","floor":5.0,"turns":3.0},{"damage":23.0,"enemies":"3 Sentries","floor":6.0,"turns":7.0},{"damage":3.0,"enemies":"Red Slaver","floor":7.0,"turns":4.0},{"damage":0.0,"enemies":"Large Slime","floor":11.0,"turns":6.0},{"damage":4.0,"enemies":"Gremlin Nob","floor":13.0,"turns":4.0},{"damage":15.0,"enemies":"The Guardian","floor":16.0,"turns":9.0},{"damage":9,"enemies":"Spheric Guardian","floor":18,"turns":4},{"damage":0,"enemies":"Shell Parasite","floor":20,"turns":5},{"damage":11,"enemies":"Snake Plant","floor":21,"turns":4},{"damage":6,"enemies":"Snecko","floor":22,"turns":4},{"damage":1,"enemies":"3 Cultists","floor":24,"turns":4},{"damage":6,"enemies":"Sentry and Sphere","floor":27,"turns":4},{"damage":11,"enemies":"Cultist and Chosen","floor":28,"turns":4},{"damage":26,"enemies":"Gremlin Leader","floor":29,"turns":5},{"damage":10,"enemies":"Collector","floor":33,"turns":7},{"damage":13,"enemies":"3 Shapes","floor":35,"turns":5},{"damage":15,"enemies":"3 Darklings","floor":37,"turns":4},{"damage":15,"enemies":"Sphere and 2 Shapes","floor":38,"turns":4},{"damage":0,"enemies":"Maw","floor":39,"turns":6},{"damage":0,"enemies":"Nemesis","floor":46,"turns":7},{"damage":37,"enemies":"Donu and Deca","floor":50,"turns":7}],"event_choices":[{"event_name":"Purifier","player_choice":"One Purge","floor":3.0,"damage_taken":0.0},{"event_name":"The Cleric","player_choice":"Card Removal","floor":8.0,"damage_taken":0.0},{"event_name":"Big Fish","player_choice":"Donut","floor":10.0,"damage_taken":0.0},{"event_name":"Shining Light","player_choice":"Entered Light","floor":14.0,"damage_taken":0.0},{"event_name":"Duplicator","player_choice":"One dupe","floor":25,"damage_taken":0},{"event_name":"Back to Basics","player_choice":"Elegance","floor":30,"damage_taken":0},{"event_name":"The Mausoleum","player_choice":"Yes","floor":31,"damage_taken":0},{"event_name":"Purifier","player_choice":"One Purge","floor":41,"damage_taken":0},{"event_name":"Golden Shrine","player_choice":"Pray","floor":48,"damage_taken":0}],"boss_relics":[{"not_picked":["Ectoplasm","Calling Bell"],"picked":"Cursed Key"},{"not_picked":["Tiny House","Sozu"],"picked":"Orrery"}],"potions_floor_spawned":[4,5,6,7,21,24,28,29],"seed_played":"-7970760023574424139","ascension_level":0,"is_trial":false}