{"gold_per_floor":[118,118,43,63,77,111,121,121,121,121,21,54,66,99,99,99],"floor_reached":16,"playtime":678,"items_purged":["Regret","Parasite"],"score":240,"play_id":"b9f0356a-52bf-416e-b733-c63e8062bb99","local_time":"20190124005147","is_ascension_mode":true,"campfire_choices":[{"floor":8,"key":"REST"},{"data":"Consume","floor":15,"key":"SMITH"}],"neow_cost":"NONE","seed_source_timestamp":19731965057839,"circlet_count":0,"master_deck":["AscendersBane","Strike_B","Strike_B","Strike_B","Strike_B","Defend_B","Defend_B","Defend_B","Defend_B","Zap","Dualcast","Barrage","Cold Snap","Conserve Battery","Go for the Eyes","Consume+1","Hologram","Glacier","Biased Cognition","Undo"],"special_seed":0,"relics":["Orrery","Sundial","Mercury Hourglass","Dodecahedron","Vajra","Bottled Lightning"],"potions_floor_usage":[16],"damage_taken":[{"damage":6.0,"enemies":"2 Louse","floor":1.0,"turns":3.0},{"damage":7.0,"enemies":"Jaw Worm","floor":4.0,"turns":4.0},{"damage":0.0,"enemies":"Cultist","floor":5.0,"turns":4.0},{"damage":47,"enemies":"Gremlin Nob","floor":6,"turns":6},{"damage":2,"enemies":"Exordium Wildlife","floor":7,"turns":4},{"damage":9,"enemies":"3 Sentries","floor":12,"turns":9},{"damage":1,"enemies":"Red Slaver","floor":13,"turns":3},{"damage":18,"enemies":"Gremlin Nob","floor":14,"turns":4},{"damage":22,"enemies":"Hexaghost","floor":16,"turns":14}],"seed_played":"2275031162105278280","potions_obtained":[{"floor":1.0,"key":"Fruit Juice"},{"floor":12,"key":"Explosive Potion"},{"floor":14,"key":"Poison Potion"}],"is_trial":false,"path_per_floor":["?","?","$","M"],"character_chosen":"DEFECT","items_purchased":[],"campfire_rested":1,"item_purchase_floors":[],"current_hp_per_floor":[63,63,63,56,56,9,7,29,29,48,48,39,38,20,20,0],"gold":99,"neow_bonus":"BOSS_RELIC","is_prod":false,"is_daily":false,"chose_seed":false,"campfire_upgraded":1,"win_rate":0,"timestamp":1548262307,"path_taken":["M","?","$","M","M","E","M","R","T","?","?","E","?","E","R","BOSS"],"build_version":"2019-01-23","purchased_purges":2,"victory":false,"max_hp_per_floor":[76,76,76,76,76,76,76,76,76,76,73,73,73,73,73,73],"card_choices":[{"not_picked":["White Noise","Turbo"],"picked":"Barrage","floor":0.0},{"not_picked":["Compile Driver","Reprogram"],"picked":"Cold Snap","floor":0.0},{"not_picked":["Beam Cell","Steam Power"],"picked":"Conserve Battery","floor":0.0},{"not_picked":["Fusion","Compile Driver"],"picked":"Go for the Eyes","floor":0.0},{"not_picked":["Steam","Blizzard","Thunder Strike"],"picked":"SKIP","floor":1.0},{"not_picked":["BootSequence","Ball Lightning"],"picked":"Consume","floor":4.0},{"not_picked":["Hologram","Auto Shields","Barrage"],"picked":"SKIP","floor":5.0},{"not_picked":["Auto Shields","Barrage"],"picked":"Hologram","floor":5.0},{"not_picked":["Barrage","Ball Lightning","Gash"],"picked":"SKIP","floor":6},{"not_picked":["Barrage","Ball Lightning","Gash"],"picked":"SKIP","floor":6},{"not_picked":["Static Discharge","Barrage"],"picked":"Glacier","floor":7},{"not_picked":["Streamline","Turbo"],"picked":"Biased Cognition","floor":12},{"not_picked":["Compile Driver","Chaos","Stack"],"picked":"SKIP","floor":13},{"not_picked":["Compile Driver","Chaos","Stack"],"picked":"SKIP","floor":13},{"not_picked":["Consume","Rebound"],"picked":"Undo","floor":14}],"player_experience":2584429,"relics_obtained":[{"floor":6,"key":"Mercury Hourglass"},{"floor":9,"key":"Dodecahedron"},{"floor":12,"key":"Vajra"},{"floor":14,"key":"Bottled Lightning"}],"event_choices":[{"damage_healed":0.0,"max_hp_gain":0.0,"max_hp_loss":0.0,"gold_gain":0.0,"event_name":"Big Fish","player_choice":"Box","floor":2.0,"gold_loss":0.0,"damage_taken":0.0,"relics_obtained":["Sundial"],"cards_obtained":["Regret"]},{"damage_healed":19,"gold_gain":0,"player_choice":"Healed and dodged fight","damage_taken":0,"max_hp_gain":0,"max_hp_loss":0,"event_name":"Mushrooms","floor":10,"gold_loss":0,"cards_obtained":["Parasite"]}],"is_beta":false,"boss_relics":[],"items_purged_floors":[3,11],"is_endless":false,"potions_floor_spawned":[1,12,14],"killed_by":"Hexaghost","ascension_level":20}