{"gold_per_floor":[114,125,141,91,111,111,142,142,166,166,179,179,27,40,40,163,163,184,184,199,278,301,301,316,354,354,354,44,44],"floor_reached":29,"playtime":930,"items_purged":["Injury"],"score":319,"play_id":"57252513-1f70-4c05-984e-7c3ec90d5990","local_time":"25611123190439","is_ascension_mode":true,"campfire_choices":[{"data":"Hello World","floor":6.0,"key":"SMITH"},{"floor":8.0,"key":"REST"},{"floor":15.0,"key":"REST"},{"data":"Hyperbeam","floor":23.0,"key":"SMITH"},{"data":"Echo Form","floor":27.0,"key":"SMITH"}],"neow_cost":"NONE","seed_source_timestamp":12304395817959,"circlet_count":0,"master_deck":["Strike_B","Strike_B","Defend_B","Defend_B","Zap+1","Dualcast","Hello World+1","Barrage","Reinforced Body","Core Surge","Amplify","Reinforced Body+1","Doom and Gloom+1","Self Repair","Storm","Hyperbeam+1","Echo Form+1","Coolheaded+1","Ball Lightning","Force Field","Defragment","Mayhem","Melter+1"],"special_seed":0,"relics":["Philosopher\u0027s Stone","Blood Vial","Bag of Preparation","Juzu Bracelet","Golden Idol","Astrolabe","Meat on the Bone","Oddly Smooth Stone","Molten Egg 2"],"potions_floor_usage":[],"damage_taken":[{"damage":2.0,"enemies":"Cultist","floor":1.0,"turns":3.0},{"damage":3.0,"enemies":"Jaw Worm","floor":2.0,"turns":5.0},{"damage":0.0,"enemies":"2 Louse","floor":3.0,"turns":3.0},{"damage":11.0,"enemies":"2 Fungi Beasts","floor":5.0,"turns":4.0},{"damage":46.0,"enemies":"Gremlin Nob","floor":7.0,"turns":5.0},{"damage":1.0,"enemies":"Exordium Wildlife","floor":11.0,"turns":4.0},{"damage":4.0,"enemies":"3 Louse","floor":14.0,"turns":4.0},{"damage":13.0,"enemies":"The Guardian","floor":16.0,"turns":9.0},{"damage":5.0,"enemies":"Chosen","floor":18.0,"turns":4.0},{"damage":24.0,"enemies":"2 Thieves","floor":20.0,"turns":3.0},{"damage":18.0,"enemies":"Snake Plant","floor":22.0,"turns":4.0},{"damage":14.0,"enemies":"Chosen and Byrds","floor":24.0,"turns":4.0},{"damage":39.0,"enemies":"Slavers","floor":25.0,"turns":5.0},{"damage":54,"enemies":"Book of Stabbing","floor":29,"turns":5}],"seed_played":"-5347665173896768618","potions_obtained":[{"floor":1.0,"key":"FocusPotion"},{"floor":14.0,"key":"Strength Potion"},{"floor":16.0,"key":"Fire Potion"},{"floor":22.0,"key":"Ancient Potion"},{"floor":24.0,"key":"Ancient Potion"},{"floor":25.0,"key":"Strength Potion"}],"is_trial":false,"path_per_floor":["M","M","M","?","M","R","E","R","T","?","M","?","$","M","R","B",null,"M","?","M","T","M","R","M","E","T","R","$","E"],"character_chosen":"DEFECT","items_purchased":["FocusPotion","Defragment","Mayhem","Melter+1"],"campfire_rested":2,"item_purchase_floors":[13,28,28,28],"current_hp_per_floor":[66,63,63,63,54,54,10,32,32,32,33,33,33,31,53,42,67,64,64,56,56,54,54,56,45,45,45,45,0],"gold":44,"neow_bonus":"BOSS_RELIC","is_prod":false,"is_daily":false,"chose_seed":false,"campfire_upgraded":3,"win_rate":0,"timestamp":1542974679,"path_taken":["M","M","?","?","?","R","E","R","T","?","M","?","?","M","R","BOSS","M","?","M","?","M","R","M","E","T","R","$","E"],"build_version":"2018-11-15","purchased_purges":1,"victory":false,"max_hp_per_floor":[75,75,75,75,75,75,75,75,75,75,75,75,75,75,75,75,75,75,75,75,75,75,75,75,75,75,75,75,75],"card_choices":[{"not_picked":["Rip and Tear","Rebound"],"picked":"Hello World","floor":1.0},{"not_picked":["Go for the Eyes","Blizzard"],"picked":"Barrage","floor":2.0},{"not_picked":["Darkness","Sweeping Beam","Chaos"],"picked":"SKIP","floor":3.0},{"not_picked":["Consume","Blizzard","Gash"],"picked":"SKIP","floor":5.0},{"not_picked":["Go for the Eyes","Leap"],"picked":"Reinforced Body","floor":7.0},{"not_picked":["Conserve Battery","Coolheaded"],"picked":"Core Surge","floor":11.0},{"not_picked":["Compile Driver","Barrage","Skim"],"picked":"SKIP","floor":14.0},{"not_picked":["Seek","Core Surge"],"picked":"Amplify","floor":16.0},{"not_picked":["Ball Lightning","Cold Snap"],"picked":"Self Repair","floor":18.0},{"not_picked":["Cold Snap","Conserve Battery+1"],"picked":"Echo Form","floor":20.0},{"not_picked":["Heatsinks","Capacitor+1"],"picked":"Coolheaded+1","floor":22.0},{"not_picked":["Go for the Eyes","Lockon"],"picked":"Ball Lightning","floor":24.0},{"not_picked":["Static Discharge","Turbo+1"],"picked":"Force Field","floor":25.0}],"player_experience":169967,"relics_obtained":[{"floor":7.0,"key":"Bag of Preparation"},{"floor":9.0,"key":"Juzu Bracelet"},{"floor":21.0,"key":"Meat on the Bone"},{"floor":25.0,"key":"Oddly Smooth Stone"},{"floor":26.0,"key":"Molten Egg 2"}],"event_choices":[{"damage_healed":0.0,"max_hp_gain":0.0,"max_hp_loss":0.0,"gold_gain":0.0,"event_name":"WeMeetAgain","player_choice":"Paid Gold","floor":4.0,"gold_loss":50.0,"damage_taken":0.0,"relics_obtained":["Blood Vial"]},{"damage_healed":0.0,"max_hp_gain":0.0,"max_hp_loss":0.0,"gold_gain":0.0,"event_name":"Living Wall","player_choice":"Grow","floor":10.0,"gold_loss":0.0,"damage_taken":0.0,"cards_upgraded":["Zap"]},{"damage_healed":0.0,"max_hp_gain":0.0,"max_hp_loss":0.0,"gold_gain":0.0,"event_name":"Golden Idol","player_choice":"Take Wound","floor":12.0,"gold_loss":0.0,"damage_taken":0.0,"relics_obtained":["Golden Idol"],"cards_obtained":["Injury"]},{"damage_healed":0.0,"max_hp_gain":0.0,"max_hp_loss":0.0,"gold_gain":0.0,"cards_transformed":["Aggregate","Defend_B"],"event_name":"Drug Dealer","player_choice":"Became Test Subject","floor":19.0,"gold_loss":0.0,"damage_taken":0.0,"cards_obtained":["Storm","Hyperbeam"]}],"is_beta":false,"boss_relics":[{"not_picked":["Runic Pyramid","Ectoplasm"],"picked":"Astrolabe"}],"items_purged_floors":[13],"is_endless":false,"potions_floor_spawned":[1,14,16,22,24,25],"killed_by":"Book of Stabbing","ascension_level":6}