{"gold_per_floor":[16,26,38,38,113,113,145,159,207,222,222,238,238,248,248,343,343,358,377,389,389,19,38,54,69,93,107,134,146,146,346,346,460,472,501,533,560,589,614,654,682,694,730,742,773,113,125,137,137,137],"floor_reached":51,"playtime":5855,"items_purged":["Blind"],"score":788,"play_id":"b5817a7d-fe9e-4369-9b17-92faa5b5fa0a","local_time":"20190105000323","is_ascension_mode":false,"campfire_choices":[{"data":"Electrodynamics","floor":6,"key":"SMITH"},{"data":"Storm","floor":11,"key":"SMITH"},{"data":"Genetic Algorithm","floor":15,"key":"SMITH"},{"floor":30,"key":"DIG"},{"floor":32,"key":"DIG"},{"data":"Thunder Strike","floor":44,"key":"SMITH"},{"floor":49,"key":"REST"}],"neow_cost":"NO_GOLD","seed_source_timestamp":14103919120126,"circlet_count":0,"master_deck":["Strike_B","Strike_B","Strike_B","Strike_B","Defend_B","Defend_B","Defend_B","Defend_B","Zap","Dualcast+1","Electrodynamics+1","White Noise","Storm+1","Ball Lightning","Coolheaded+1","Steam","Genetic Algorithm+1","Steam","Leap","Amplify","Redo","Loop","Conserve Battery+1","White Noise","Conserve Battery+1","Leap","Compile Driver+1","Conserve Battery+1","Thunder Strike+1","Storm+1","Rebound+1","Streamline+1","Tempest","Chaos+1","Capacitor","Thunder Strike","Self Repair+1"],"relics":["Cracked Core","Meat on the Bone","Bag of Preparation","War Paint","Velvet Choker","Anchor","Shovel","Blood Vial","Gremlin Horn","Potion Belt","MawBank","Nuclear Battery","Matryoshka","Lantern","PreservedInsect","Pear","ClockworkSouvenir"],"potions_floor_usage":[14,41,50],"damage_taken":[{"damage":6,"enemies":"Jaw Worm","floor":1,"turns":3},{"damage":0,"enemies":"Small Slimes","floor":2,"turns":3},{"damage":1,"enemies":"Cultist","floor":3,"turns":3},{"damage":8,"enemies":"Gremlin Nob","floor":7,"turns":3},{"damage":1,"enemies":"2 Fungi Beasts","floor":8,"turns":2},{"damage":12,"enemies":"Gremlin Gang","floor":10,"turns":2},{"damage":14,"enemies":"Exordium Thugs","floor":12,"turns":3},{"damage":0,"enemies":"Large Slime","floor":14,"turns":3},{"damage":0,"enemies":"Slime Boss","floor":16,"turns":6},{"damage":0,"enemies":"Spheric Guardian","floor":18,"turns":3},{"damage":2,"enemies":"Shell Parasite","floor":19,"turns":4},{"damage":25,"enemies":"Snake Plant","floor":20,"turns":3},{"damage":0,"enemies":"Sentry and Sphere","floor":23,"turns":3},{"damage":0,"enemies":"Cultist and Chosen","floor":24,"turns":3},{"damage":8,"enemies":"Centurion and Healer","floor":25,"turns":4},{"damage":0,"enemies":"Snecko","floor":27,"turns":4},{"damage":3,"enemies":"Slavers","floor":28,"turns":2},{"damage":1,"enemies":"Snake Plant","floor":29,"turns":3},{"damage":22,"enemies":"Automaton","floor":33,"turns":10},{"damage":0,"enemies":"Orb Walker","floor":35,"turns":4},{"damage":8,"enemies":"3 Shapes","floor":36,"turns":2},{"damage":0,"enemies":"Spire Growth","floor":37,"turns":4},{"damage":0,"enemies":"Sphere and 2 Shapes","floor":38,"turns":4},{"damage":9,"enemies":"Writhing Mass","floor":39,"turns":5},{"damage":39,"enemies":"Reptomancer","floor":40,"turns":6},{"damage":5,"enemies":"Spire Growth","floor":41,"turns":3},{"damage":0,"enemies":"Sphere and 2 Shapes","floor":45,"turns":2},{"damage":20,"enemies":"4 Shapes","floor":47,"turns":3},{"damage":3,"enemies":"3 Darklings","floor":48,"turns":4},{"damage":38,"enemies":"Time Eater","floor":50,"turns":7}],"seed_played":"4070270006716784624","potions_obtained":[{"floor":1,"key":"Strength Potion"},{"floor":2,"key":"Strength Potion"},{"floor":7,"key":"Block Potion"},{"floor":10,"key":"Swift Potion"},{"floor":18,"key":"SteroidPotion"},{"floor":24,"key":"AttackPotion"},{"floor":28,"key":"Energy Potion"},{"floor":35,"key":"Ancient Potion"},{"floor":47,"key":"AttackPotion"},{"floor":48,"key":"GamblersBrew"}],"is_trial":false,"path_per_floor":["M","M","M","?","?","R","E","M","T","M","R","M","?","M","R","B",null,"M","M","M","?","$","M","M","M","T","M","E","M","R","?","R","B",null,"M","M","M","M","M","E","M","?","T","R","M","$","M","M","R","B",null],"character_chosen":"DEFECT","items_purchased":["White Noise","Shovel","Capacitor","Thunder Strike","Pear","ClockworkSouvenir"],"campfire_rested":1,"item_purchase_floors":[22,22,46,46,46,46],"current_hp_per_floor":[69,69,68,65,54,54,46,45,45,45,45,43,48,48,48,48,80,80,78,53,53,53,53,53,45,45,47,46,47,47,47,47,39,80,80,72,74,76,69,44,41,41,41,41,43,53,47,56,83,67],"gold":137,"neow_bonus":"THREE_RARE_CARDS","is_prod":false,"is_daily":false,"chose_seed":false,"campfire_upgraded":4,"win_rate":0.0,"timestamp":1546653803,"path_taken":["M","M","M","?","?","R","E","M","T","M","R","M","?","M","R","BOSS","M","M","M","?","$","?","M","M","T","M","E","M","R","?","R","BOSS","M","M","M","M","?","E","M","?","T","R","M","$","M","M","R","BOSS"],"build_version":"2018-12-20","purchased_purges":1,"victory":true,"max_hp_per_floor":[75,75,75,75,75,75,75,75,75,75,75,75,80,80,80,80,80,80,80,80,80,80,80,80,80,80,80,80,80,80,80,80,80,80,80,80,80,80,80,80,80,80,80,80,80,90,90,90,90,90],"card_choices":[{"not_picked":["Creative AI","All For One"],"picked":"Electrodynamics","floor":0},{"not_picked":["Scrape","Aggregate"],"picked":"White Noise","floor":1},{"not_picked":["Defragment","Compile Driver"],"picked":"Storm","floor":2},{"not_picked":["Aggregate","Streamline"],"picked":"Ball Lightning","floor":3},{"not_picked":["Doom and Gloom","Aggregate"],"picked":"Coolheaded","floor":7},{"not_picked":["Beam Cell","Multi-Cast"],"picked":"Steam","floor":8},{"not_picked":["Conserve Battery","Redo"],"picked":"Genetic Algorithm","floor":10},{"not_picked":["Rip and Tear","Scrape"],"picked":"Steam","floor":12},{"not_picked":["Compile Driver","Barrage"],"picked":"Leap","floor":14},{"not_picked":["Seek","Rainbow"],"picked":"Amplify","floor":16},{"not_picked":["Gash","Coolheaded"],"picked":"Redo","floor":18},{"not_picked":["Double Energy","Rip and Tear"],"picked":"Loop","floor":19},{"not_picked":["Consume","Storm+1"],"picked":"Conserve Battery+1","floor":20},{"not_picked":["Chill","Auto Shields"],"picked":"Conserve Battery+1","floor":23},{"not_picked":["All For One","Fusion"],"picked":"Leap","floor":24},{"not_picked":["Heatsinks","Chaos"],"picked":"Compile Driver+1","floor":25},{"not_picked":["Glacier","Chaos","Gash"],"picked":"SKIP","floor":27},{"not_picked":["Leap","Beam Cell","Heatsinks"],"picked":"SKIP","floor":28},{"not_picked":["Hologram","Beam Cell"],"picked":"Conserve Battery+1","floor":29},{"not_picked":["Rainbow","Echo Form"],"picked":"Thunder Strike","floor":33},{"not_picked":["Compile Driver","Steam+1"],"picked":"Storm+1","floor":35},{"not_picked":["Reprogram","Undo+1","Steam+1"],"picked":"SKIP","floor":36},{"not_picked":["Fusion","Beam Cell","Gash"],"picked":"SKIP","floor":37},{"not_picked":["Go for the Eyes+1","Steam"],"picked":"Rebound+1","floor":38},{"not_picked":["Heatsinks+1","Rebound"],"picked":"Streamline+1","floor":39},{"not_picked":["Reboot","Stack+1","Consume"],"picked":"SKIP","floor":40},{"not_picked":["Barrage","Redo+1"],"picked":"Tempest","floor":41},{"not_picked":["Enlightenment","Swift Strike"],"picked":"Blind","floor":42},{"not_picked":["Cold Snap","Leap"],"picked":"Chaos+1","floor":45},{"not_picked":["Cold Snap+1","Go for the Eyes+1"],"picked":"Self Repair+1","floor":47},{"not_picked":["Redo+1","Go for the Eyes+1","Leap"],"picked":"SKIP","floor":48}],"player_experience":55048,"relics_obtained":[{"floor":7,"key":"Bag of Preparation"},{"floor":9,"key":"War Paint"},{"floor":26,"key":"Blood Vial"},{"floor":28,"key":"Gremlin Horn"},{"floor":30,"key":"Potion Belt"},{"floor":32,"key":"MawBank"},{"floor":40,"key":"Matryoshka"},{"floor":43,"key":"Lantern"},{"floor":43,"key":"PreservedInsect"}],"event_choices":[{"damage_healed":0,"gold_gain":0,"player_choice":"Success","damage_taken":3,"relics_obtained":["Meat on the Bone"],"max_hp_gain":0,"max_hp_loss":0,"event_name":"Scrap Ooze","floor":4,"gold_loss":0},{"damage_healed":0,"gold_gain":75,"player_choice":"Gather Gold","damage_taken":11,"max_hp_gain":0,"max_hp_loss":0,"event_name":"World of Goop","floor":5,"gold_loss":0},{"damage_healed":0,"gold_gain":0,"player_choice":"Donut","damage_taken":0,"max_hp_gain":5,"max_hp_loss":0,"event_name":"Big Fish","floor":13,"gold_loss":0},{"damage_healed":0,"gold_gain":0,"player_choice":"Gave Potion","damage_taken":0,"relics_obtained":["Anchor"],"max_hp_gain":0,"max_hp_loss":0,"event_name":"WeMeetAgain","floor":21,"gold_loss":0},{"damage_healed":0,"gold_gain":200,"player_choice":"Gold","damage_taken":0,"max_hp_gain":0,"max_hp_loss":0,"event_name":"Wheel of Change","floor":31,"gold_loss":0},{"damage_healed":0,"gold_gain":0,"player_choice":"Memory 1","damage_taken":0,"max_hp_gain":0,"max_hp_loss":0,"event_name":"SensoryStone","floor":42,"gold_loss":0}],"is_beta":false,"boss_relics":[{"not_picked":["Tiny House","White Beast Statue"],"picked":"Velvet Choker"},{"not_picked":["Fusion Hammer","FrozenCore"],"picked":"Nuclear Battery"}],"items_purged_floors":[46],"is_endless":false,"potions_floor_spawned":[1,2,7,10,18,19,24,28,35,47,48],"ascension_level":0}