{"gold_per_floor":[13,13,29,39,56,87,87,87,87,120,131,56,81,97,97,199,249,266,278,291,49,69,104,104,136,184,211,229,229,254,266,266,368,368,386,396,396,199,209,209,7,21,66,101,101,120,130,0,0,0],"floor_reached":51,"playtime":2279,"items_purged":["Strike_R","Normality","Normality"],"score":907,"play_id":"6b769a20-6bc6-41d4-a7fd-79c9796bcdaf","local_time":"25611029200806","is_ascension_mode":true,"campfire_choices":[{"data":"Double Tap","floor":7.0,"key":"SMITH"},{"data":"Uppercut","floor":15.0,"key":"SMITH"},{"data":"Metallicize","floor":24.0,"key":"SMITH"},{"data":"Pummel","floor":29.0,"key":"SMITH"},{"data":"Metallicize","floor":32.0,"key":"SMITH"},{"floor":40.0,"key":"REST"},{"floor":49,"key":"REST"}],"neow_cost":"NO_GOLD","seed_source_timestamp":17423582622257,"circlet_count":0,"master_deck":["Strike_R","Strike_R","Strike_R","Strike_R","Defend_R","Defend_R","Defend_R","Defend_R","Bash+1","Double Tap+1","Pummel","Pummel+1","Metallicize+1","Metallicize+1","Uppercut+1","Reaper","Flex","Ghostly Armor","True Grit","Impervious","Whirlwind+1","Shockwave+1","Sever Soul+1","Iron Wave+1","Disarm+1","Inflame","Blood for Blood+1","Warcry+1","Bludgeon+1","Regret","Flex+1","Whirlwind+1","True Grit+1","Sever Soul+1","Metallicize","Spot Weakness+1","Inflame+1","Blind+1","Feel No Pain+1","Dropkick+1"],"special_seed":0,"relics":["Burning Blood","Pantograph","Mummified Hand","Dodecahedron","Boot","Orichalcum","Tiny House","Bottled Lightning","Anchor","Toxic Egg 2","Ancient Tea Set","Lantern","Bag of Marbles","Calling Bell","Red Skull","Kunai","Shovel","Vajra","Strawberry","Red Mask"],"potions_floor_usage":[50,50],"damage_taken":[{"damage":0.0,"enemies":"2 Louse","floor":1.0,"turns":3.0},{"damage":7.0,"enemies":"Jaw Worm","floor":3.0,"turns":4.0},{"damage":10.0,"enemies":"Cultist","floor":4.0,"turns":4.0},{"damage":9.0,"enemies":"Exordium Wildlife","floor":5.0,"turns":5.0},{"damage":16.0,"enemies":"Gremlin Nob","floor":6.0,"turns":4.0},{"damage":11.0,"enemies":"3 Sentries","floor":10.0,"turns":7.0},{"damage":14.0,"enemies":"Looter","floor":11.0,"turns":3.0},{"damage":15.0,"enemies":"Gremlin Nob","floor":13.0,"turns":4.0},{"damage":0.0,"enemies":"2 Fungi Beasts","floor":14.0,"turns":2.0},{"damage":51.0,"enemies":"Slime Boss","floor":16.0,"turns":16.0},{"damage":6.0,"enemies":"Chosen","floor":18.0,"turns":3.0},{"damage":10.0,"enemies":"Shell Parasite","floor":19.0,"turns":3.0},{"damage":12.0,"enemies":"Snecko","floor":20.0,"turns":5.0},{"damage":0.0,"enemies":"Chosen and Byrds","floor":22.0,"turns":4.0},{"damage":44.0,"enemies":"Book of Stabbing","floor":23.0,"turns":8.0},{"damage":12.0,"enemies":"Gremlin Leader","floor":25.0,"turns":5.0},{"damage":16.0,"enemies":"Slavers","floor":27.0,"turns":7.0},{"damage":15.0,"enemies":"Centurion and Healer","floor":28.0,"turns":5.0},{"damage":0.0,"enemies":"Gremlin Leader","floor":30.0,"turns":2.0},{"damage":4.0,"enemies":"3 Cultists","floor":31.0,"turns":4.0},{"damage":6.0,"enemies":"Collector","floor":33.0,"turns":6.0},{"damage":19.0,"enemies":"3 Darklings","floor":35.0,"turns":7.0},{"damage":4.0,"enemies":"Orb Walker","floor":36.0,"turns":3.0},{"damage":76.0,"enemies":"Sphere and 2 Shapes","floor":39.0,"turns":7.0},{"damage":26.0,"enemies":"Writhing Mass","floor":42.0,"turns":6.0},{"damage":22.0,"enemies":"Nemesis","floor":44.0,"turns":7.0},{"damage":20.0,"enemies":"Spire Growth","floor":46.0,"turns":5.0},{"damage":10,"enemies":"3 Darklings","floor":47,"turns":6},{"damage":53,"enemies":"Time Eater","floor":50,"turns":10}],"seed_played":"2833764050355868528","potions_obtained":[{"floor":1.0,"key":"Energy Potion"},{"floor":4.0,"key":"LiquidBronze"},{"floor":5.0,"key":"Fire Potion"},{"floor":10.0,"key":"SpeedPotion"},{"floor":14.0,"key":"Explosive Potion"},{"floor":16.0,"key":"Dexterity Potion"},{"floor":17.0,"key":"Explosive Potion"},{"floor":22.0,"key":"SkillPotion"},{"floor":27.0,"key":"PowerPotion"},{"floor":30.0,"key":"FearPotion"},{"floor":31.0,"key":"FearPotion"},{"floor":36.0,"key":"FearPotion"},{"floor":44.0,"key":"Dexterity Potion"},{"floor":47,"key":"SkillPotion"}],"is_trial":false,"path_per_floor":["M","?","M","M","M","E","R","?","T","E","M","$","E","M","R","B",null,"M","M","M","$","M","E","R","E","T","E","M","R","E","M","R","B",null,"M","M","?","$","M","R","$","M","T","E","?","M","M","?","R","B"],"character_chosen":"IRONCLAD","items_purchased":["Bottled Lightning","True Grit+1","PowerPotion","Metallicize"],"campfire_rested":2,"item_purchase_floors":[21,38,38,41],"current_hp_per_floor":[80,80,79,75,72,62,62,59,59,54,50,50,41,59,59,45,85,85,81,79,79,85,53,53,79,79,81,72,72,78,85,85,85,85,72,74,74,74,14,39,39,19,19,31,31,17,43,43,70,45],"gold":0,"neow_bonus":"THREE_RARE_CARDS","is_prod":false,"is_daily":false,"chose_seed":false,"campfire_upgraded":5,"win_rate":1,"timestamp":1540818486,"path_taken":["M","?","?","M","M","E","R","?","T","E","M","$","E","M","R","BOSS","M","M","M","$","M","E","R","E","T","E","M","R","E","M","R","BOSS","M","M","?","?","M","R","$","M","T","E","?","M","M","?","R","BOSS"],"build_version":"2018-10-25v2","purchased_purges":3,"victory":true,"max_hp_per_floor":[80,80,80,80,80,80,80,80,80,80,80,80,80,80,80,80,85,85,85,85,85,85,85,85,85,85,85,85,85,85,85,85,85,85,85,85,85,85,85,85,85,85,85,92,92,92,92,92,92,92],"card_choices":[{"not_picked":["Brutality","Berserk"],"picked":"Double Tap","floor":0.0},{"not_picked":["Combust","Perfected Strike"],"picked":"Pummel","floor":1.0},{"not_picked":["Sword Boomerang","Entrench"],"picked":"Pummel","floor":3.0},{"not_picked":["Body Slam","Iron Wave"],"picked":"Metallicize","floor":4.0},{"not_picked":["Body Slam","Infernal Blade"],"picked":"Metallicize","floor":5.0},{"not_picked":["Clothesline","Perfected Strike"],"picked":"Uppercut","floor":6.0},{"not_picked":["Reckless Charge","Metallicize"],"picked":"Reaper","floor":10.0},{"not_picked":["Iron Wave","Entrench"],"picked":"Flex","floor":11.0},{"not_picked":["Carnage","Perfected Strike"],"picked":"Ghostly Armor","floor":13.0},{"not_picked":["Cleave","Dropkick"],"picked":"True Grit","floor":14.0},{"not_picked":["Limit Break","Dark Embrace"],"picked":"Impervious","floor":16.0},{"not_picked":["Heavy Blade","Warcry","Body Slam"],"picked":"SKIP","floor":18.0},{"not_picked":["Headbutt","True Grit"],"picked":"Whirlwind+1","floor":19.0},{"not_picked":["Offering","Cleave"],"picked":"Shockwave+1","floor":20.0},{"not_picked":["Shockwave+1","Sword Boomerang","Iron Wave"],"picked":"SKIP","floor":22.0},{"not_picked":["Heavy Blade","Power Through"],"picked":"Sever Soul+1","floor":23.0},{"not_picked":["Pommel Strike","Hemokinesis+1"],"picked":"Iron Wave+1","floor":25.0},{"not_picked":["Fiend Fire","Perfected Strike+1"],"picked":"Disarm+1","floor":27.0},{"not_picked":["Seeing Red+1","Clash"],"picked":"Inflame","floor":28.0},{"not_picked":["Reckless Charge","Headbutt"],"picked":"Blood for Blood+1","floor":30.0},{"not_picked":["Reckless Charge","Thunderclap"],"picked":"Warcry+1","floor":31.0},{"not_picked":["Barricade","Limit Break+1"],"picked":"Bludgeon","floor":33.0},{"not_picked":["Clothesline+1","Thunderclap"],"picked":"Flex+1","floor":35.0},{"not_picked":["Entrench+1","Rupture+1"],"picked":"Whirlwind+1","floor":36.0},{"not_picked":["Uppercut","Warcry+1"],"picked":"Sever Soul+1","floor":39.0},{"not_picked":["Infernal Blade+1","Whirlwind+1"],"picked":"Spot Weakness+1","floor":42.0},{"not_picked":["Flex+1","Perfected Strike+1"],"picked":"Inflame+1","floor":44.0},{"not_picked":["Trip+1","Swift Strike"],"picked":"Blind+1","floor":45.0},{"not_picked":["Searing Blow+1","Clash"],"picked":"Feel No Pain+1","floor":46.0},{"not_picked":["Entrench+1","Warcry+1"],"picked":"Dropkick+1","floor":47}],"player_experience":4673,"relics_obtained":[{"floor":6.0,"key":"Pantograph"},{"floor":9.0,"key":"Dodecahedron"},{"floor":10.0,"key":"Boot"},{"floor":13.0,"key":"Orichalcum"},{"floor":23.0,"key":"Anchor"},{"floor":25.0,"key":"Toxic Egg 2"},{"floor":26.0,"key":"Ancient Tea Set"},{"floor":27.0,"key":"Lantern"},{"floor":30.0,"key":"Bag of Marbles"},{"floor":34.0,"key":"Red Skull"},{"floor":34.0,"key":"Kunai"},{"floor":34.0,"key":"Shovel"},{"floor":43.0,"key":"Vajra"},{"floor":44.0,"key":"Strawberry"}],"event_choices":[{"damage_healed":0.0,"max_hp_gain":0.0,"max_hp_loss":0.0,"gold_gain":0.0,"event_name":"The Cleric","player_choice":"Leave","floor":2.0,"gold_loss":0.0,"damage_taken":0.0},{"damage_healed":0.0,"max_hp_gain":0.0,"max_hp_loss":0.0,"gold_gain":0.0,"event_name":"Scrap Ooze","player_choice":"Success","floor":8.0,"gold_loss":0.0,"damage_taken":3.0,"relics_obtained":["Mummified Hand"]},{"damage_healed":0.0,"max_hp_gain":0.0,"max_hp_loss":0.0,"gold_gain":0.0,"event_name":"Upgrade Shrine","player_choice":"Upgraded","floor":37.0,"gold_loss":0.0,"damage_taken":0.0,"cards_upgraded":["Bludgeon"]},{"damage_healed":0.0,"max_hp_gain":0.0,"max_hp_loss":0.0,"gold_gain":0.0,"event_name":"SensoryStone","player_choice":"Memory 1","floor":45.0,"gold_loss":0.0,"damage_taken":0.0},{"damage_healed":0,"gold_gain":0,"player_choice":"Paid","damage_taken":0,"relics_obtained":["Red Mask"],"max_hp_gain":0,"max_hp_loss":0,"event_name":"Tomb of Lord Red Mask","floor":48,"gold_loss":130}],"is_beta":false,"boss_relics":[{"not_picked":["Runic Cube","Eternal Feather"],"picked":"Tiny House"},{"not_picked":["Mark of Pain","Lizard Tail"],"picked":"Calling Bell"}],"items_purged_floors":[12,38,41],"is_endless":false,"potions_floor_spawned":[1,4,5,10,14,16,22,27,30,31,36,44,47],"ascension_level":2}