{"gold_per_floor":[12,12,12,25,38,38,65,81,106,30,30,41,54,67,67,169,169,182,182,202,202,48,66,81,91,117,117,132,132,148,166,166,166],"floor_reached":33,"playtime":1107,"items_purged":[],"score":370,"play_id":"44aa12bc-76a2-4ae1-a830-eb3de3161b33","local_time":"25611208210330","is_ascension_mode":true,"campfire_choices":[{"data":"Static Discharge","floor":6.0,"key":"SMITH"},{"data":"Static Discharge","floor":11.0,"key":"SMITH"},{"floor":15.0,"key":"REST"},{"floor":27.0,"key":"REST"},{"floor":29.0,"key":"REST"},{"floor":32,"key":"REST"}],"neow_cost":"NO_GOLD","seed_source_timestamp":27901090155440,"circlet_count":0,"master_deck":["Strike_B","Strike_B","Defend_B","Defend_B","Defend_B","Zap","Dualcast","Electrodynamics","Sunder+1","Coolheaded","Static Discharge+1","Conserve Battery","Static Discharge+1","Capacitor","Storm","Loop","Force Field","Undo","Fission","Barrage+1"],"special_seed":0,"relics":["Cracked Core","Orichalcum","Vajra","Sozu","Happy Flower"],"potions_floor_usage":[30,33],"damage_taken":[{"damage":8.0,"enemies":"Small Slimes","floor":1.0,"turns":2.0},{"damage":7.0,"enemies":"Jaw Worm","floor":4.0,"turns":4.0},{"damage":1.0,"enemies":"Cultist","floor":5.0,"turns":3.0},{"damage":13.0,"enemies":"3 Sentries","floor":7.0,"turns":2.0},{"damage":0.0,"enemies":"Exordium Wildlife","floor":8.0,"turns":3.0},{"damage":3.0,"enemies":"Looter","floor":12.0,"turns":2.0},{"damage":27.0,"enemies":"Exordium Thugs","floor":13.0,"turns":4.0},{"damage":0.0,"enemies":"Large Slime","floor":14.0,"turns":4.0},{"damage":24.0,"enemies":"Slime Boss","floor":16.0,"turns":5.0},{"damage":5.0,"enemies":"Spheric Guardian","floor":18.0,"turns":3.0},{"damage":8.0,"enemies":"Shell Parasite","floor":20.0,"turns":4.0},{"damage":7.0,"enemies":"Sentry and Sphere","floor":23.0,"turns":5.0},{"damage":5.0,"enemies":"Centurion and Healer","floor":24.0,"turns":7.0},{"damage":15.0,"enemies":"Snecko","floor":25.0,"turns":4.0},{"damage":30.0,"enemies":"Cultist and Chosen","floor":28.0,"turns":4.0},{"damage":3,"enemies":"Shelled Parasite and Fungi","floor":30,"turns":4},{"damage":4,"enemies":"Centurion and Healer","floor":31,"turns":5},{"damage":56,"enemies":"Collector","floor":33,"turns":7}],"seed_played":"1580350702191789928","potions_obtained":[{"floor":5.0,"key":"SkillPotion"},{"floor":7.0,"key":"PowerPotion"},{"floor":8.0,"key":"Ancient Potion"},{"floor":16.0,"key":"Swift Potion"}],"is_trial":false,"path_per_floor":["M","?","?","M","M","R","E","M","T","$","R","M","M","M","R","B",null,"M","?","M","?","$","M","M","M","T","R","M","R","M","M","R","B"],"character_chosen":"DEFECT","items_purchased":["Capacitor","Fission"],"campfire_rested":4,"item_purchase_floors":[10,22],"current_hp_per_floor":[60,60,60,53,52,52,39,39,39,39,39,36,9,9,31,7,58,53,53,45,45,45,38,33,18,18,40,10,32,29,25,47,0],"gold":166,"neow_bonus":"THREE_RARE_CARDS","is_prod":false,"is_daily":false,"chose_seed":false,"campfire_upgraded":2,"win_rate":0,"timestamp":1544277810,"path_taken":["M","?","?","?","M","R","E","M","T","$","R","M","M","M","R","BOSS","M","?","M","?","$","M","M","?","T","R","M","R","M","M","R","BOSS"],"build_version":"2018-12-06","purchased_purges":0,"victory":false,"max_hp_per_floor":[75,75,75,75,75,75,75,75,75,75,75,75,75,75,75,75,75,75,75,75,75,75,75,75,75,75,75,75,75,75,75,75,75],"card_choices":[{"not_picked":["All For One","Thunder Strike"],"picked":"Electrodynamics","floor":0.0},{"not_picked":["Gash","Steam Power"],"picked":"Sunder","floor":1.0},{"not_picked":["Force Field","Go for the Eyes"],"picked":"Static Discharge","floor":4.0},{"not_picked":["Beam Cell","Sweeping Beam","Blizzard"],"picked":"SKIP","floor":5.0},{"not_picked":["Auto Shields","Steam"],"picked":"Conserve Battery","floor":7.0},{"not_picked":["Scrape","Leap"],"picked":"Static Discharge","floor":8.0},{"not_picked":["Auto Shields","White Noise"],"picked":"Storm","floor":12.0},{"not_picked":["Compile Driver","Beam Cell","Rebound"],"picked":"SKIP","floor":13.0},{"not_picked":["Hello World","Gash"],"picked":"Loop","floor":14.0},{"not_picked":["Streamline","Conserve Battery","Sweeping Beam+1"],"picked":"SKIP","floor":18.0},{"not_picked":["Sweeping Beam","Coolheaded","Cold Snap+1"],"picked":"SKIP","floor":20.0},{"not_picked":["Lockon","Recycle","Gash+1"],"picked":"SKIP","floor":23.0},{"not_picked":["Hologram+1","Darkness","Beam Cell"],"picked":"SKIP","floor":24.0},{"not_picked":["Hologram","Scrape+1","Cold Snap"],"picked":"SKIP","floor":25.0},{"not_picked":["Steam Power","Hello World+1","Barrage"],"picked":"SKIP","floor":28.0},{"not_picked":["Skim","Undo+1"],"picked":"Barrage+1","floor":30},{"not_picked":["Scrape","Stack","Conserve Battery"],"picked":"SKIP","floor":31}],"player_experience":197506,"relics_obtained":[{"floor":7.0,"key":"Orichalcum"},{"floor":9.0,"key":"Vajra"},{"floor":26.0,"key":"Happy Flower"}],"event_choices":[{"damage_healed":0.0,"max_hp_gain":0.0,"max_hp_loss":0.0,"gold_gain":0.0,"event_name":"Living Wall","player_choice":"Grow","floor":2.0,"gold_loss":0.0,"damage_taken":0.0,"cards_upgraded":["Sunder"]},{"damage_healed":0.0,"max_hp_gain":0.0,"max_hp_loss":0.0,"gold_gain":0.0,"cards_transformed":["Strike_B"],"event_name":"Transmorgrifier","player_choice":"Transformed","floor":3.0,"gold_loss":0.0,"damage_taken":0.0,"cards_obtained":["Coolheaded"]},{"damage_healed":0.0,"max_hp_gain":0.0,"max_hp_loss":0.0,"gold_gain":0.0,"event_name":"Ghosts","player_choice":"Ignored","floor":19.0,"gold_loss":0.0,"damage_taken":0.0},{"damage_healed":0.0,"max_hp_gain":0.0,"max_hp_loss":0.0,"gold_gain":0.0,"cards_transformed":["Strike_B","Defend_B"],"event_name":"Drug Dealer","player_choice":"Became Test Subject","floor":21.0,"gold_loss":0.0,"damage_taken":0.0,"cards_obtained":["Force Field","Undo"]}],"is_beta":false,"boss_relics":[{"not_picked":["White Beast Statue","Runic Pyramid"],"picked":"Sozu"}],"items_purged_floors":[],"is_endless":false,"potions_floor_spawned":[5,7,8,16,18,23,24,25],"killed_by":"Collector","ascension_level":9}