{"gold_per_floor":[116,36,36,36,36,36,60,60,60,60,75,118,43,63,63,161,224,240,240,263,62,85,129,129,164,191,231,356,356,392,442,442,541,541,561,1560,1560,1585,412,412,443,97,168,168,117,160,160,200,200,200,200,200,200,25,64,64],"floor_reached":57,"playtime":3836,"items_purged":["Defend_G","Writhe","Normality","Normality","Strike_G"],"score":3666,"play_id":"d15278a6-9a2a-4618-805d-2ebe1f5c7207","local_time":"20190106192019","is_ascension_mode":true,"campfire_choices":[{"data":"Neutralize","floor":6.0,"key":"SMITH"},{"data":"Concentrate","floor":8.0,"key":"SMITH"},{"data":"Survivor","floor":10.0,"key":"SMITH"},{"data":"Calculated Gamble","floor":15.0,"key":"SMITH"},{"data":"Well Laid Plans","floor":24.0,"key":"SMITH"},{"data":"Expertise","floor":29.0,"key":"SMITH"},{"data":"Acrobatics","floor":32.0,"key":"SMITH"},{"data":"Tactician","floor":40.0,"key":"SMITH"},{"data":"Footwork","floor":44.0,"key":"SMITH"},{"floor":49,"key":"RECALL"},{"data":"Grand Finale","floor":53,"key":"SMITH"}],"neow_cost":"CURSE","seed_source_timestamp":12303835505777,"circlet_count":0,"master_deck":["AscendersBane","Defend_G","Defend_G","Defend_G","Defend_G","Strike_G","Strike_G","Strike_G","Survivor+1","Neutralize+1","Backstab","Concentrate+1","Dash","Calculated Gamble+1","Underhanded Strike+1","Grand Finale+1","Predator","Well Laid Plans+1","Deflect+1","Finesse","Acrobatics+1","Expertise+1","Tactician+1","Terror+1","Prepared+1","Blur+1","Purity+1","Footwork+1","Master of Strategy+1","Backflip+1","Impatience+1"],"special_seed":0,"relics":["Ring of the Snake","Ice Cream","Golden Idol","Ninja Scroll","Gambling Chip","Dodecahedron","Tiny House","Thread and Needle","Calipers","Du-Vu Doll","Bag of Marbles","Blue Candle","Nunchaku","Gremlin Horn","Toxic Egg 2","Busted Crown","Paper Crane","Medical Kit","Pantograph","Boot","Oddly Smooth Stone","Ornamental Fan","Bronze Scales"],"potions_floor_usage":[56],"damage_taken":[{"damage":1.0,"enemies":"Small Slimes","floor":1.0,"turns":4.0},{"damage":0.0,"enemies":"Jaw Worm","floor":7.0,"turns":3.0},{"damage":0.0,"enemies":"2 Louse","floor":11.0,"turns":1.0},{"damage":2.0,"enemies":"3 Sentries","floor":12.0,"turns":7.0},{"damage":0.0,"enemies":"Blue Slaver","floor":14.0,"turns":3.0},{"damage":31.0,"enemies":"The Guardian","floor":16.0,"turns":21.0},{"damage":0.0,"enemies":"3 Byrds","floor":18.0,"turns":2.0},{"damage":7.0,"enemies":"Shell Parasite","floor":20.0,"turns":6.0},{"damage":9.0,"enemies":"Cultist and Chosen","floor":22.0,"turns":3.0},{"damage":21.0,"enemies":"Book of Stabbing","floor":23.0,"turns":5.0},{"damage":0.0,"enemies":"Slavers","floor":25.0,"turns":1.0},{"damage":2.0,"enemies":"Book of Stabbing","floor":27.0,"turns":5.0},{"damage":0.0,"enemies":"Colosseum Slavers","floor":28.0,"turns":3.0},{"damage":0.0,"enemies":"Colosseum Nobs","floor":28.0,"turns":3.0},{"damage":0.0,"enemies":"Slavers","floor":30.0,"turns":4.0},{"damage":0.0,"enemies":"Champ","floor":33.0,"turns":10.0},{"damage":0.0,"enemies":"Orb Walker","floor":35.0,"turns":1.0},{"damage":0.0,"enemies":"3 Shapes","floor":38.0,"turns":3.0},{"damage":0.0,"enemies":"Reptomancer","floor":41.0,"turns":2.0},{"damage":0,"enemies":"Giant Head","floor":46,"turns":3},{"damage":0,"enemies":"Reptomancer","floor":48,"turns":2},{"damage":0,"enemies":"Donu and Deca","floor":50,"turns":4},{"damage":0,"enemies":"Time Eater","floor":51,"turns":14},{"damage":0,"enemies":"Shield and Spear","floor":55,"turns":1},{"damage":0,"enemies":"The Heart","floor":56,"turns":8}],"seed_played":"5247000083815379125","potions_obtained":[{"floor":1.0,"key":"Dexterity Potion"},{"floor":7.0,"key":"PowerPotion"},{"floor":11.0,"key":"Strength Potion"},{"floor":14.0,"key":"SteroidPotion"},{"floor":17.0,"key":"Swift Potion"},{"floor":22.0,"key":"AttackPotion"},{"floor":23.0,"key":"PowerPotion"},{"floor":27.0,"key":"SpeedPotion"},{"floor":38.0,"key":"AttackPotion"},{"floor":46,"key":"Fire Potion"},{"floor":55,"key":"Regen Potion"}],"is_trial":false,"path_per_floor":["M","$","?","?","?","R","M","R","T","R","M","E","$","M","R","B",null,"M","?","M","$","M","E","R","E","T","E","?","R","E","?","R","B",null,"M","?","?","M","$","R","E","$","T","R","$","E","?","E","R","B","B",null,"R","$","E","B",null],"character_chosen":"THE_SILENT","items_purchased":["Concentrate","Finesse","Paper Crane","Blur+1","Medical Kit","GhostInAJar","Purity+1","Footwork","Pantograph","Master of Strategy+1","Backflip+1"],"campfire_rested":0,"item_purchase_floors":[2,21,39,39,39,39,39,39,39,42,45],"current_hp_per_floor":[58,58,58,47,40,40,40,40,40,40,40,38,38,38,38,7,50,50,50,43,43,34,13,13,13,13,11,11,11,11,11,11,11,49,49,49,49,49,49,49,49,49,49,49,49,49,39,39,39,62,62,62,62,62,62,62],"gold":64,"neow_bonus":"ONE_RARE_RELIC","is_prod":false,"is_daily":false,"chose_seed":false,"campfire_upgraded":10,"win_rate":0,"timestamp":1546773619,"path_taken":["M","$","?","?","?","R","?","R","T","R","?","E","$","M","R","BOSS","M","?","M","$","M","E","R","E","T","E","?","R","E","?","R","BOSS","M","?","?","M","$","R","E","?","T","R","?","E","?","E","R","BOSS","BOSS","R","$","E","BOSS"],"build_version":"2019-01-03v4","purchased_purges":5,"victory":true,"max_hp_per_floor":[66,66,60,60,57,57,57,57,57,57,57,57,57,57,57,57,62,62,62,62,62,62,62,62,62,62,62,62,62,62,62,62,62,62,62,62,62,62,62,62,62,62,62,62,62,62,62,62,62,62,62,62,62,62,62,62],"card_choices":[{"not_picked":["Acrobatics","Underhanded Strike"],"picked":"Backstab","floor":1.0},{"not_picked":["Backflip","Prepared","PiercingWail"],"picked":"SKIP","floor":7.0},{"not_picked":["Poisoned Stab","Deadly Poison"],"picked":"Dash","floor":11.0},{"not_picked":["Finisher","Prepared"],"picked":"Calculated Gamble","floor":12.0},{"not_picked":["Blade Dance","Slice"],"picked":"Underhanded Strike","floor":14.0},{"not_picked":["Glass Knife","Envenom"],"picked":"Grand Finale","floor":16.0},{"not_picked":["Slice","Masterful Stab"],"picked":"Predator","floor":17.0},{"not_picked":["Choke","Deadly Poison"],"picked":"Well Laid Plans","floor":18.0},{"not_picked":["Poisoned Stab","Setup"],"picked":"Deflect+1","floor":20.0},{"not_picked":["Accuracy+1","Deflect"],"picked":"Acrobatics","floor":22.0},{"not_picked":["Underhanded Strike","Outmaneuver"],"picked":"Expertise","floor":23.0},{"not_picked":["Prepared","Dodge and Roll"],"picked":"Tactician","floor":25.0},{"not_picked":["Envenom","Slice","Infinite Blades"],"picked":"SKIP","floor":27.0},{"not_picked":["Flying Knee","Choke"],"picked":"Terror+1","floor":28.0},{"not_picked":["Cloak And Dagger","Acrobatics"],"picked":"Prepared","floor":30.0},{"not_picked":["Dodge and Roll+1"],"picked":"SKIP","floor":35.0},{"not_picked":["Deadly Poison+1"],"picked":"SKIP","floor":38.0},{"not_picked":["Flying Knee"],"picked":"SKIP","floor":41.0},{"not_picked":["Noxious Fumes"],"picked":"SKIP","floor":46},{"not_picked":[],"picked":"Impatience+1","floor":47},{"not_picked":["Masterful Stab"],"picked":"SKIP","floor":48},{"not_picked":["Flying Knee"],"picked":"SKIP","floor":55}],"player_experience":2491099,"relics_obtained":[{"floor":9.0,"key":"Gambling Chip"},{"floor":12.0,"key":"Dodecahedron"},{"floor":23.0,"key":"Calipers"},{"floor":25.0,"key":"Du-Vu Doll"},{"floor":26.0,"key":"Bag of Marbles"},{"floor":27.0,"key":"Blue Candle"},{"floor":28.0,"key":"Nunchaku"},{"floor":28.0,"key":"Gremlin Horn"},{"floor":30.0,"key":"Toxic Egg 2"},{"floor":41.0,"key":"Boot"},{"floor":46,"key":"Oddly Smooth Stone"},{"floor":48,"key":"Ornamental Fan"},{"floor":55,"key":"Bronze Scales"}],"event_choices":[{"damage_healed":0.0,"max_hp_gain":0.0,"max_hp_loss":6.0,"gold_gain":0.0,"event_name":"Golden Idol","player_choice":"Lose Max HP","floor":3.0,"gold_loss":0.0,"damage_taken":0.0,"relics_obtained":["Golden Idol"]},{"damage_healed":0.0,"max_hp_gain":0.0,"max_hp_loss":0.0,"gold_gain":0.0,"event_name":"Scrap Ooze","player_choice":"Success","floor":4.0,"gold_loss":0.0,"damage_taken":11.0,"relics_obtained":["Ninja Scroll"]},{"cards_removed":["Parasite"],"damage_healed":0.0,"max_hp_gain":0.0,"max_hp_loss":0.0,"gold_gain":0.0,"event_name":"Golden Wing","player_choice":"Card Removal","floor":5.0,"gold_loss":0.0,"damage_taken":7.0},{"damage_healed":0.0,"max_hp_gain":0.0,"max_hp_loss":0.0,"gold_gain":0.0,"event_name":"The Mausoleum","player_choice":"Opened","floor":19.0,"gold_loss":0.0,"damage_taken":0.0,"relics_obtained":["Thread and Needle"],"cards_obtained":["Writhe"]},{"damage_healed":0.0,"max_hp_gain":0.0,"max_hp_loss":0.0,"gold_gain":0.0,"event_name":"Colosseum","player_choice":"Fight","floor":28.0,"gold_loss":0.0,"damage_taken":0.0},{"damage_healed":0.0,"max_hp_gain":0.0,"max_hp_loss":0.0,"gold_gain":0.0,"event_name":"Colosseum","player_choice":"Fought Nobs","floor":28.0,"gold_loss":0.0,"damage_taken":0.0},{"damage_healed":0.0,"max_hp_gain":0.0,"max_hp_loss":0.0,"gold_gain":50.0,"event_name":"Nest","player_choice":"Stole From Cult","floor":31.0,"gold_loss":0.0,"damage_taken":0.0},{"damage_healed":0.0,"max_hp_gain":0.0,"max_hp_loss":0.0,"gold_gain":999.0,"event_name":"MindBloom","player_choice":"Gold","floor":36.0,"gold_loss":0.0,"damage_taken":0.0,"cards_obtained":["Normality","Normality"]},{"cards_removed":["Strike_G"],"damage_healed":0.0,"max_hp_gain":0.0,"max_hp_loss":0.0,"gold_gain":0.0,"event_name":"Falling","player_choice":"Removed Attack","floor":37.0,"gold_loss":0.0,"damage_taken":0.0},{"damage_healed":0,"gold_gain":0,"player_choice":"Memory 3","damage_taken":10,"max_hp_gain":0,"max_hp_loss":0,"event_name":"SensoryStone","floor":47,"gold_loss":0}],"is_beta":false,"boss_relics":[{"not_picked":["Lizard Tail","Velvet Choker"],"picked":"Tiny House"},{"not_picked":["White Beast Statue","Eternal Feather"],"picked":"Busted Crown"}],"items_purged_floors":[13,21,39,42,54],"is_endless":false,"potions_floor_spawned":[1,7,11,14,22,23,27,28,38,46,48,55],"ascension_level":20}