{"gold_per_floor":[363,380,26,41,57,57,77,88,88,123,198,218,248,266,266,266],"floor_reached":16,"playtime":731,"items_purged":[],"score":184,"play_id":"9827ca35-f2f3-4a0b-8709-f24607a025dc","local_time":"25620210111623","is_ascension_mode":true,"campfire_choices":[{"data":"Go for the Eyes","floor":6.0,"key":"SMITH"},{"data":"Zap","floor":15.0,"key":"SMITH"}],"neow_cost":"PERCENT_DAMAGE","seed_source_timestamp":696090210374,"circlet_count":0,"master_deck":["AscendersBane","Strike_B","Strike_B","Strike_B","Strike_B","Defend_B+1","Defend_B+1","Defend_B","Defend_B","Zap+1","Dualcast","Go for the Eyes+1","Coolheaded","Self Repair","Self Repair","Core Surge","Glacier","BootSequence"],"special_seed":0,"relics":["Cracked Core","Lee\u0027s Waffle","War Paint","Centennial Puzzle","Pear"],"potions_floor_usage":[],"damage_taken":[{"damage":6.0,"enemies":"Small Slimes","floor":1.0,"turns":4.0},{"damage":11.0,"enemies":"Jaw Worm","floor":2.0,"turns":4.0},{"damage":0.0,"enemies":"2 Louse","floor":4.0,"turns":4.0},{"damage":38.0,"enemies":"Gremlin Gang","floor":5.0,"turns":6.0},{"damage":18.0,"enemies":"Exordium Wildlife","floor":7.0,"turns":6.0},{"damage":1.0,"enemies":"3 Louse","floor":8.0,"turns":2.0},{"damage":45.0,"enemies":"3 Sentries","floor":10.0,"turns":9.0},{"damage":1.0,"enemies":"Blue Slaver","floor":12.0,"turns":5.0},{"damage":18.0,"enemies":"Exordium Thugs","floor":14.0,"turns":8.0},{"damage":50,"enemies":"The Guardian","floor":16,"turns":14}],"seed_played":"2797861281752383","potions_obtained":[{"floor":2.0,"key":"Swift Potion"},{"floor":5.0,"key":"AttackPotion"},{"floor":10.0,"key":"EssenceOfSteel"}],"is_trial":false,"path_per_floor":["M","M","$","M","M","R","M","M","T","E","?","M","?","M","R","B"],"character_chosen":"DEFECT","items_purchased":["Lee\u0027s Waffle","War Paint"],"campfire_rested":0,"item_purchase_floors":[3,3],"current_hp_per_floor":[44,33,82,82,51,51,47,53,53,32,21,34,34,30,30,0],"gold":266,"neow_bonus":"TWO_FIFTY_GOLD","is_prod":false,"is_daily":false,"chose_seed":false,"campfire_upgraded":2,"win_rate":0,"timestamp":1549772183,"path_taken":["M","M","$","M","M","R","M","M","T","E","?","M","?","M","R","BOSS"],"build_version":"2019-01-23","purchased_purges":0,"victory":false,"max_hp_per_floor":[75,75,82,82,82,82,82,82,82,92,92,92,92,92,92,92],"card_choices":[{"not_picked":["Steam","Ball Lightning"],"picked":"Go for the Eyes","floor":1.0},{"not_picked":["Tempest","Rip and Tear"],"picked":"Coolheaded","floor":2.0},{"not_picked":["Coolheaded","Blizzard"],"picked":"Self Repair","floor":4.0},{"not_picked":["Rebound","Ball Lightning"],"picked":"Self Repair","floor":5.0},{"not_picked":["Steam Power","Reinforced Body"],"picked":"Core Surge","floor":7.0},{"not_picked":["Go for the Eyes","Redo","Double Energy"],"picked":"SKIP","floor":8.0},{"not_picked":["Defragment","Gash"],"picked":"Glacier","floor":10.0},{"not_picked":["Streamline","Steam Power","Recycle"],"picked":"SKIP","floor":12.0},{"not_picked":["Barrage","Skim"],"picked":"BootSequence","floor":14.0}],"player_experience":239678,"relics_obtained":[{"floor":9.0,"key":"Centennial Puzzle"},{"floor":10.0,"key":"Pear"}],"event_choices":[{"damage_healed":0.0,"max_hp_gain":0.0,"max_hp_loss":0.0,"gold_gain":75.0,"event_name":"World of Goop","player_choice":"Gather Gold","floor":11.0,"gold_loss":0.0,"damage_taken":11.0},{"damage_healed":0.0,"max_hp_gain":0.0,"max_hp_loss":0.0,"gold_gain":30.0,"event_name":"Dead Adventurer","player_choice":"Searched \u00271\u0027 times","floor":13.0,"gold_loss":0.0,"damage_taken":0.0}],"is_beta":false,"boss_relics":[],"items_purged_floors":[],"is_endless":false,"potions_floor_spawned":[2,5,10],"killed_by":"The Guardian","ascension_level":10}