{"gold_per_floor":[114,132,144,144,169,205,205,221,247,280,280,305,305,340,340,431,431,444,444,245,370,370,370,389,389,689,710,710,751,751,786,786,885,885,885,904,1237,1287,1303,1336,1336,1350,1350,722,740,740,757,757],"floor_reached":48,"playtime":2107,"items_purged":["Bite"],"score":985,"play_id":"edfc7e90-ffcd-484f-907f-133aa1ccaff2","local_time":"20190426211354","is_ascension_mode":true,"campfire_choices":[{"data":"Bash","floor":7.0,"key":"SMITH"},{"data":"Metallicize","floor":13.0,"key":"SMITH"},{"data":"Iron Wave","floor":15.0,"key":"SMITH"},{"data":"Feel No Pain","floor":23.0,"key":"SMITH"},{"data":"Inflame","floor":25.0,"key":"SMITH"},{"data":"Juggernaut","floor":28.0,"key":"SMITH"},{"floor":32.0,"key":"REST"},{"floor":41.0,"key":"REST"},{"floor":46.0,"key":"REST"}],"neow_cost":"NONE","seed_source_timestamp":0,"circlet_count":0,"master_deck":["AscendersBane","Defend_R","Defend_R","Defend_R","Bash+1","Havoc+1","Second Wind","Twin Strike","Pommel Strike","Iron Wave+1","Metallicize+1","Warcry+1","Offering+1","Bite","Bite","Bite","Bite","Shrug It Off+1","Inflame+1","Feel No Pain+1","Juggernaut+1","Clothesline+1","Impervious+1","Cleave+1","Thunderclap+1","Ghostly Armor+1","Headbutt","Shrug It Off+1","Whirlwind","Disarm+1","Battle Trance+1","Discovery+1","Intimidate+1","Thunderclap+1","Headbutt+1"],"special_seed":0,"relics":["Burning Blood","NeowsBlessing","Toxic Egg 2","Anchor","Bag of Preparation","Whetstone","Mark of Pain","Champion Belt","Shuriken","Old Coin","Regal Pillow","Letter Opener","Astrolabe","Pantograph","Vajra","Membership Card","Paper Frog","Molten Egg 2"],"potions_floor_usage":[48],"damage_taken":[{"damage":0.0,"enemies":"Small Slimes","floor":1.0,"turns":1.0},{"damage":0.0,"enemies":"Jaw Worm","floor":2.0,"turns":1.0},{"damage":0.0,"enemies":"Cultist","floor":3.0,"turns":1.0},{"damage":12.0,"enemies":"2 Fungi Beasts","floor":5.0,"turns":4.0},{"damage":23.0,"enemies":"Gremlin Nob","floor":6.0,"turns":4.0},{"damage":0.0,"enemies":"Large Slime","floor":8.0,"turns":4.0},{"damage":30.0,"enemies":"3 Sentries","floor":10.0,"turns":9.0},{"damage":2.0,"enemies":"Exordium Wildlife","floor":12.0,"turns":5.0},{"damage":17.0,"enemies":"Lagavulin","floor":14.0,"turns":6.0},{"damage":11.0,"enemies":"The Guardian","floor":16.0,"turns":8.0},{"damage":8.0,"enemies":"Shell Parasite","floor":18.0,"turns":4.0},{"damage":7.0,"enemies":"Colosseum Slavers","floor":21.0,"turns":6.0},{"damage":6.0,"enemies":"Colosseum Nobs","floor":21.0,"turns":5.0},{"damage":6.0,"enemies":"2 Thieves","floor":24.0,"turns":3.0},{"damage":6.0,"enemies":"Centurion and Healer","floor":27.0,"turns":5.0},{"damage":42.0,"enemies":"Slavers","floor":29.0,"turns":9.0},{"damage":27.0,"enemies":"Book of Stabbing","floor":31.0,"turns":5.0},{"damage":53.0,"enemies":"Automaton","floor":33.0,"turns":8.0},{"damage":0.0,"enemies":"3 Darklings","floor":35.0,"turns":4.0},{"damage":14.0,"enemies":"Orb Walker","floor":36.0,"turns":5.0},{"damage":12.0,"enemies":"Writhing Mass","floor":39.0,"turns":8.0},{"damage":37.0,"enemies":"Giant Head","floor":40.0,"turns":9.0},{"damage":6.0,"enemies":"Sphere and 2 Shapes","floor":42.0,"turns":6.0},{"damage":38.0,"enemies":"Jaw Worm Horde","floor":45.0,"turns":5.0},{"damage":31,"enemies":"Spire Growth","floor":47,"turns":6},{"damage":38,"enemies":"Nemesis","floor":48,"turns":4}],"seed_played":"-1943662390150375906","potions_obtained":[{"floor":2.0,"key":"AttackPotion"},{"floor":5.0,"key":"SkillPotion"},{"floor":10.0,"key":"PowerPotion"},{"floor":16.0,"key":"GamblersBrew"},{"floor":21.0,"key":"Poison Potion"},{"floor":27.0,"key":"SteroidPotion"},{"floor":31.0,"key":"SmokeBomb"},{"floor":33.0,"key":"Energy Potion"},{"floor":36.0,"key":"Dexterity Potion"},{"floor":40.0,"key":"Dexterity Potion"}],"is_trial":false,"path_per_floor":["M","M","M","?","M","E","R","M","T","E","?","M","R","E","R","B",null,"M","?","$","?","?","R","M","R","T","M","R","E","?","E","R","B",null,"M","M","?","?","M","E","R","M","T","$","M","R","M","E"],"character_chosen":"IRONCLAD","items_purchased":["Shrug It Off+1","Inflame","Membership Card","Battle Trance+1","Paper Frog","Discovery+1","Intimidate+1","Molten Egg 2","Thunderclap+1","Headbutt+1"],"campfire_rested":3,"item_purchase_floors":[20,20,44,44,44,44,44,44,44,44],"current_hp_per_floor":[74,75,75,68,62,45,45,51,51,27,27,31,31,20,20,15,55,53,47,47,47,47,47,47,47,47,47,47,29,29,17,46,13,39,47,41,41,41,39,22,47,47,47,47,19,47,30,0],"gold":757,"neow_bonus":"THREE_ENEMY_KILL","is_prod":false,"is_daily":false,"chose_seed":false,"campfire_upgraded":6,"win_rate":0,"timestamp":1556338434,"path_taken":["M","M","M","?","M","E","R","M","T","E","?","M","R","E","R","BOSS","M","?","$","?","?","R","M","R","T","?","R","E","?","E","R","BOSS","M","M","?","?","M","E","R","M","T","$","M","R","M","E"],"build_version":"2019-01-23","purchased_purges":1,"victory":false,"max_hp_per_floor":[75,75,75,68,68,68,68,68,68,68,68,68,68,68,68,68,68,68,47,47,47,47,47,47,47,47,47,47,47,47,47,47,47,47,47,47,47,47,47,47,47,47,47,47,47,47,47,47],"card_choices":[{"not_picked":["Flex","Seeing Red","Second Wind"],"picked":"SKIP","floor":1.0},{"not_picked":["Rupture","Dropkick"],"picked":"Havoc","floor":2.0},{"not_picked":["Havoc","Warcry"],"picked":"Second Wind","floor":3.0},{"not_picked":["Heavy Blade","Armaments"],"picked":"Perfected Strike","floor":5.0},{"not_picked":["Combust","Fire Breathing"],"picked":"Twin Strike","floor":6.0},{"not_picked":["Seeing Red+1","Heavy Blade"],"picked":"Pommel Strike","floor":8.0},{"not_picked":["Second Wind+1","Berserk"],"picked":"Iron Wave","floor":10.0},{"not_picked":["Clothesline","Headbutt"],"picked":"Metallicize","floor":12.0},{"not_picked":["Hemokinesis","Evolve"],"picked":"Warcry+1","floor":14.0},{"not_picked":["Brutality","Juggernaut"],"picked":"Offering+1","floor":16.0},{"not_picked":["Pummel","Inflame"],"picked":"Armaments+1","floor":18.0},{"not_picked":["Wild Strike","Sword Boomerang","Flex+1"],"picked":"SKIP","floor":24.0},{"not_picked":["Warcry+1","Twin Strike"],"picked":"Juggernaut","floor":27.0},{"not_picked":["Perfected Strike","Warcry+1"],"picked":"Clothesline+1","floor":29.0},{"not_picked":["Perfected Strike+1","Headbutt","Blood for Blood"],"picked":"SKIP","floor":31.0},{"not_picked":["Dark Embrace","Bludgeon"],"picked":"Impervious+1","floor":33.0},{"not_picked":["Warcry+1","Perfected Strike"],"picked":"Headbutt","floor":36.0},{"not_picked":["Thunderclap","Iron Wave+1"],"picked":"Shrug It Off+1","floor":39.0},{"not_picked":["Juggernaut","Burning Pact+1"],"picked":"Whirlwind","floor":40.0},{"not_picked":["Twin Strike+1","Havoc+1"],"picked":"Disarm+1","floor":42.0},{"not_picked":["Flex+1","Perfected Strike+1","Inflame"],"picked":"SKIP","floor":45.0},{"not_picked":["Twin Strike+1","Body Slam+1","Intimidate+1"],"picked":"SKIP","floor":47}],"player_experience":2500145,"relics_obtained":[{"floor":6.0,"key":"Toxic Egg 2"},{"floor":9.0,"key":"Anchor"},{"floor":10.0,"key":"Bag of Preparation"},{"floor":14.0,"key":"Whetstone"},{"floor":21.0,"key":"Champion Belt"},{"floor":21.0,"key":"Shuriken"},{"floor":26.0,"key":"Old Coin"},{"floor":29.0,"key":"Regal Pillow"},{"floor":31.0,"key":"Letter Opener"},{"floor":40.0,"key":"Pantograph"},{"floor":43.0,"key":"Vajra"}],"event_choices":[{"damage_healed":0.0,"max_hp_gain":0.0,"max_hp_loss":7.0,"gold_gain":0.0,"event_name":"Golden Idol","player_choice":"Lose Max HP","floor":4.0,"gold_loss":0.0,"damage_taken":0.0,"relics_obtained":["Golden Idol"]},{"damage_healed":0.0,"max_hp_gain":0.0,"max_hp_loss":0.0,"gold_gain":0.0,"event_name":"Accursed Blacksmith","player_choice":"Forge","floor":11.0,"gold_loss":0.0,"damage_taken":0.0,"cards_upgraded":["Havoc"]},{"damage_healed":0.0,"max_hp_gain":0.0,"max_hp_loss":21.0,"gold_gain":0.0,"event_name":"Vampires","player_choice":"Became a vampire","floor":19.0,"gold_loss":0.0,"damage_taken":0.0,"cards_obtained":["Bite","Bite","Bite","Bite","Bite"]},{"damage_healed":0.0,"max_hp_gain":0.0,"max_hp_loss":0.0,"gold_gain":0.0,"event_name":"Colosseum","player_choice":"Fight","floor":21.0,"gold_loss":0.0,"damage_taken":0.0},{"damage_healed":0.0,"max_hp_gain":0.0,"max_hp_loss":0.0,"gold_gain":0.0,"event_name":"Colosseum","player_choice":"Fought Nobs","floor":21.0,"gold_loss":0.0,"damage_taken":0.0},{"damage_healed":0.0,"max_hp_gain":0.0,"max_hp_loss":0.0,"gold_gain":0.0,"event_name":"The Library","player_choice":"Read","floor":22.0,"gold_loss":0.0,"damage_taken":0.0,"cards_obtained":["Feel No Pain"]},{"damage_healed":0.0,"max_hp_gain":0.0,"max_hp_loss":0.0,"gold_gain":0.0,"event_name":"Cursed Tome","player_choice":"Ignored","floor":30.0,"gold_loss":0.0,"damage_taken":0.0},{"damage_healed":0.0,"max_hp_gain":0.0,"max_hp_loss":0.0,"gold_gain":333.0,"event_name":"The Moai Head","player_choice":"Gave Idol","floor":37.0,"relics_lost":["Golden Idol"],"gold_loss":0.0,"damage_taken":0.0},{"damage_healed":0.0,"max_hp_gain":0.0,"max_hp_loss":0.0,"gold_gain":50.0,"event_name":"Golden Shrine","player_choice":"Pray","floor":38.0,"gold_loss":0.0,"damage_taken":0.0}],"is_beta":false,"boss_relics":[{"not_picked":["Runic Dome","Tiny House"],"picked":"Mark of Pain"},{"not_picked":["Black Star","Fusion Hammer"],"picked":"Astrolabe"}],"items_purged_floors":[20],"is_endless":false,"potions_floor_spawned":[2,5,10,14,16,21,27,31,33,36,40,42],"killed_by":"Nemesis","ascension_level":15}