{"gold_per_floor":[14,32,51,61,61,61,74,94,117,41,59,59,69,69,69,146,146,156,224,254,266,41,55,105],"floor_reached":24,"playtime":1090,"items_purged":[],"score":409,"play_id":"a5110950-0370-4ee1-9b98-ebadb0fac7e6","local_time":"20190104023615","is_ascension_mode":true,"campfire_choices":[{"data":"Feed","floor":6,"key":"SMITH"},{"data":"Perfected Strike","floor":12,"key":"SMITH"},{"data":"Shockwave","floor":15,"key":"SMITH"}],"neow_cost":"NO_GOLD","seed_source_timestamp":1207159144148669,"circlet_count":0,"master_deck":["AscendersBane","Strike_R","Strike_R","Strike_R","Strike_R+1","Strike_R","Defend_R","Defend_R+1","Defend_R","Defend_R","Bash","Feed+1","Shockwave+1","Perfected Strike+1","Reckless Charge","Headbutt","Corruption","Fire Breathing","Metallicize","Thunderclap","Pommel Strike","Demon Form","Flame Barrier","Battle Trance+1","Perfected Strike","Wild Strike"],"relics":["Burning Blood","Bag of Marbles","SsserpentHead","White Beast Statue","Anchor"],"potions_floor_usage":[8,8,16,18,19,21,23,23,24],"damage_taken":[{"damage":4,"enemies":"Jaw Worm","floor":1,"turns":4},{"damage":4,"enemies":"Cultist","floor":2,"turns":3},{"damage":6,"enemies":"Small Slimes","floor":3,"turns":2},{"damage":8,"enemies":"Red Slaver","floor":4,"turns":3},{"damage":10,"enemies":"3 Louse","floor":7,"turns":3},{"damage":21,"enemies":"Gremlin Gang","floor":8,"turns":6},{"damage":10,"enemies":"Lots of Slimes","floor":11,"turns":4},{"damage":10,"enemies":"Red Slaver","floor":13,"turns":3},{"damage":34,"enemies":"Hexaghost","floor":16,"turns":10},{"damage":38,"enemies":"Shell Parasite","floor":18,"turns":5},{"damage":10,"enemies":"Chosen","floor":19,"turns":5},{"damage":31,"enemies":"Centurion and Healer","floor":21,"turns":5},{"damage":29,"enemies":"Snecko","floor":23,"turns":6},{"damage":30,"enemies":"Shelled Parasite and Fungi","floor":24,"turns":3}],"seed_played":"-2320059974773934774","potions_obtained":[{"floor":1,"key":"AttackPotion"},{"floor":2,"key":"Explosive Potion"},{"floor":3,"key":"AttackPotion"},{"floor":8,"key":"SkillPotion"},{"floor":16,"key":"PowerPotion"},{"floor":18,"key":"PowerPotion"},{"floor":19,"key":"Ancient Potion"},{"floor":20,"key":"Regen Potion"},{"floor":21,"key":"Swift Potion"},{"floor":23,"key":"Explosive Potion"}],"is_trial":false,"path_per_floor":["M","M","M","M","?","R","M","M","T","$","M","R","M","?","R","B",null,"M","M","?","M","$","M","M"],"character_chosen":"IRONCLAD","items_purchased":["Metallicize","Anchor","Wild Strike"],"campfire_rested":0,"item_purchase_floors":[10,22,22],"current_hp_per_floor":[73,78,81,79,54,54,54,43,43,43,43,43,43,43,43,15,79,51,47,47,40,40,21,0],"gold":105,"neow_bonus":"THREE_RARE_CARDS","is_prod":false,"is_daily":false,"chose_seed":false,"campfire_upgraded":3,"win_rate":0,"timestamp":1546565775,"path_taken":["M","M","M","M","?","R","M","M","T","$","M","R","M","?","R","BOSS","M","?","?","M","$","M","?"],"build_version":"2018-12-20","purchased_purges":0,"victory":false,"max_hp_per_floor":[78,81,84,84,84,84,88,92,92,92,96,96,100,100,100,100,100,104,104,104,108,108,112,116],"card_choices":[{"not_picked":["Dark Embrace","Demon Form"],"picked":"Feed","floor":0},{"not_picked":["Fire Breathing","Feel No Pain"],"picked":"Shockwave","floor":1},{"not_picked":["Clothesline","Flame Barrier"],"picked":"Perfected Strike","floor":2},{"not_picked":["Flex","Seeing Red"],"picked":"Reckless Charge","floor":3},{"not_picked":["Shrug It Off","Armaments"],"picked":"Headbutt","floor":4},{"not_picked":["Heavy Blade","Flex"],"picked":"Corruption","floor":7},{"not_picked":["Havoc","Bloodletting"],"picked":"Fire Breathing","floor":8},{"not_picked":["Bloodletting","Feel No Pain"],"picked":"Thunderclap","floor":11},{"not_picked":["Whirlwind","Pummel"],"picked":"Pommel Strike","floor":13},{"not_picked":["Berserk","Limit Break"],"picked":"Demon Form","floor":16},{"not_picked":["Clash","Havoc"],"picked":"Flame Barrier","floor":18},{"not_picked":["Twin Strike","Body Slam"],"picked":"Battle Trance+1","floor":19},{"not_picked":["Body Slam","Anger"],"picked":"Perfected Strike","floor":21},{"not_picked":["Clash+1","Dropkick","Body Slam"],"picked":"SKIP","floor":23}],"player_experience":397481,"relics_obtained":[{"floor":9,"key":"Bag of Marbles"}],"event_choices":[{"damage_healed":0,"gold_gain":0,"player_choice":"Entered Light","damage_taken":25,"max_hp_gain":0,"max_hp_loss":0,"event_name":"Shining Light","floor":5,"gold_loss":0,"cards_upgraded":["Strike_R","Defend_R"]},{"damage_healed":0,"gold_gain":0,"player_choice":"Trade","damage_taken":0,"relics_obtained":["SsserpentHead"],"max_hp_gain":0,"max_hp_loss":0,"event_name":"FaceTrader","floor":14,"gold_loss":0},{"damage_healed":0,"gold_gain":0,"player_choice":"Bought 1 Potion","damage_taken":0,"max_hp_gain":0,"max_hp_loss":0,"event_name":"The Woman in Blue","floor":20,"gold_loss":0}],"is_beta":false,"boss_relics":[{"not_picked":["Eternal Feather","Lizard Tail"],"picked":"White Beast Statue"}],"items_purged_floors":[],"is_endless":false,"potions_floor_spawned":[1,2,3,8,16,18,19,21,23],"killed_by":"Shelled Parasite and Fungi","ascension_level":17}