{"gold_per_floor":[99,99,45,21,21,21,21,21,21,21,21,21,21,21,21,21,21,0,0,0,0,0,0,0,0,0,0,0,0,0,0,0,0,0,0,0,0,0,0,0,0,0,0,0,0,0,0,0,0,0],"floor_reached":50,"playtime":3361,"items_purged":[],"score":477,"play_id":"601558b2-f8a7-4cef-9f3e-263fb21e3f58","local_time":"20190106043703","is_ascension_mode":false,"campfire_choices":[{"data":"Zap","floor":6,"key":"SMITH"},{"data":"Chaos","floor":12,"key":"SMITH"},{"data":"Go for the Eyes","floor":15,"key":"SMITH"},{"data":"Auto Shields","floor":23,"key":"SMITH"},{"floor":25,"key":"REST"},{"data":"Seek","floor":27,"key":"SMITH"},{"floor":32,"key":"REST"},{"data":"Thunder Strike","floor":40,"key":"SMITH"},{"floor":42,"key":"REST"},{"floor":44,"key":"REST"},{"floor":49,"key":"REST"}],"neow_cost":"NONE","seed_source_timestamp":1384964234140315,"circlet_count":0,"master_deck":["Strike_B","Strike_B","Defend_B","Defend_B","Defend_B","Defend_B","Zap+1","Dualcast","Beam Cell","Go for the Eyes+1","Chill","Chaos+1","Auto Shields+1","Ball Lightning","Machine Learning","Tempest","Hello World","Echo Form","Steam+1","Storm+1","Seek+1","FTL+1","Cold Snap","FTL","Steam","Steam Power","Static Discharge+1","Thunder Strike+1","Go for the Eyes+1","Heatsinks","Blizzard+1","Coolheaded","Blizzard","Stack","Defragment","Steam+1","Tempest+1"],"relics":["Ectoplasm"],"potions_floor_usage":[22,22,33,45,45,46,47,48,50],"damage_taken":[{"damage":0,"enemies":"Cultist","floor":1,"turns":4},{"damage":0,"enemies":"Small Slimes","floor":5,"turns":2},{"damage":13,"enemies":"3 Sentries","floor":7,"turns":10},{"damage":9,"enemies":"Jaw Worm","floor":8,"turns":3},{"damage":0,"enemies":"2 Fungi Beasts","floor":10,"turns":4},{"damage":0,"enemies":"Blue Slaver","floor":11,"turns":3},{"damage":0,"enemies":"Large Slime","floor":13,"turns":3},{"damage":0,"enemies":"3 Louse","floor":14,"turns":3},{"damage":17,"enemies":"The Guardian","floor":16,"turns":8},{"damage":21,"enemies":"2 Thieves","floor":18,"turns":4},{"damage":5,"enemies":"Chosen","floor":20,"turns":5},{"damage":2,"enemies":"Centurion and Healer","floor":22,"turns":4},{"damage":4,"enemies":"Snecko","floor":24,"turns":4},{"damage":20,"enemies":"Cultist and Chosen","floor":29,"turns":7},{"damage":10,"enemies":"Centurion and Healer","floor":30,"turns":6},{"damage":13,"enemies":"Colosseum Slavers","floor":31,"turns":5},{"damage":23,"enemies":"Champ","floor":33,"turns":13},{"damage":14,"enemies":"3 Darklings","floor":35,"turns":4},{"damage":0,"enemies":"Mind Bloom Boss Battle","floor":36,"turns":5},{"damage":5,"enemies":"Orb Walker","floor":37,"turns":3},{"damage":16,"enemies":"Writhing Mass","floor":38,"turns":5},{"damage":17,"enemies":"Spire Growth","floor":41,"turns":5},{"damage":24,"enemies":"4 Shapes","floor":45,"turns":3},{"damage":21,"enemies":"Jaw Worm Horde","floor":46,"turns":6},{"damage":0,"enemies":"Transient","floor":47,"turns":5},{"damage":14,"enemies":"Writhing Mass","floor":48,"turns":7},{"damage":45,"enemies":"Time Eater","floor":50,"turns":10}],"seed_played":"8168450516314094623","potions_obtained":[{"floor":5,"key":"FearPotion"},{"floor":11,"key":"Block Potion"},{"floor":13,"key":"SteroidPotion"},{"floor":16,"key":"Explosive Potion"},{"floor":30,"key":"Dexterity Potion"},{"floor":38,"key":"Dexterity Potion"},{"floor":41,"key":"Fire Potion"},{"floor":45,"key":"Explosive Potion"},{"floor":46,"key":"AttackPotion"},{"floor":47,"key":"Energy Potion"}],"is_trial":false,"path_per_floor":["M","?","$","?","M","R","E","M","T","M","M","R","M","M","R","B",null,"M","?","M","?","M","R","M","R","T","R","?","M","M","?","R","B",null,"M","?","M","M","?","R","M","R","T","R","M","M","M","M","R","B"],"character_chosen":"DEFECT","items_purchased":["Go for the Eyes"],"campfire_rested":5,"item_purchase_floors":[3],"current_hp_per_floor":[75,75,75,75,75,75,62,53,53,53,53,53,53,53,53,36,75,54,40,35,35,33,33,29,53,53,53,53,33,23,10,34,11,80,66,66,61,45,45,45,28,52,52,76,52,31,31,17,41,0],"gold":0,"neow_bonus":"BOSS_RELIC","is_prod":false,"is_daily":false,"chose_seed":false,"campfire_upgraded":6,"win_rate":0,"timestamp":1546745823,"path_taken":["M","?","$","?","M","R","E","M","T","M","M","R","M","M","R","BOSS","M","?","M","?","M","R","M","R","T","R","?","?","M","?","R","BOSS","M","?","M","M","?","R","M","R","T","R","M","M","M","M","R","BOSS"],"build_version":"2019-01-03v4","purchased_purges":0,"victory":false,"max_hp_per_floor":[75,75,75,75,75,75,75,75,75,75,75,75,75,75,75,75,75,75,80,80,80,80,80,80,80,80,80,80,80,80,80,80,80,80,80,80,80,80,80,80,80,80,80,80,80,80,80,80,80,80],"card_choices":[{"not_picked":["Turbo","Redo"],"picked":"Beam Cell","floor":1},{"not_picked":["Chaos","Self Repair"],"picked":"Chill","floor":5},{"not_picked":["Blizzard","Turbo"],"picked":"Chaos","floor":7},{"not_picked":["Recycle","BootSequence"],"picked":"Auto Shields","floor":8},{"not_picked":["Double Energy","Rebound"],"picked":"Ball Lightning","floor":10},{"not_picked":["Barrage","Turbo"],"picked":"Machine Learning","floor":11},{"not_picked":["Compile Driver","Capacitor"],"picked":"Tempest","floor":13},{"not_picked":["Blizzard","Skim"],"picked":"Hello World","floor":14},{"not_picked":["Thunder Strike","Fission"],"picked":"Echo Form","floor":16},{"not_picked":["Gash","Leap"],"picked":"Steam+1","floor":18},{"not_picked":["Chaos","Rebound"],"picked":"Storm+1","floor":20},{"not_picked":["Hologram","Streamline"],"picked":"FTL+1","floor":22},{"not_picked":["Sweeping Beam","Leap"],"picked":"Cold Snap","floor":24},{"not_picked":["Stack","Rebound+1"],"picked":"Steam Power","floor":29},{"not_picked":["Fusion","Leap+1"],"picked":"Static Discharge+1","floor":30},{"not_picked":["Biased Cognition","Fission"],"picked":"Thunder Strike","floor":33},{"not_picked":["Turbo+1","Barrage"],"picked":"Go for the Eyes+1","floor":35},{"not_picked":["Turbo","Steam+1"],"picked":"Heatsinks","floor":36},{"not_picked":["Stack","Streamline+1"],"picked":"Blizzard+1","floor":37},{"not_picked":["Ball Lightning","Barrage"],"picked":"Coolheaded","floor":38},{"not_picked":["Ball Lightning","Reboot"],"picked":"Blizzard","floor":41},{"not_picked":["Cold Snap+1","Streamline"],"picked":"Stack","floor":45},{"not_picked":["Hello World+1","Chaos"],"picked":"Defragment","floor":46},{"not_picked":["Barrage+1","Consume"],"picked":"Steam+1","floor":47},{"not_picked":["Rebound+1","Cold Snap+1"],"picked":"Tempest+1","floor":48}],"player_experience":415745,"relics_obtained":[],"event_choices":[{"damage_healed":0,"gold_gain":0,"player_choice":"Ignored","damage_taken":0,"max_hp_gain":0,"max_hp_loss":0,"event_name":"Liars Game","floor":2,"gold_loss":0},{"damage_healed":0,"gold_gain":0,"player_choice":"Left Gold","damage_taken":0,"max_hp_gain":0,"max_hp_loss":0,"event_name":"World of Goop","floor":4,"gold_loss":24},{"damage_healed":0,"gold_gain":0,"player_choice":"Shed Blood","damage_taken":19,"max_hp_gain":5,"max_hp_loss":0,"event_name":"Forgotten Altar","floor":19,"gold_loss":0},{"damage_healed":0,"gold_gain":0,"player_choice":"Read","damage_taken":0,"max_hp_gain":0,"max_hp_loss":0,"event_name":"The Library","floor":21,"gold_loss":0,"cards_obtained":["Seek"]},{"damage_healed":0,"gold_gain":0,"cards_transformed":["Strike_B","Strike_B"],"player_choice":"Became Test Subject","damage_taken":0,"max_hp_gain":0,"max_hp_loss":0,"event_name":"Drug Dealer","floor":28,"gold_loss":0,"cards_obtained":["FTL","Steam"]},{"damage_healed":0,"gold_gain":0,"player_choice":"Fight","damage_taken":0,"max_hp_gain":0,"max_hp_loss":0,"event_name":"Colosseum","floor":31,"gold_loss":0},{"damage_healed":0,"gold_gain":0,"player_choice":"Fled From Nobs","damage_taken":0,"max_hp_gain":0,"max_hp_loss":0,"event_name":"Colosseum","floor":31,"gold_loss":0},{"damage_healed":0,"gold_gain":0,"player_choice":"Fight","damage_taken":0,"max_hp_gain":0,"max_hp_loss":0,"event_name":"MindBloom","floor":36,"gold_loss":0},{"damage_healed":0,"gold_gain":0,"player_choice":"Ignored","damage_taken":0,"max_hp_gain":0,"max_hp_loss":0,"event_name":"Tomb of Lord Red Mask","floor":39,"gold_loss":0}],"is_beta":false,"boss_relics":[{"not_picked":["Runic Dome","Coffee Dripper","Lizard Tail"]},{"not_picked":["Pandora\u0027s Box","White Beast Statue","Philosopher\u0027s Stone"]}],"items_purged_floors":[],"is_endless":false,"potions_floor_spawned":[5,11,13,16,20,30,31,38,41,45,46,47],"killed_by":"Time Eater","ascension_level":0}