{"gold_per_floor":[210,30,0,17,35,69,69,96,96,96,96,96,115,130,130,205,205,224,238,238,252,115,115,142,142,142,158,58,74,103,113,113,190,190,203,216,229,45,0,0,0,35,59,85,85],"floor_reached":45,"playtime":2231,"items_purged":["Strike_G","Strike_G"],"score":959,"play_id":"fd059854-1138-4408-a636-ab008f5066da","local_time":"20181202112108","is_ascension_mode":true,"campfire_choices":[{"data":"Neutralize","floor":7,"key":"SMITH"},{"data":"Noxious Fumes","floor":10,"key":"SMITH"},{"data":"1","floor":12,"key":"LIFT"},{"data":"2","floor":15,"key":"LIFT"},{"floor":23,"key":"REST"},{"floor":25,"key":"REST"},{"floor":32,"key":"REST"},{"data":"Crippling Poison","floor":40,"key":"SMITH"}],"neow_cost":"NONE","seed_source_timestamp":98698212198113,"circlet_count":0,"master_deck":["AscendersBane","Defend_G","Defend_G","Defend_G","Defend_G","Defend_G","Strike_G","Strike_G+1","Survivor","Neutralize+1","Endless Agony+1","Dash","Noxious Fumes+1","Poisoned Stab","Deflect","Calculated Gamble","Dagger Spray","PiercingWail","Corpse Explosion","Well Laid Plans","Crippling Poison+1","Concentrate+1","PiercingWail","Cloak And Dagger","Cloak And Dagger","Night Terror","After Image","Leg Sweep+1","Bouncing Flask+1","Caltrops","Decay","Predator","Catalyst"],"special_seed":0,"relics":["Ring of the Snake","Bottled Lightning","Bird Faced Urn","Girya","Snecko Eye","Ancient Tea Set","Whetstone","Centennial Puzzle","Cursed Key","Potion Belt","Red Mask","Omamori","Boot","Meat on the Bone"],"potions_floor_usage":[8,30,37,44,45],"damage_taken":[{"damage":0.0,"enemies":"Cultist","floor":1.0,"turns":3.0},{"damage":0.0,"enemies":"2 Louse","floor":4.0,"turns":3.0},{"damage":2.0,"enemies":"Jaw Worm","floor":5.0,"turns":3.0},{"damage":17.0,"enemies":"Gremlin Nob","floor":6.0,"turns":5.0},{"damage":5,"enemies":"Lagavulin","floor":8,"turns":8},{"damage":0,"enemies":"Lots of Slimes","floor":13,"turns":2},{"damage":4,"enemies":"3 Louse","floor":14,"turns":4},{"damage":11,"enemies":"Hexaghost","floor":16,"turns":8},{"damage":9,"enemies":"Spheric Guardian","floor":18,"turns":4},{"damage":0,"enemies":"Chosen","floor":19,"turns":4},{"damage":22,"enemies":"Centurion and Healer","floor":21,"turns":5},{"damage":36,"enemies":"Gremlin Leader","floor":24,"turns":7},{"damage":0,"enemies":"3 Cultists","floor":27,"turns":2},{"damage":15,"enemies":"Snake Plant","floor":29,"turns":5},{"damage":13,"enemies":"Book of Stabbing","floor":30,"turns":6},{"damage":0,"enemies":"Shelled Parasite and Fungi","floor":31,"turns":3},{"damage":12,"enemies":"Collector","floor":33,"turns":8},{"damage":3,"enemies":"3 Shapes","floor":35,"turns":6},{"damage":0,"enemies":"Orb Walker","floor":36,"turns":5},{"damage":12,"enemies":"4 Shapes","floor":37,"turns":4},{"damage":25,"enemies":"Nemesis","floor":42,"turns":7},{"damage":59,"enemies":"Giant Head","floor":44,"turns":11},{"damage":12,"enemies":"Spire Growth","floor":45,"turns":2}],"seed_played":"3660809872726532477","potions_obtained":[{"floor":4.0,"key":"Block Potion"},{"floor":5.0,"key":"SpeedPotion"},{"floor":8,"key":"Explosive Potion"},{"floor":18,"key":"Dexterity Potion"},{"floor":31,"key":"FearPotion"},{"floor":42,"key":"Regen Potion"},{"floor":44,"key":"Block Potion"}],"is_trial":false,"path_per_floor":["M","$","?","M","M","E","E","R","E","T","R","?","R","M","M","R","B",null,"M","M","?","M","?","R","E","R","T","M","$","M","E","M","R","B",null,"M","M","M","$","?","R","?","E","T","E","M"],"character_chosen":"THE_SILENT","items_purchased":["Dash","Noxious Fumes","Caltrops","Potion Belt"],"campfire_rested":3,"item_purchase_floors":[2,2,38,38],"current_hp_per_floor":[59,59,59,59,57,40,40,35,35,35,35,35,35,33,33,24,56,49,53,53,35,35,54,22,41,41,41,41,28,17,19,38,30,57,60,66,56,56,56,56,56,39,39,9,0],"gold":85,"neow_bonus":"HUNDRED_GOLD","is_prod":false,"is_daily":false,"chose_seed":false,"campfire_upgraded":3,"win_rate":0,"timestamp":1543778468,"path_taken":["M","$","?","M","M","E","R","E","T","R","?","R","M","?","R","BOSS","M","M","?","M","?","R","E","R","T","?","$","M","E","M","R","BOSS","M","M","M","$","?","R","?","E","T","E","M"],"build_version":"2018-11-15","purchased_purges":2,"victory":false,"max_hp_per_floor":[66,66,66,66,66,66,66,66,66,66,66,66,66,66,66,66,66,66,66,66,66,66,66,66,66,66,66,66,66,66,66,66,66,66,66,66,66,66,66,66,66,66,66,66,66],"card_choices":[{"not_picked":["Bane","Concentrate"],"picked":"Endless Agony","floor":1.0},{"not_picked":["Concentrate","Blade Dance"],"picked":"Poisoned Stab","floor":4.0},{"not_picked":["Storm of Steel","PiercingWail"],"picked":"Deflect","floor":5.0},{"not_picked":["All Out Attack","Doppelganger"],"picked":"Calculated Gamble","floor":6},{"not_picked":["Setup","Bane"],"picked":"Dagger Spray","floor":8},{"not_picked":["Masterful Stab","Acrobatics","Poisoned Stab"],"picked":"SKIP","floor":13},{"not_picked":["Quick Slash","Slice"],"picked":"PiercingWail","floor":14},{"not_picked":["Storm of Steel","Adrenaline"],"picked":"Corpse Explosion","floor":16},{"not_picked":["Endless Agony","Deflect"],"picked":"Well Laid Plans","floor":18},{"not_picked":["Backstab","Sucker Punch","Skewer"],"picked":"SKIP","floor":19},{"not_picked":["Skewer","Outmaneuver"],"picked":"Concentrate+1","floor":21},{"not_picked":["Sucker Punch","Flying Knee"],"picked":"PiercingWail","floor":24},{"not_picked":["Blur","Backstab"],"picked":"Cloak And Dagger","floor":27},{"not_picked":["Caltrops","Setup"],"picked":"Cloak And Dagger","floor":29},{"not_picked":["Outmaneuver","A Thousand Cuts"],"picked":"Night Terror","floor":30},{"not_picked":["Dagger Spray","Dagger Throw","Flying Knee"],"picked":"SKIP","floor":31},{"not_picked":["Venomology","Malaise"],"picked":"After Image","floor":33},{"not_picked":["Blur","Skewer"],"picked":"Leg Sweep+1","floor":35},{"not_picked":["Quick Slash","Distraction","PiercingWail"],"picked":"SKIP","floor":36},{"not_picked":["Slice+1","Cloak And Dagger"],"picked":"Bouncing Flask+1","floor":37},{"not_picked":["Poisoned Stab","Bouncing Flask"],"picked":"Predator","floor":42},{"not_picked":["Escape Plan","Leg Sweep+1"],"picked":"Catalyst","floor":44}],"player_experience":1707870,"relics_obtained":[{"floor":6,"key":"Bottled Lightning"},{"floor":8,"key":"Bird Faced Urn"},{"floor":9,"key":"Girya"},{"floor":24,"key":"Whetstone"},{"floor":30,"key":"Centennial Puzzle"},{"floor":42,"key":"Omamori"},{"floor":43,"key":"Boot"},{"floor":44,"key":"Meat on the Bone"}],"event_choices":[{"damage_healed":0.0,"max_hp_gain":0.0,"max_hp_loss":0.0,"gold_gain":0.0,"event_name":"World of Goop","player_choice":"Left Gold","floor":3.0,"gold_loss":30.0,"damage_taken":0.0},{"cards_removed":["Strike_G"],"damage_healed":0,"gold_gain":0,"player_choice":"Purged","damage_taken":0,"max_hp_gain":0,"max_hp_loss":0,"event_name":"Purifier","floor":11,"gold_loss":0},{"damage_healed":0,"gold_gain":0,"player_choice":"Read","damage_taken":0,"max_hp_gain":0,"max_hp_loss":0,"event_name":"The Library","floor":20,"gold_loss":0,"cards_obtained":["Crippling Poison"]},{"damage_healed":0,"gold_gain":0,"player_choice":"Paid Gold","damage_taken":0,"relics_obtained":["Ancient Tea Set"],"max_hp_gain":0,"max_hp_loss":0,"event_name":"WeMeetAgain","floor":22,"gold_loss":137},{"damage_healed":0,"gold_gain":0,"player_choice":"Paid","damage_taken":0,"relics_obtained":["Red Mask"],"max_hp_gain":0,"max_hp_loss":0,"event_name":"Tomb of Lord Red Mask","floor":39,"gold_loss":45},{"damage_healed":0,"gold_gain":0,"player_choice":"Cursed","damage_taken":0,"max_hp_gain":0,"max_hp_loss":0,"event_name":"Wheel of Change","floor":41,"gold_loss":0,"cards_obtained":["Decay"]}],"is_beta":false,"boss_relics":[{"not_picked":["Runic Dome","Calling Bell"],"picked":"Snecko Eye"},{"not_picked":["Busted Crown","Pandora\u0027s Box"],"picked":"Cursed Key"}],"items_purged_floors":[2,28],"is_endless":false,"potions_floor_spawned":[4,5,8,18,24,31,33,36,42,44],"killed_by":"Spire Growth","ascension_level":15}