{"gold_per_floor":[113,126,142,215,72,72,83,83,110,110,145,145,165,191,191,268,268,279,293,293,147,165,165,11,21,74,74,102,102,0,0,0,0],"floor_reached":33,"playtime":1344,"items_purged":["Strike_G","Writhe"],"score":478,"play_id":"a595397d-9d00-4dc3-8b29-a93413ca204e","local_time":"20180918095218","is_ascension_mode":true,"campfire_choices":[{"data":"Neutralize","floor":6,"key":"SMITH"},{"data":"Deadly Poison","floor":8,"key":"SMITH"},{"data":"Noxious Fumes","floor":10,"key":"SMITH"},{"floor":12,"key":"REST"},{"data":"Cloak And Dagger","floor":15,"key":"SMITH"},{"floor":23,"key":"REST"},{"data":"Cloak And Dagger","floor":27,"key":"SMITH"},{"data":"Leg Sweep","floor":32,"key":"SMITH"}],"neow_cost":"NONE","seed_source_timestamp":1725662778451,"circlet_count":0,"master_deck":["Defend_G","Defend_G","Defend_G","Defend_G","Defend_G","Strike_G","Strike_G","Strike_G","Strike_G","Survivor","Neutralize+1","AscendersBane","Backstab","Deadly Poison+1","Flying Knee","Endless Agony","Noxious Fumes+1","Backflip","PiercingWail","Cloak And Dagger+1","Doppelganger","Well Laid Plans+1","PiercingWail","Cloak And Dagger+1","Dash","Leg Sweep+1","Caltrops+1"],"relics":["Ring of the Serpent","Regal Pillow","Blood Vial","Mercury Hourglass","Frozen Egg 2","Juzu Bracelet","The Courier","Sundial"],"potions_floor_usage":[2,11,19,28,33,33],"damage_taken":[{"damage":0,"enemies":"2 Louse","floor":1,"turns":3},{"damage":3,"enemies":"Small Slimes","floor":2,"turns":5},{"damage":2,"enemies":"Jaw Worm","floor":3,"turns":3},{"damage":10,"enemies":"Lots of Slimes","floor":7,"turns":5},{"damage":17,"enemies":"Gremlin Nob","floor":11,"turns":4},{"damage":0,"enemies":"3 Louse","floor":13,"turns":3},{"damage":4,"enemies":"Lagavulin","floor":14,"turns":7},{"damage":10,"enemies":"The Guardian","floor":16,"turns":9},{"damage":11,"enemies":"Shell Parasite","floor":18,"turns":6},{"damage":6,"enemies":"2 Thieves","floor":19,"turns":4},{"damage":16,"enemies":"Snake Plant","floor":22,"turns":5},{"damage":3,"enemies":"Snecko","floor":25,"turns":6},{"damage":12,"enemies":"Book of Stabbing","floor":28,"turns":8},{"damage":81,"enemies":"Champ","floor":33,"turns":13}],"seed_played":"824174125216438988","potions_obtained":[{"floor":1,"key":"EntropicBrew"},{"floor":11,"key":"Fire Potion"},{"floor":19,"key":"Energy Potion"},{"floor":28,"key":"AttackPotion"}],"is_trial":false,"path_per_floor":["M","M","M","?","$","R","M","R","T","R","E","R","M","E","R","B",null,"M","M","?","$","M","R","$","M","T","R","E","?","$","T","R"],"character_chosen":"THE_SILENT","items_purchased":["Noxious Fumes","Cloak And Dagger","Dash","Leg Sweep","Caltrops+1","PowerPotion"],"campfire_rested":2,"item_purchase_floors":[5,21,24,24,30,30],"current_hp_per_floor":[59,56,54,54,54,54,44,44,44,44,27,61,63,61,61,53,63,54,50,50,50,36,66,66,63,63,63,53,53,53,53,53,0],"gold":0,"neow_bonus":"THREE_CARDS","is_prod":false,"is_daily":false,"chose_seed":false,"campfire_upgraded":6,"win_rate":0,"timestamp":1537289538,"path_taken":["M","M","M","?","$","R","M","R","T","R","E","R","M","E","R","BOSS","M","?","?","?","M","R","$","M","T","R","E","?","$","?","R","BOSS"],"build_version":"2018-09-06","purchased_purges":2,"victory":false,"max_hp_per_floor":[66,66,66,66,66,66,66,66,66,66,66,66,66,66,66,66,66,66,66,66,66,66,66,66,66,66,66,66,66,66,66,66,66],"card_choices":[{"not_picked":["Deadly Poison","Quick Slash"],"picked":"Backstab","floor":0},{"not_picked":["Concentrate","Flying Knee"],"picked":"Deadly Poison","floor":1},{"not_picked":["PiercingWail","Outmaneuver"],"picked":"Flying Knee","floor":2},{"not_picked":["Blade Dance","Dagger Throw"],"picked":"Endless Agony","floor":3},{"not_picked":["Phantasmal Killer","Eviscerate"],"picked":"Backflip","floor":7},{"not_picked":["Sucker Punch","Tactician"],"picked":"PiercingWail","floor":11},{"not_picked":["Outmaneuver","Blade Dance"],"picked":"Cloak And Dagger","floor":13},{"not_picked":["Riddle With Holes","Flying Knee","All Out Attack"],"picked":"SKIP","floor":14},{"not_picked":["Bullet Time","Grand Finale"],"picked":"Doppelganger","floor":16},{"not_picked":["Quick Slash+1","Flying Knee"],"picked":"Well Laid Plans","floor":18},{"not_picked":["Expertise","Riddle With Holes"],"picked":"PiercingWail","floor":19},{"not_picked":["Blade Dance","Flying Knee","Quick Slash"],"picked":"SKIP","floor":22},{"not_picked":["Underhanded Strike","Blade Dance","Corpse Explosion"],"picked":"SKIP","floor":25},{"not_picked":["Backflip","Dagger Spray","Outmaneuver"],"picked":"SKIP","floor":28}],"player_experience":1156696,"relics_obtained":[{"floor":9,"key":"Regal Pillow"},{"floor":11,"key":"Blood Vial"},{"floor":14,"key":"Mercury Hourglass"},{"floor":26,"key":"Juzu Bracelet"},{"floor":28,"key":"The Courier"},{"floor":31,"key":"Sundial"}],"event_choices":[{"event_name":"Golden Wing","player_choice":"Gained Gold","floor":4,"damage_taken":0},{"event_name":"The Mausoleum","player_choice":"Yes","floor":20,"damage_taken":0},{"event_name":"Upgrade Shrine","player_choice":"Upgraded","floor":29,"damage_taken":0}],"is_beta":false,"boss_relics":[{"not_picked":["Lizard Tail","HoveringKite"],"picked":"Ring of the Serpent"}],"items_purged_floors":[5,21],"is_endless":false,"potions_floor_spawned":[1,7,11,16,19,28],"killed_by":"Champ","ascension_level":15}