{"gold_per_floor":[119,119,137,147,147,147,160,185,185,197,197,197,232,38,38,109,109,124,394,6,19,34,34,51,51,51,83,83,102,118,146,146,220,220,240,36,47,47,0,30,30,43,43,54,54,84,84,84,84,84],"floor_reached":50,"playtime":2407,"items_purged":["Strike_G","Riddle With Holes","Dagger Spray"],"score":1470,"play_id":"9f29d353-ad84-4c4a-bcea-ebb2e6882401","local_time":"20181208023122","is_ascension_mode":true,"campfire_choices":[{"data":"Finisher","floor":6.0,"key":"SMITH"},{"data":"Masterful Stab","floor":12.0,"key":"SMITH"},{"data":"Expertise","floor":15.0,"key":"SMITH"},{"data":"Acrobatics","floor":23.0,"key":"SMITH"},{"data":"Tactician","floor":25.0,"key":"SMITH"},{"data":"Concentrate","floor":28.0,"key":"SMITH"},{"data":"Footwork","floor":32.0,"key":"SMITH"},{"floor":41.0,"key":"REST"},{"floor":49.0,"key":"RECALL"}],"neow_cost":"TEN_PERCENT_HP_LOSS","seed_source_timestamp":13535221904444,"circlet_count":0,"master_deck":["AscendersBane","Survivor","Neutralize","Corpse Explosion","Finisher+1","Masterful Stab+1","Acrobatics+1","Escape Plan","Phantasmal Killer","Backflip","Concentrate+1","Expertise+1","Footwork+1","Setup","Dagger Spray","Tactician+1","Bane","PiercingWail","Dodge and Roll+1","Dodge and Roll+1","Reflex+1","Backstab","Well Laid Plans","Flechettes+1","Prepared+1","Footwork+1","Master of Strategy"],"special_seed":0,"relics":["Ring of the Snake","Happy Flower","Bird Faced Urn","Mercury Hourglass","Bottled Lightning","Pandora\u0027s Box","Mummified Hand","Blue Candle","Boot","Ice Cream","Fusion Hammer","Red Mask","Anchor","Juzu Bracelet"],"potions_floor_usage":[50],"damage_taken":[{"damage":3.0,"enemies":"Jaw Worm","floor":1.0,"turns":5.0},{"damage":1.0,"enemies":"2 Louse","floor":3.0,"turns":3.0},{"damage":1.0,"enemies":"Cultist","floor":4.0,"turns":3.0},{"damage":8.0,"enemies":"Large Slime","floor":7.0,"turns":4.0},{"damage":19.0,"enemies":"Lagavulin","floor":8.0,"turns":5.0},{"damage":11.0,"enemies":"Exordium Wildlife","floor":10.0,"turns":3.0},{"damage":0.0,"enemies":"Gremlin Nob","floor":11.0,"turns":2.0},{"damage":0.0,"enemies":"3 Sentries","floor":13.0,"turns":2.0},{"damage":0.0,"enemies":"The Guardian","floor":16.0,"turns":9.0},{"damage":13.0,"enemies":"Chosen","floor":18.0,"turns":6.0},{"damage":7.0,"enemies":"Shell Parasite","floor":21.0,"turns":3.0},{"damage":4.0,"enemies":"Cultist and Chosen","floor":22.0,"turns":3.0},{"damage":0.0,"enemies":"3 Cultists","floor":24.0,"turns":2.0},{"damage":0.0,"enemies":"Book of Stabbing","floor":27.0,"turns":5.0},{"damage":0.0,"enemies":"Snake Plant","floor":29.0,"turns":3.0},{"damage":3.0,"enemies":"Sentry and Sphere","floor":30.0,"turns":3.0},{"damage":13.0,"enemies":"Slavers","floor":31.0,"turns":3.0},{"damage":0.0,"enemies":"Automaton","floor":33.0,"turns":8.0},{"damage":6.0,"enemies":"Orb Walker","floor":35.0,"turns":3.0},{"damage":0.0,"enemies":"3 Darklings","floor":37.0,"turns":1.0},{"damage":15.0,"enemies":"Nemesis","floor":40.0,"turns":7.0},{"damage":0.0,"enemies":"Jaw Worm Horde","floor":42.0,"turns":1.0},{"damage":0.0,"enemies":"Spire Growth","floor":44.0,"turns":3.0},{"damage":16.0,"enemies":"Reptomancer","floor":46.0,"turns":4.0},{"damage":48,"enemies":"Time Eater","floor":50,"turns":8}],"seed_played":"-3652140894659123645","potions_obtained":[{"floor":4.0,"key":"Swift Potion"},{"floor":7.0,"key":"Regen Potion"},{"floor":10.0,"key":"SmokeBomb"},{"floor":13.0,"key":"AttackPotion"},{"floor":18.0,"key":"LiquidBronze"},{"floor":22.0,"key":"Weak Potion"},{"floor":27.0,"key":"Dexterity Potion"},{"floor":30.0,"key":"Fruit Juice"},{"floor":35.0,"key":"FearPotion"},{"floor":44.0,"key":"Dexterity Potion"}],"is_trial":false,"path_per_floor":["M","?","M","M","?","R","M","E","T","M","E","R","E","$","R","B",null,"M","?","$","M","M","R","M","R","T","E","R","M","M","E","R","B",null,"M","$","M","?","?","E","R","M","T","M","$","E","?","?","R","B"],"character_chosen":"THE_SILENT","items_purchased":["Expertise","Footwork","Mummified Hand","Well Laid Plans"],"campfire_rested":1,"item_purchase_floors":[14,14,20,36],"current_hp_per_floor":[56,61,60,59,48,48,40,35,35,24,24,24,24,24,24,26,55,44,20,20,15,13,13,15,15,15,17,17,19,23,12,12,14,56,52,52,52,52,52,41,60,62,62,66,66,51,51,41,41,0],"gold":84,"neow_bonus":"THREE_RARE_CARDS","is_prod":false,"is_daily":false,"chose_seed":false,"campfire_upgraded":7,"win_rate":0,"timestamp":1544207482,"path_taken":["M","?","M","M","?","R","M","E","T","?","E","R","E","$","R","BOSS","M","?","$","M","M","R","M","R","T","E","R","M","M","E","R","BOSS","M","$","M","?","?","E","R","M","T","M","?","E","?","?","R","BOSS"],"build_version":"2018-12-06","purchased_purges":3,"victory":false,"max_hp_per_floor":[60,65,65,65,65,65,65,65,65,65,65,65,65,65,65,65,65,65,65,65,65,65,65,65,65,65,65,65,65,70,70,70,70,70,70,70,70,66,66,66,66,66,66,66,66,66,66,66,66,66],"card_choices":[{"not_picked":["Storm of Steel","Venomology"],"picked":"Corpse Explosion","floor":0.0},{"not_picked":["Acrobatics","Slice"],"picked":"Finisher","floor":1.0},{"not_picked":["Footwork","Quick Slash"],"picked":"Masterful Stab","floor":3.0},{"not_picked":["Eviscerate","Sucker Punch"],"picked":"Acrobatics","floor":4.0},{"not_picked":["Deflect","Riddle With Holes"],"picked":"Escape Plan","floor":7.0},{"not_picked":["Sucker Punch","Phantasmal Killer","Blade Dance"],"picked":"SKIP","floor":8.0},{"not_picked":["Sucker Punch","Blade Dance"],"picked":"Phantasmal Killer","floor":8.0},{"not_picked":["Cloak And Dagger","Prepared"],"picked":"Backflip","floor":10.0},{"not_picked":["Quick Slash","Dagger Spray"],"picked":"Concentrate","floor":13.0},{"not_picked":["Cloak And Dagger","PiercingWail","Terror"],"picked":"SKIP","floor":18.0},{"not_picked":["Poisoned Stab","Dagger Throw","Setup"],"picked":"SKIP","floor":21.0},{"not_picked":["Footwork+1","Catalyst"],"picked":"Reflex+1","floor":22.0},{"not_picked":["Distraction","Poisoned Stab"],"picked":"Backstab","floor":24.0},{"not_picked":["Bane","Riddle With Holes","Dagger Spray"],"picked":"SKIP","floor":27.0},{"not_picked":["Terror+1","Outmaneuver","Choke"],"picked":"SKIP","floor":29.0},{"not_picked":["Terror+1","Outmaneuver","Choke"],"picked":"SKIP","floor":29.0},{"not_picked":["PiercingWail+1","Storm of Steel","Deadly Poison+1"],"picked":"SKIP","floor":30.0},{"not_picked":["Dash","Crippling Poison","Cloak And Dagger+1"],"picked":"SKIP","floor":31.0},{"not_picked":["Sucker Punch","Skewer","Cloak And Dagger"],"picked":"SKIP","floor":35.0},{"not_picked":["PiercingWail","Cloak And Dagger","Dodge and Roll"],"picked":"SKIP","floor":37.0},{"not_picked":["Flying Knee","Bullet Time","Bane"],"picked":"SKIP","floor":40.0},{"not_picked":["Setup","Backflip+1"],"picked":"Flechettes+1","floor":42.0},{"not_picked":["PiercingWail","Escape Plan","Dodge and Roll"],"picked":"SKIP","floor":44.0},{"not_picked":["Slice","Backflip"],"picked":"Prepared+1","floor":46.0},{"not_picked":["Bandage Up","Enlightenment"],"picked":"Master of Strategy","floor":48.0}],"player_experience":2308489,"relics_obtained":[{"floor":8.0,"key":"Bird Faced Urn"},{"floor":9.0,"key":"Mercury Hourglass"},{"floor":13.0,"key":"Bottled Lightning"},{"floor":26.0,"key":"Blue Candle"},{"floor":27.0,"key":"Boot"},{"floor":31.0,"key":"Ice Cream"},{"floor":40.0,"key":"Anchor"},{"floor":46.0,"key":"Juzu Bracelet"}],"event_choices":[{"damage_healed":0.0,"max_hp_gain":5.0,"max_hp_loss":0.0,"gold_gain":0.0,"event_name":"Big Fish","player_choice":"Donut","floor":2.0,"gold_loss":0.0,"damage_taken":0.0},{"damage_healed":0.0,"max_hp_gain":0.0,"max_hp_loss":0.0,"gold_gain":0.0,"event_name":"Scrap Ooze","player_choice":"Success","floor":5.0,"gold_loss":0.0,"damage_taken":11.0,"relics_obtained":["Happy Flower"]},{"damage_healed":0.0,"max_hp_gain":0.0,"max_hp_loss":0.0,"gold_gain":270.0,"event_name":"Knowing Skull","player_choice":"GOLD GOLD GOLD ","floor":19.0,"potions_obtained":[],"gold_loss":0.0,"damage_taken":24.0,"cards_obtained":[]},{"damage_healed":0.0,"max_hp_gain":0.0,"max_hp_loss":4.0,"gold_gain":0.0,"event_name":"Winding Halls","player_choice":"Max HP","floor":38.0,"gold_loss":0.0,"damage_taken":0.0},{"damage_healed":0.0,"max_hp_gain":0.0,"max_hp_loss":0.0,"gold_gain":0.0,"event_name":"Tomb of Lord Red Mask","player_choice":"Paid","floor":39.0,"gold_loss":47.0,"damage_taken":0.0,"relics_obtained":["Red Mask"]},{"damage_healed":0.0,"max_hp_gain":0.0,"max_hp_loss":0.0,"gold_gain":0.0,"event_name":"Duplicator","player_choice":"Copied","floor":47.0,"gold_loss":0.0,"damage_taken":0.0,"cards_obtained":["Footwork"]},{"damage_healed":0.0,"max_hp_gain":0.0,"max_hp_loss":0.0,"gold_gain":0.0,"event_name":"SensoryStone","player_choice":"Memory 3","floor":48.0,"gold_loss":0.0,"damage_taken":10.0}],"is_beta":false,"boss_relics":[{"not_picked":["White Beast Statue","WristBlade"],"picked":"Pandora\u0027s Box"},{"not_picked":["Calling Bell","Velvet Choker"],"picked":"Fusion Hammer"}],"items_purged_floors":[14,20,36],"is_endless":false,"potions_floor_spawned":[4,7,10,13,18,22,27,30,35,44],"killed_by":"Time Eater","ascension_level":20}