{"gold_per_floor":[115,134,134,148,167,167,167,167,193,232,25,25,66,82,82,178,178,201,201,18,18,32,63,88,127,127,127,140,140,140,140,140,219,219,232,30,0,19,38,72,72,101,128,128,128,528,541,558,558,634,709,709,722,722,76,93,93,93,124,124,124,39,39,54,74,74,74,151,151,161,161,180,192,17,17,50,50,75,75,75,93,18,51,51,128,128,146,368,382,427,427,427,427,12,44,63,98,98,112,129,129,202,281,281],"floor_reached":104,"playtime":5605,"items_purged":["Pain","Strike_B","Strike_B","Strike_B","Pain"],"score":7173,"play_id":"f22ae848-ae42-48ec-8d29-493bc92678b3","local_time":"20190415210453","is_ascension_mode":true,"campfire_choices":[{"data":"Beam Cell","floor":6.0,"key":"SMITH"},{"data":"Zap","floor":8.0,"key":"SMITH"},{"data":"Self Repair","floor":12.0,"key":"SMITH"},{"data":"Ball Lightning","floor":15.0,"key":"SMITH"},{"data":"Ghostly","floor":27.0,"key":"SMITH"},{"data":"Coolheaded","floor":29.0,"key":"SMITH"},{"data":"Consume","floor":32.0,"key":"SMITH"},{"data":"Recycle","floor":41.0,"key":"SMITH"},{"data":"Biased Cognition","floor":44.0,"key":"SMITH"},{"data":"Ghostly","floor":49.0,"key":"SMITH"},{"data":"Seek","floor":58.0,"key":"SMITH"},{"data":"Echo Form","floor":60.0,"key":"SMITH"},{"data":"Impatience","floor":67.0,"key":"SMITH"},{"data":"Coolheaded","floor":75.0,"key":"SMITH"},{"data":"Coolheaded","floor":79.0,"key":"SMITH"},{"data":"Defragment","floor":84.0,"key":"SMITH"},{"data":"Heatsinks","floor":93.0,"key":"SMITH"},{"data":"Fission","floor":101.0,"key":"SMITH"}],"neow_cost":"","seed_source_timestamp":0,"circlet_count":0,"master_deck":["AscendersBane","Defend_B","Defend_B","Defend_B+1","Zap+1","Dualcast","Ball Lightning+1","BootSequence","Beam Cell+1","Hologram+1","Glacier","Self Repair+1","Turbo","Biased Cognition+1","Ghostly+1","Ghostly+1","Ghostly","Consume+1","Electrodynamics","Coolheaded+1","Conserve Battery","Skim","Echo Form+1","Turbo+1","Capacitor","Recycle+1","Skim+1","Panacea","Impatience+1","Hologram","Loop","Seek+1","Creative AI","Double Energy","FTL","Capacitor","Coolheaded+1","Coolheaded+1","All For One","Coolheaded","Genetic Algorithm","Ghostly","Ghostly","Ghostly","Defragment+1","Storm","Echo Form","Heatsinks+1","Machine Learning","Fission+1","Echo Form","Seek"],"special_seed":0,"relics":["Cracked Core","WarpedTongs","Bloody Idol","Bronze Scales","War Paint","Gremlin Horn","Lizard Tail","Cables","Regal Pillow","Question Card","Runic Pyramid","Red Mask","Centennial Puzzle","Oddly Smooth Stone","Vajra","Old Coin","Coffee Dripper","PreservedInsect","Incense Burner","Matryoshka","WarpedTongs","Mummified Hand","Emotion Chip","Blood Vial","Calipers","CultistMask"],"potions_floor_usage":[],"damage_taken":[{"damage":0.0,"enemies":"Small Slimes","floor":1.0,"turns":2.0},{"damage":2.0,"enemies":"Cultist","floor":2.0,"turns":4.0},{"damage":3.0,"enemies":"Jaw Worm","floor":4.0,"turns":3.0},{"damage":7.0,"enemies":"Blue Slaver","floor":5.0,"turns":4.0},{"damage":23.0,"enemies":"3 Sentries","floor":10.0,"turns":5.0},{"damage":3.0,"enemies":"Lagavulin","floor":13.0,"turns":6.0},{"damage":15.0,"enemies":"Exordium Wildlife","floor":14.0,"turns":3.0},{"damage":17.0,"enemies":"Slime Boss","floor":16.0,"turns":10.0},{"damage":23.0,"enemies":"2 Thieves","floor":18.0,"turns":4.0},{"damage":3.0,"enemies":"3 Byrds","floor":22.0,"turns":4.0},{"damage":25.0,"enemies":"Slavers","floor":23.0,"turns":6.0},{"damage":8.0,"enemies":"Snecko","floor":24.0,"turns":7.0},{"damage":13.0,"enemies":"Gremlin Leader","floor":25.0,"turns":5.0},{"damage":0.0,"enemies":"Cultist and Chosen","floor":28.0,"turns":7.0},{"damage":16.0,"enemies":"Collector","floor":33.0,"turns":12.0},{"damage":0.0,"enemies":"3 Darklings","floor":35.0,"turns":4.0},{"damage":0.0,"enemies":"3 Shapes","floor":38.0,"turns":3.0},{"damage":0.0,"enemies":"Maw","floor":39.0,"turns":8.0},{"damage":8.0,"enemies":"Nemesis","floor":40.0,"turns":7.0},{"damage":0.0,"enemies":"Reptomancer","floor":42.0,"turns":4.0},{"damage":0.0,"enemies":"Mind Bloom Boss Battle","floor":46.0,"turns":7.0},{"damage":0.0,"enemies":"Sphere and 2 Shapes","floor":47.0,"turns":6.0},{"damage":7.0,"enemies":"Jaw Worm Horde","floor":48.0,"turns":3.0},{"damage":11.0,"enemies":"Donu and Deca","floor":50.0,"turns":8.0},{"damage":0.0,"enemies":"Time Eater","floor":51.0,"turns":11.0},{"damage":0.0,"enemies":"Cultist","floor":53.0,"turns":3.0},{"damage":0.0,"enemies":"2 Louse","floor":56.0,"turns":2.0},{"damage":0.0,"enemies":"3 Sentries","floor":59.0,"turns":2.0},{"damage":7.0,"enemies":"Small Slimes","floor":64.0,"turns":3.0},{"damage":0.0,"enemies":"Exordium Wildlife","floor":65.0,"turns":2.0},{"damage":8.0,"enemies":"Hexaghost","floor":68.0,"turns":7.0},{"damage":4.0,"enemies":"Spheric Guardian","floor":70.0,"turns":4.0},{"damage":0.0,"enemies":"2 Thieves","floor":72.0,"turns":4.0},{"damage":1.0,"enemies":"Snecko","floor":73.0,"turns":5.0},{"damage":0.0,"enemies":"Slavers","floor":76.0,"turns":4.0},{"damage":0.0,"enemies":"Book of Stabbing","floor":78.0,"turns":5.0},{"damage":0.0,"enemies":"Sentry and Sphere","floor":81.0,"turns":6.0},{"damage":0.0,"enemies":"Gremlin Leader","floor":83.0,"turns":5.0},{"damage":0.0,"enemies":"Automaton","floor":85.0,"turns":6.0},{"damage":2.0,"enemies":"Orb Walker","floor":87.0,"turns":4.0},{"damage":0.0,"enemies":"3 Darklings","floor":89.0,"turns":4.0},{"damage":0.0,"enemies":"2 Orb Walkers","floor":90.0,"turns":5.0},{"damage":0.0,"enemies":"Reptomancer","floor":95.0,"turns":3.0},{"damage":0.0,"enemies":"Writhing Mass","floor":96.0,"turns":4.0},{"damage":0.0,"enemies":"Giant Head","floor":97.0,"turns":5.0},{"damage":0.0,"enemies":"Jaw Worm Horde","floor":99.0,"turns":5.0},{"damage":0.0,"enemies":"3 Darklings","floor":100.0,"turns":1.0},{"damage":3,"enemies":"Awakened One","floor":102,"turns":5},{"damage":0,"enemies":"Time Eater","floor":103,"turns":7}],"seed_played":"-5845846297232037123","potions_obtained":[{"floor":5.0,"key":"Swift Potion"},{"floor":18.0,"key":"Poison Potion"},{"floor":28.0,"key":"LiquidBronze"},{"floor":35.0,"key":"FearPotion"},{"floor":48.0,"key":"Swift Potion"},{"floor":65.0,"key":"EntropicBrew"},{"floor":81.0,"key":"Poison Potion"},{"floor":83.0,"key":"Strength Potion"}],"is_trial":true,"path_per_floor":["M","M","?","M","M","R","?","R","T","E","$","R","E","M","R","B",null,"M","?","$","?","M","E","M","E","T","R","M","R","?","?","R","B",null,"M","$","?","M","M","E","R","E","T","R","?","?","M","M","R","B","B",null,"M","?","$","M","?","R","E","R","T","$","?","M","M","?","R","B",null,"M","?","M","M","$","R","E","$","E","R","?","M","?","E","R","B",null,"M","?","M","?","?","?","R","$","E","M","E","?","M","M","R","B","B",null],"character_chosen":"DEFECT","items_purchased":["Self Repair","SteroidPotion","Consume","Capacitor","PreservedInsect","Incense Burner","Capacitor","Calipers","GamblersBrew"],"campfire_rested":0,"item_purchase_floors":[11,11,20,36,55,55,62,94,94],"current_hp_per_floor":[64,62,62,59,52,52,52,52,52,29,29,29,36,31,31,24,54,41,32,32,32,32,17,19,16,16,16,16,16,16,16,16,31,32,32,32,32,32,32,32,32,32,32,32,22,32,32,32,32,32,32,32,32,37,37,37,37,37,37,37,37,37,37,37,37,47,47,47,24,24,24,24,24,24,24,24,24,24,24,12,12,12,12,12,12,12,12,12,12,12,11,11,11,11,11,11,11,11,11,11,11,11,11,11],"gold":281,"neow_bonus":"","is_prod":false,"is_daily":false,"chose_seed":false,"campfire_upgraded":18,"win_rate":0,"timestamp":1555333493,"path_taken":["M","M","?","?","M","R","?","R","T","E","$","R","E","M","R","BOSS","M","?","$","?","M","E","M","E","T","R","M","R","?","?","R","BOSS","M","$","?","M","M","E","R","E","T","R","?","?","M","M","R","BOSS","BOSS","M","?","$","M","?","R","E","R","T","$","?","M","?","?","R","BOSS","M","?","M","?","$","R","E","?","E","R","?","M","?","E","R","BOSS","M","?","M","?","?","?","R","$","E","?","E","?","?","M","R","BOSS","BOSS"],"build_version":"2019-04-04","purchased_purges":5,"victory":false,"max_hp_per_floor":[71,71,71,71,71,71,64,64,64,64,64,64,64,64,64,64,64,64,32,32,32,32,32,32,32,32,32,32,32,32,32,32,32,32,32,32,32,32,32,32,32,32,32,32,32,32,32,32,32,32,32,32,32,37,37,37,37,37,37,37,37,37,37,37,37,47,47,47,24,24,24,24,24,24,24,24,24,24,24,12,12,12,12,12,12,12,12,12,12,12,11,11,11,11,11,11,11,11,11,11,11,11,11,11],"card_choices":[{"not_picked":["Barrage","Genetic Algorithm"],"picked":"Ball Lightning","floor":1.0},{"not_picked":["Loop","Hello World"],"picked":"BootSequence","floor":2.0},{"not_picked":["Barrage","Go for the Eyes"],"picked":"Beam Cell","floor":4.0},{"not_picked":["Rebound","Conserve Battery"],"picked":"Hologram","floor":5.0},{"not_picked":["Coolheaded","Fission"],"picked":"Glacier","floor":10.0},{"not_picked":["Reboot","Auto Shields"],"picked":"Turbo","floor":13.0},{"not_picked":["Stack","BootSequence","Conserve Battery"],"picked":"SKIP","floor":14.0},{"not_picked":["Buffer","Amplify"],"picked":"Biased Cognition","floor":16.0},{"not_picked":["Stack","Rebound","Rip and Tear"],"picked":"SKIP","floor":18.0},{"not_picked":["Rebound","Rip and Tear"],"picked":"Stack","floor":18.0},{"not_picked":["Ball Lightning","BootSequence+1","Redo"],"picked":"SKIP","floor":22.0},{"not_picked":["Double Energy","Consume"],"picked":"Electrodynamics","floor":23.0},{"not_picked":["Go for the Eyes","Conserve Battery"],"picked":"Coolheaded","floor":24.0},{"not_picked":["Compile Driver","Reprogram"],"picked":"Conserve Battery","floor":25.0},{"not_picked":["Loop","Conserve Battery+1","Go for the Eyes"],"picked":"Skim","floor":28.0},{"not_picked":["Thunder Strike","Hyperbeam","Creative AI"],"picked":"Echo Form","floor":33.0},{"not_picked":["Hologram","Scrape","Conserve Battery"],"picked":"Turbo+1","floor":35.0},{"not_picked":["Rebound","Lockon+1","Barrage","Sweeping Beam"],"picked":"SKIP","floor":38.0},{"not_picked":["Beam Cell","Stack+1","Steam"],"picked":"Electrodynamics","floor":39.0},{"not_picked":["Go for the Eyes","Turbo+1","Compile Driver"],"picked":"Recycle","floor":40.0},{"not_picked":["Meteor Strike","Loop","Cold Snap+1"],"picked":"Skim+1","floor":42.0},{"not_picked":["Madness","Secret Weapon","Thinking Ahead"],"picked":"Panacea","floor":45.0},{"not_picked":["Mayhem","Trip","Finesse"],"picked":"Impatience","floor":45.0},{"not_picked":["Self Repair+1","Chill","Auto Shields+1"],"picked":"Hologram","floor":47.0},{"not_picked":["Steam","Recycle","Genetic Algorithm"],"picked":"Loop","floor":48.0},{"not_picked":["Rainbow","Machine Learning","Biased Cognition"],"picked":"Seek","floor":50.0},{"not_picked":["Meteor Strike","Thunder Strike","Buffer"],"picked":"Creative AI","floor":51.0},{"not_picked":["Ball Lightning","Stack","Rebound","Gash"],"picked":"SKIP","floor":53.0},{"not_picked":["Conserve Battery","Barrage","Steam"],"picked":"Double Energy","floor":56.0},{"not_picked":["Redo","Leap","Hologram","Doom and Gloom"],"picked":"SKIP","floor":59.0},{"not_picked":["Lockon","Undo","Sweeping Beam"],"picked":"Coolheaded","floor":64.0},{"not_picked":["Blizzard","Self Repair","Stack"],"picked":"Coolheaded","floor":65.0},{"not_picked":["Machine Learning","Electrodynamics","Thunder Strike"],"picked":"All For One","floor":68.0},{"not_picked":["Gash","Hologram","FTL","Rebound"],"picked":"SKIP","floor":70.0},{"not_picked":["Redo+1","Cold Snap","Stack"],"picked":"Coolheaded","floor":72.0},{"not_picked":["Static Discharge","Stack","Auto Shields","Lockon"],"picked":"SKIP","floor":73.0},{"not_picked":["Cold Snap","Genetic Algorithm","Double Energy","Sweeping Beam"],"picked":"SKIP","floor":76.0},{"not_picked":["Cold Snap","Double Energy","Sweeping Beam"],"picked":"Genetic Algorithm","floor":76.0},{"not_picked":["Hologram","Turbo","Redo","Amplify"],"picked":"SKIP","floor":78.0},{"not_picked":["Hologram","Melter","Static Discharge"],"picked":"Defragment","floor":81.0},{"not_picked":["Sweeping Beam","Redo","Genetic Algorithm"],"picked":"Storm","floor":83.0},{"not_picked":["Thunder Strike","Creative AI","Hyperbeam"],"picked":"Echo Form","floor":85.0},{"not_picked":["Conserve Battery","Stack","Barrage"],"picked":"Heatsinks","floor":87.0},{"not_picked":["Scrape","Turbo","Compile Driver+1","Ball Lightning+1"],"picked":"SKIP","floor":89.0},{"not_picked":["Heatsinks","Consume","Streamline","Compile Driver"],"picked":"SKIP","floor":95.0},{"not_picked":["Hello World","Storm","Gash"],"picked":"Machine Learning","floor":96.0},{"not_picked":["Compile Driver","Reinforced Body","Turbo+1","Self Repair+1"],"picked":"SKIP","floor":97.0},{"not_picked":["Stack","Beam Cell+1","Rebound","Compile Driver"],"picked":"SKIP","floor":99.0},{"not_picked":["Compile Driver","Conserve Battery","Ball Lightning"],"picked":"Fission","floor":100.0},{"not_picked":["Buffer","Meteor Strike","Fission"],"picked":"Echo Form","floor":102},{"not_picked":["Buffer","Amplify","Multi-Cast"],"picked":"Seek","floor":103}],"player_experience":1394572,"relics_obtained":[{"floor":9.0,"key":"Bronze Scales"},{"floor":10.0,"key":"War Paint"},{"floor":13.0,"key":"Gremlin Horn"},{"floor":23.0,"key":"Cables"},{"floor":25.0,"key":"Regal Pillow"},{"floor":26.0,"key":"Question Card"},{"floor":40.0,"key":"Centennial Puzzle"},{"floor":42.0,"key":"Oddly Smooth Stone"},{"floor":43.0,"key":"Vajra"},{"floor":46.0,"key":"Old Coin"},{"floor":61.0,"key":"Matryoshka"},{"floor":90.0,"key":"Emotion Chip"},{"floor":92.0,"key":"Blood Vial"}],"event_choices":[{"damage_healed":0.0,"max_hp_gain":0.0,"max_hp_loss":0.0,"gold_gain":0.0,"event_name":"Accursed Blacksmith","player_choice":"Rummage","floor":3.0,"gold_loss":0.0,"damage_taken":0.0,"relics_obtained":["WarpedTongs"],"cards_obtained":["Pain"]},{"damage_healed":0.0,"max_hp_gain":0.0,"max_hp_loss":7.0,"gold_gain":0.0,"event_name":"Golden Idol","player_choice":"Lose Max HP","floor":7.0,"gold_loss":0.0,"damage_taken":0.0,"relics_obtained":["Golden Idol"]},{"damage_healed":0.0,"max_hp_gain":0.0,"max_hp_loss":32.0,"gold_gain":0.0,"event_name":"Ghosts","player_choice":"Became a Ghost","floor":19.0,"gold_loss":0.0,"damage_taken":0.0,"cards_obtained":["Ghostly","Ghostly","Ghostly"]},{"damage_healed":0.0,"max_hp_gain":0.0,"max_hp_loss":0.0,"gold_gain":0.0,"event_name":"Vampires","player_choice":"Ignored","floor":21.0,"gold_loss":0.0,"damage_taken":0.0},{"damage_healed":0.0,"max_hp_gain":0.0,"max_hp_loss":0.0,"gold_gain":0.0,"event_name":"Forgotten Altar","player_choice":"Gave Idol","floor":30.0,"relics_lost":["Golden Idol"],"gold_loss":0.0,"damage_taken":0.0,"relics_obtained":["Bloody Idol"]},{"damage_healed":0.0,"max_hp_gain":0.0,"max_hp_loss":0.0,"gold_gain":0.0,"event_name":"The Mausoleum","player_choice":"Ignored","floor":31.0,"gold_loss":0.0,"damage_taken":0.0},{"damage_healed":0.0,"max_hp_gain":0.0,"max_hp_loss":0.0,"gold_gain":0.0,"event_name":"Tomb of Lord Red Mask","player_choice":"Paid","floor":37.0,"gold_loss":30.0,"damage_taken":0.0,"relics_obtained":["Red Mask"]},{"damage_healed":0.0,"max_hp_gain":0.0,"max_hp_loss":0.0,"gold_gain":0.0,"event_name":"SensoryStone","player_choice":"Memory 3","floor":45.0,"gold_loss":0.0,"damage_taken":10.0},{"damage_healed":0.0,"max_hp_gain":0.0,"max_hp_loss":0.0,"gold_gain":0.0,"event_name":"MindBloom","player_choice":"Fight","floor":46.0,"gold_loss":0.0,"damage_taken":0.0},{"damage_healed":0.0,"max_hp_gain":5.0,"max_hp_loss":0.0,"gold_gain":0.0,"event_name":"Big Fish","player_choice":"Donut","floor":54.0,"gold_loss":0.0,"damage_taken":0.0},{"damage_healed":0.0,"max_hp_gain":0.0,"max_hp_loss":0.0,"gold_gain":0.0,"cards_transformed":["Strike_B"],"event_name":"Living Wall","player_choice":"Change","floor":57.0,"gold_loss":0.0,"damage_taken":0.0,"cards_obtained":["FTL"]},{"damage_healed":0.0,"max_hp_gain":0.0,"max_hp_loss":0.0,"gold_gain":0.0,"event_name":"Accursed Blacksmith","player_choice":"Rummage","floor":63.0,"gold_loss":0.0,"damage_taken":0.0,"relics_obtained":["WarpedTongs"],"cards_obtained":["Pain"]},{"cards_removed":["Electrodynamics"],"damage_healed":0.0,"max_hp_gain":10.0,"max_hp_loss":0.0,"gold_gain":0.0,"event_name":"Bonfire Elementals","player_choice":"Offered Rare","floor":66.0,"gold_loss":0.0,"damage_taken":0.0},{"cards_removed":["Stack"],"damage_healed":0.0,"max_hp_gain":0.0,"max_hp_loss":0.0,"gold_gain":0.0,"event_name":"WeMeetAgain","player_choice":"Gave Card","floor":71.0,"gold_loss":0.0,"damage_taken":0.0,"relics_obtained":["Mummified Hand"]},{"damage_healed":0.0,"max_hp_gain":0.0,"max_hp_loss":12.0,"gold_gain":0.0,"event_name":"Ghosts","player_choice":"Became a Ghost","floor":80.0,"gold_loss":0.0,"damage_taken":0.0,"cards_obtained":["Ghostly","Ghostly","Ghostly"]},{"cards_removed":["Defend_B"],"damage_healed":0.0,"max_hp_gain":0.0,"max_hp_loss":0.0,"gold_gain":0.0,"event_name":"Beggar","player_choice":"Gave Gold","floor":82.0,"gold_loss":75.0,"damage_taken":0.0},{"damage_healed":0.0,"max_hp_gain":0.0,"max_hp_loss":0.0,"gold_gain":222.0,"event_name":"Tomb of Lord Red Mask","player_choice":"Wore Mask","floor":88.0,"gold_loss":0.0,"damage_taken":0.0},{"damage_healed":0.0,"max_hp_gain":0.0,"max_hp_loss":0.0,"gold_gain":0.0,"event_name":"Mysterious Sphere","player_choice":"Fight","floor":90.0,"gold_loss":0.0,"damage_taken":0.0},{"damage_healed":0.0,"max_hp_gain":0.0,"max_hp_loss":1.0,"gold_gain":0.0,"event_name":"Winding Halls","player_choice":"Max HP","floor":91.0,"gold_loss":0.0,"damage_taken":0.0},{"damage_healed":0.0,"max_hp_gain":0.0,"max_hp_loss":0.0,"gold_gain":0.0,"event_name":"Wheel of Change","player_choice":"Relic","floor":92.0,"gold_loss":0.0,"damage_taken":0.0},{"damage_healed":0.0,"max_hp_gain":0.0,"max_hp_loss":0.0,"gold_gain":0.0,"event_name":"FaceTrader","player_choice":"Trade","floor":98.0,"gold_loss":0.0,"damage_taken":0.0,"relics_obtained":["CultistMask"]}],"is_beta":true,"boss_relics":[{"not_picked":["Ectoplasm","Velvet Choker"],"picked":"Lizard Tail"},{"not_picked":["FrozenCore","Sozu"],"picked":"Runic Pyramid"},{"not_picked":["Eternal Feather","Nuclear Battery"],"picked":"Coffee Dripper"},{"not_picked":["GraspOfShadows"],"picked":"BlightedDurian"},{"not_picked":["MetallicRebirth"],"picked":"Scatterbrain"}],"items_purged_floors":[11,20,36,55,74],"is_endless":true,"potions_floor_spawned":[5,13,18,28,35,40,42,46,48,64,65,68,72,73,81,83,87,95,97,103],"ascension_level":20}