{"gold_per_floor":[14,29,46,46,46,78,78,78,102,51,70,88,88],"floor_reached":13,"playtime":573,"items_purged":[],"score":132,"play_id":"94fe4f41-76e0-4f22-a534-6bf2baca813a","local_time":"20190414191011","is_ascension_mode":true,"campfire_choices":[{"floor":8,"key":"REST"}],"neow_cost":"NO_GOLD","seed_source_timestamp":208918197916100,"circlet_count":0,"master_deck":["AscendersBane","Strike_R","Strike_R","Defend_R","Defend_R","Defend_R","Defend_R","Bash","Thunderclap","Hemokinesis","Flame Barrier","Havoc","Infernal Blade+1","Shrug It Off","Shockwave"],"relics":["Burning Blood","Ancient Tea Set","Potion Belt"],"potions_floor_usage":[2,6,12],"damage_taken":[{"damage":10,"enemies":"Jaw Worm","floor":1,"turns":3},{"damage":3,"enemies":"2 Louse","floor":2,"turns":2},{"damage":4,"enemies":"Cultist","floor":3,"turns":3},{"damage":46,"enemies":"Lagavulin","floor":6,"turns":9},{"damage":31,"enemies":"Large Slime","floor":11,"turns":7},{"damage":24,"enemies":"Gremlin Gang","floor":12,"turns":5},{"damage":8,"enemies":"Gremlin Nob","floor":13,"turns":2}],"seed_played":"1202041903398413636","potions_obtained":[{"floor":1,"key":"PowerPotion"},{"floor":2,"key":"Energy Potion"},{"floor":11,"key":"Strength Potion"}],"is_trial":false,"path_per_floor":["M","M","M","?","?","E","?","R","T","$","M","M","E"],"character_chosen":"IRONCLAD","items_purchased":["Shrug It Off"],"campfire_rested":1,"item_purchase_floors":[10],"current_hp_per_floor":[68,71,73,66,66,26,26,50,50,50,25,7,0],"gold":88,"neow_bonus":"TRANSFORM_TWO_CARDS","is_prod":false,"is_daily":false,"chose_seed":false,"campfire_upgraded":0,"win_rate":0,"timestamp":1555258211,"path_taken":["M","M","M","?","?","E","?","R","T","$","?","M","E"],"build_version":"2019-01-23","purchased_purges":0,"victory":false,"max_hp_per_floor":[80,80,80,80,80,80,80,80,80,80,80,80,80],"card_choices":[{"not_picked":["Blood for Blood","Rupture"],"picked":"Flame Barrier","floor":1},{"not_picked":["Rupture","Entrench"],"picked":"Havoc","floor":2},{"not_picked":["Second Wind","Perfected Strike","Wild Strike"],"picked":"SKIP","floor":3},{"not_picked":["Wild Strike","Twin Strike"],"picked":"Infernal Blade","floor":6},{"not_picked":["True Grit","Flex"],"picked":"Shockwave","floor":11},{"not_picked":["Heavy Blade","Perfected Strike","Flex"],"picked":"SKIP","floor":12}],"player_experience":255348,"relics_obtained":[{"floor":6,"key":"Ancient Tea Set"},{"floor":9,"key":"Potion Belt"}],"event_choices":[{"cards_removed":["Strike_R"],"damage_healed":0,"gold_gain":0,"player_choice":"Card Removal","damage_taken":7,"max_hp_gain":0,"max_hp_loss":0,"event_name":"Golden Wing","floor":4,"gold_loss":0},{"damage_healed":0,"gold_gain":0,"player_choice":"Ignored","damage_taken":0,"max_hp_gain":0,"max_hp_loss":0,"event_name":"Liars Game","floor":5,"gold_loss":0},{"damage_healed":0,"gold_gain":0,"player_choice":"Upgraded","damage_taken":0,"max_hp_gain":0,"max_hp_loss":0,"event_name":"Upgrade Shrine","floor":7,"gold_loss":0,"cards_upgraded":["Infernal Blade"]}],"is_beta":false,"boss_relics":[],"items_purged_floors":[],"is_endless":false,"potions_floor_spawned":[1,2,11],"killed_by":"Gremlin Nob","ascension_level":11}