{"gold_per_floor":[13,163,180,255,27,27,58,70,82,128,140,181,193,220,232,316,328,328,41,41,19,4,4,4,4,4,4,4,4,4,4,4,4,4,4,4,4,4,4,4,4,4,4,4,0,0,0,0,0,0],"floor_reached":50,"playtime":2315,"items_purged":["Doubt"],"score":1077,"play_id":"0ab4f18c-2d8a-4022-9624-01570c7ccba6","local_time":"20190313194203","is_ascension_mode":true,"campfire_choices":[{"data":"Uppercut","floor":6.0,"key":"SMITH"},{"floor":8.0,"key":"REST"},{"data":"Fiend Fire","floor":13.0,"key":"SMITH"},{"data":"Clothesline","floor":15.0,"key":"SMITH"},{"data":"Feel No Pain","floor":25.0,"key":"SMITH"},{"floor":32.0,"key":"REST"},{"data":"Discovery","floor":40.0,"key":"SMITH"},{"floor":49,"key":"REST"}],"neow_cost":"NO_GOLD","seed_source_timestamp":38644951134427,"circlet_count":0,"master_deck":["AscendersBane","Strike_R","Strike_R","Strike_R","Strike_R","Strike_R","Defend_R","Defend_R","Defend_R","Defend_R","Bash","Offering","Wild Strike","Anger","Uppercut+1","Fiend Fire+1","Shrug It Off","Dark Embrace","Clothesline+1","Demon Form","Feel No Pain+1","Havoc","Flame Barrier","Ghostly Armor","Second Wind+1","Shrug It Off+1","Seeing Red","Power Through","Exhume","Flame Barrier","Juggernaut","Body Slam+1","Pommel Strike","Dark Shackles","Mayhem","Discovery+1","Reaper","Headbutt","Exhume","Dual Wield","Headbutt+1"],"special_seed":0,"relics":["Burning Blood","MawBank","Pear","Du-Vu Doll","Darkstone Periapt","Blue Candle","Ectoplasm","Charon\u0027s Ashes","SsserpentHead","Bag of Preparation","Happy Flower","Smiling Mask","Sundial","Juzu Bracelet","Orrery","Dodecahedron","Question Card","Red Mask","Bottled Flame","Bird Faced Urn"],"potions_floor_usage":[50,50],"damage_taken":[{"damage":7.0,"enemies":"2 Louse","floor":1.0,"turns":3.0},{"damage":18.0,"enemies":"Jaw Worm","floor":3.0,"turns":3.0},{"damage":21.0,"enemies":"Lagavulin","floor":7.0,"turns":5.0},{"damage":6.0,"enemies":"Gremlin Nob","floor":10.0,"turns":2.0},{"damage":28.0,"enemies":"3 Sentries","floor":12.0,"turns":6.0},{"damage":1.0,"enemies":"Cultist","floor":14.0,"turns":3.0},{"damage":39.0,"enemies":"Hexaghost","floor":16.0,"turns":9.0},{"damage":7.0,"enemies":"Spheric Guardian","floor":18.0,"turns":3.0},{"damage":12.0,"enemies":"2 Thieves","floor":22.0,"turns":2.0},{"damage":10.0,"enemies":"Book of Stabbing","floor":23.0,"turns":4.0},{"damage":10.0,"enemies":"Snecko","floor":24.0,"turns":4.0},{"damage":9.0,"enemies":"Gremlin Leader","floor":28.0,"turns":6.0},{"damage":13.0,"enemies":"Slavers","floor":30.0,"turns":5.0},{"damage":0.0,"enemies":"Cultist and Chosen","floor":31.0,"turns":3.0},{"damage":29.0,"enemies":"Collector","floor":33.0,"turns":9.0},{"damage":6.0,"enemies":"3 Shapes","floor":35.0,"turns":3.0},{"damage":4.0,"enemies":"Orb Walker","floor":36.0,"turns":2.0},{"damage":7.0,"enemies":"Writhing Mass","floor":38.0,"turns":7.0},{"damage":2.0,"enemies":"Maw","floor":39.0,"turns":7.0},{"damage":39.0,"enemies":"Giant Head","floor":41.0,"turns":7.0},{"damage":0.0,"enemies":"4 Shapes","floor":42.0,"turns":5.0},{"damage":6.0,"enemies":"Sphere and 2 Shapes","floor":44.0,"turns":5.0},{"damage":43,"enemies":"Reptomancer","floor":47,"turns":9},{"damage":5,"enemies":"Mind Bloom Boss Battle","floor":48,"turns":11},{"damage":84,"enemies":"Time Eater","floor":50,"turns":9}],"seed_played":"-4935502904993788613","potions_obtained":[{"floor":7.0,"key":"Fire Potion"},{"floor":14.0,"key":"SpeedPotion"},{"floor":16.0,"key":"PowerPotion"},{"floor":24.0,"key":"Energy Potion"},{"floor":30.0,"key":"PowerPotion"},{"floor":31.0,"key":"Weak Potion"},{"floor":33.0,"key":"EssenceOfSteel"},{"floor":41.0,"key":"LiquidBronze"},{"floor":47,"key":"SkillPotion"}],"is_trial":false,"path_per_floor":["M","?","M","?","$","R","E","R","T","E","T","E","R","M","R","B",null,"M","$","?","$","M","E","M","R","T","T","E","?","E","M","R","B",null,"M","M","?","M","M","R","E","M","T","M","?","$","E","?","R","B"],"character_chosen":"IRONCLAD","items_purchased":["Uppercut","Fiend Fire","Charon\u0027s Ashes","Havoc"],"campfire_rested":3,"item_purchase_floors":[5,5,19,21],"current_hp_per_floor":[67,67,55,44,44,44,29,51,61,61,61,39,39,44,44,11,67,66,66,66,66,60,56,52,52,52,52,49,49,42,48,73,50,76,76,78,68,67,71,71,38,44,44,54,54,54,32,47,72,0],"gold":0,"neow_bonus":"THREE_RARE_CARDS","is_prod":false,"is_daily":false,"chose_seed":false,"campfire_upgraded":5,"win_rate":0,"timestamp":1552531323,"path_taken":["M","?","M","?","$","R","E","R","T","E","?","E","R","M","R","BOSS","M","$","?","?","M","E","M","R","T","?","E","?","E","M","R","BOSS","M","M","?","M","M","R","E","M","T","M","?","$","E","?","R","BOSS"],"build_version":"2019-01-23","purchased_purges":1,"victory":false,"max_hp_per_floor":[75,75,75,75,75,75,75,75,85,85,85,85,85,85,85,85,85,85,85,85,85,85,85,85,85,85,85,85,85,85,85,85,85,85,85,85,85,85,85,85,85,85,85,85,85,85,85,85,85,85],"card_choices":[{"not_picked":["Demon Form","Berserk"],"picked":"Offering","floor":0.0},{"not_picked":["Flex","Body Slam"],"picked":"Wild Strike","floor":1.0},{"not_picked":["Armaments","Wild Strike"],"picked":"Anger","floor":3.0},{"not_picked":["Perfected Strike","Warcry","Thunderclap"],"picked":"SKIP","floor":7.0},{"not_picked":["Armaments","Heavy Blade"],"picked":"Shrug It Off","floor":10.0},{"not_picked":["Cleave","Exhume"],"picked":"Dark Embrace","floor":12.0},{"not_picked":["Seeing Red","Perfected Strike"],"picked":"Clothesline","floor":14.0},{"not_picked":["Dark Embrace","Barricade"],"picked":"Demon Form","floor":16.0},{"not_picked":["Cleave+1","Pommel Strike"],"picked":"Feel No Pain","floor":18.0},{"not_picked":["Uppercut+1","Hemokinesis"],"picked":"Flame Barrier","floor":22.0},{"not_picked":["Entrench","Armaments"],"picked":"Ghostly Armor","floor":23.0},{"not_picked":["Feel No Pain","Ghostly Armor"],"picked":"Second Wind+1","floor":24.0},{"not_picked":["Blood for Blood","Feel No Pain"],"picked":"Shrug It Off+1","floor":28.0},{"not_picked":["Warcry","Clash"],"picked":"Seeing Red","floor":30.0},{"not_picked":["Offering","Perfected Strike"],"picked":"Power Through","floor":31.0},{"not_picked":["Berserk","Dark Embrace"],"picked":"Exhume","floor":33.0},{"not_picked":["Heavy Blade","Cleave"],"picked":"Flame Barrier","floor":34.0},{"not_picked":["Dropkick","Thunderclap"],"picked":"Juggernaut","floor":34.0},{"not_picked":["Thunderclap","Armaments"],"picked":"Body Slam+1","floor":34.0},{"not_picked":["Sword Boomerang","Clash+1"],"picked":"Pommel Strike","floor":35.0},{"not_picked":["Twin Strike+1","Hemokinesis","Armaments"],"picked":"SKIP","floor":36.0},{"not_picked":["Purity","HandOfGreed"],"picked":"Dark Shackles","floor":37.0},{"not_picked":["Blind","Violence"],"picked":"Mayhem","floor":37.0},{"not_picked":["Blind","Madness"],"picked":"Discovery","floor":37.0},{"not_picked":["Twin Strike+1","Cleave","Flex"],"picked":"SKIP","floor":38.0},{"not_picked":["Blood for Blood","Rupture","Entrench"],"picked":"SKIP","floor":39.0},{"not_picked":["Iron Wave","Headbutt"],"picked":"Reaper","floor":41.0},{"not_picked":["Perfected Strike","Thunderclap"],"picked":"Headbutt","floor":42.0},{"not_picked":["Armaments","Perfected Strike","Anger"],"picked":"Exhume","floor":44.0},{"not_picked":["Perfected Strike+1","Heavy Blade","True Grit"],"picked":"Dual Wield","floor":47},{"not_picked":["Rampage+1","Seeing Red","Body Slam+1"],"picked":"Headbutt+1","floor":48}],"player_experience":2351567,"relics_obtained":[{"floor":7.0,"key":"MawBank"},{"floor":9.0,"key":"Pear"},{"floor":10.0,"key":"Du-Vu Doll"},{"floor":11.0,"key":"Darkstone Periapt"},{"floor":12.0,"key":"Blue Candle"},{"floor":23.0,"key":"Bag of Preparation"},{"floor":26.0,"key":"Happy Flower"},{"floor":27.0,"key":"Smiling Mask"},{"floor":28.0,"key":"Sundial"},{"floor":30.0,"key":"Juzu Bracelet"},{"floor":41.0,"key":"Dodecahedron"},{"floor":43.0,"key":"Question Card"},{"floor":47,"key":"Bottled Flame"},{"floor":48,"key":"Bird Faced Urn"}],"event_choices":[{"damage_healed":0.0,"max_hp_gain":0.0,"max_hp_loss":0.0,"gold_gain":150.0,"event_name":"Liars Game","player_choice":"AGREE","floor":2.0,"gold_loss":0.0,"damage_taken":0.0,"cards_obtained":["Doubt"]},{"damage_healed":0.0,"max_hp_gain":0.0,"max_hp_loss":0.0,"gold_gain":75.0,"event_name":"World of Goop","player_choice":"Gather Gold","floor":4.0,"gold_loss":0.0,"damage_taken":11.0},{"damage_healed":0.0,"max_hp_gain":0.0,"max_hp_loss":0.0,"gold_gain":0.0,"event_name":"FaceTrader","player_choice":"Trade","floor":20.0,"gold_loss":0.0,"damage_taken":0.0,"relics_obtained":["SsserpentHead"]},{"damage_healed":0.0,"max_hp_gain":0.0,"max_hp_loss":0.0,"gold_gain":50.0,"event_name":"Nest","player_choice":"Stole From Cult","floor":29.0,"gold_loss":0.0,"damage_taken":0.0},{"damage_healed":0.0,"max_hp_gain":0.0,"max_hp_loss":0.0,"gold_gain":0.0,"event_name":"SensoryStone","player_choice":"Memory 3","floor":37.0,"gold_loss":0.0,"damage_taken":10.0},{"damage_healed":0.0,"max_hp_gain":0.0,"max_hp_loss":0.0,"gold_gain":0.0,"event_name":"Tomb of Lord Red Mask","player_choice":"Paid","floor":45.0,"gold_loss":4.0,"damage_taken":0.0,"relics_obtained":["Red Mask"]},{"damage_healed":0,"gold_gain":0,"player_choice":"Fight","damage_taken":0,"max_hp_gain":0,"max_hp_loss":0,"event_name":"MindBloom","floor":48,"gold_loss":0}],"is_beta":false,"boss_relics":[{"not_picked":["Coffee Dripper","Astrolabe"],"picked":"Ectoplasm"},{"not_picked":["Tiny House","White Beast Statue"],"picked":"Orrery"}],"items_purged_floors":[5],"is_endless":false,"potions_floor_spawned":[7,14,16,24,30,31,33,38,41,47],"killed_by":"Time Eater","ascension_level":15}