{"gold_per_floor":[114,114,39,89,114,114,154,154,177,191,191,226,247,271,271,364,364,384,403,428,34,34,34,47,47,47,47,75,91,91,109,109,109],"floor_reached":33,"playtime":3014,"items_purged":["Berserk"],"score":579,"play_id":"cd3d6019-682c-489d-8d8d-9b0bcb531ee0","local_time":"20190406123820","is_ascension_mode":true,"campfire_choices":[{"data":"Shockwave","floor":6,"key":"SMITH"},{"floor":8,"key":"REST"},{"floor":15,"key":"REST"},{"floor":23,"key":"REST"},{"data":"Shrug It Off","floor":25,"key":"SMITH"},{"data":"Entrench","floor":32,"key":"SMITH"}],"neow_cost":"NONE","seed_source_timestamp":1488465902671300,"circlet_count":0,"master_deck":["AscendersBane","Strike_R","Strike_R","Strike_R","Defend_R","Defend_R","Defend_R","Defend_R","Bash+1","Shockwave+1","Feed","Headbutt","Dropkick","Shrug It Off","Evolve","Impervious","Body Slam+1","Shrug It Off+1","Impervious","Flame Barrier","Rampage","Entrench+1"],"relics":["Burning Blood","Bloody Idol","Ancient Tea Set","Anchor","PreservedInsect","Cursed Key","Oddly Smooth Stone","Bottled Lightning"],"potions_floor_usage":[12,13,14,18,20,33],"damage_taken":[{"damage":2,"enemies":"2 Louse","floor":1,"turns":3},{"damage":1,"enemies":"Small Slimes","floor":5,"turns":4},{"damage":57,"enemies":"Lagavulin","floor":7,"turns":8},{"damage":0,"enemies":"Cultist","floor":10,"turns":2},{"damage":27,"enemies":"Gremlin Nob","floor":12,"turns":4},{"damage":0,"enemies":"3 Louse","floor":13,"turns":4},{"damage":14,"enemies":"Gremlin Gang","floor":14,"turns":7},{"damage":51,"enemies":"Slime Boss","floor":16,"turns":14},{"damage":20,"enemies":"Chosen","floor":18,"turns":7},{"damage":15,"enemies":"2 Thieves","floor":19,"turns":5},{"damage":35,"enemies":"Shelled Parasite and Fungi","floor":20,"turns":5},{"damage":6,"enemies":"Colosseum Slavers","floor":22,"turns":4},{"damage":2,"enemies":"Snake Plant","floor":24,"turns":5},{"damage":12,"enemies":"Book of Stabbing","floor":28,"turns":5},{"damage":17,"enemies":"Sentry and Sphere","floor":29,"turns":10},{"damage":0,"enemies":"Centurion and Healer","floor":31,"turns":6},{"damage":88,"enemies":"Champ","floor":33,"turns":18}],"seed_played":"1691498737096116684","potions_obtained":[{"floor":7,"key":"SpeedPotion"},{"floor":10,"key":"Energy Potion"},{"floor":12,"key":"Block Potion"},{"floor":16,"key":"EssenceOfSteel"},{"floor":18,"key":"PowerPotion"},{"floor":28,"key":"SkillPotion"}],"is_trial":false,"path_per_floor":["M","?","?","?","M","R","E","R","T","M","?","E","M","M","R","B",null,"M","M","M","$","?","R","M","R","T","?","E","M","?","M","R","B"],"character_chosen":"IRONCLAD","items_purchased":["Oddly Smooth Stone","Impervious"],"campfire_rested":3,"item_purchase_floors":[21,21],"current_hp_per_floor":[72,68,68,68,68,68,17,37,37,46,46,25,34,29,52,7,60,49,40,14,14,17,42,49,49,49,49,48,45,45,59,59,0],"gold":109,"neow_bonus":"UPGRADE_CARD","is_prod":false,"is_daily":false,"chose_seed":false,"campfire_upgraded":3,"win_rate":0,"timestamp":1554550700,"path_taken":["M","?","?","?","M","R","E","R","T","?","?","E","M","M","R","BOSS","M","M","?","$","?","R","M","R","T","?","E","M","?","M","R","BOSS"],"build_version":"2019-01-23","purchased_purges":1,"victory":false,"max_hp_per_floor":[75,68,68,68,68,68,68,68,68,71,71,71,74,77,77,77,77,80,80,83,83,86,86,89,89,89,89,89,92,92,95,95,95],"card_choices":[{"not_picked":["Thunderclap","Rage"],"picked":"Shockwave","floor":1},{"not_picked":["Rupture","Thunderclap","Body Slam"],"picked":"SKIP","floor":5},{"not_picked":["Battle Trance","Evolve"],"picked":"Feed","floor":7},{"not_picked":["Iron Wave","Perfected Strike"],"picked":"Headbutt","floor":10},{"not_picked":["Armaments","Demon Form"],"picked":"Dropkick","floor":12},{"not_picked":["Heavy Blade","Uppercut"],"picked":"Shrug It Off","floor":13},{"not_picked":["Clothesline","Perfected Strike"],"picked":"Evolve","floor":14},{"not_picked":["Demon Form","Barricade"],"picked":"Impervious","floor":16},{"not_picked":["Havoc","Clash+1"],"picked":"Body Slam+1","floor":18},{"not_picked":["Flex","Blood for Blood"],"picked":"Shrug It Off","floor":19},{"not_picked":["Infernal Blade","Havoc","Uppercut"],"picked":"SKIP","floor":20},{"not_picked":["Warcry","Iron Wave","Cleave"],"picked":"SKIP","floor":24},{"not_picked":["Reckless Charge","Intimidate"],"picked":"Flame Barrier","floor":28},{"not_picked":["Dual Wield","Warcry"],"picked":"Rampage","floor":29},{"not_picked":["Evolve","Thunderclap"],"picked":"Entrench","floor":31}],"player_experience":2537405,"relics_obtained":[{"floor":7,"key":"Ancient Tea Set"},{"floor":9,"key":"Anchor"},{"floor":12,"key":"PreservedInsect"},{"floor":28,"key":"Bottled Lightning"}],"event_choices":[{"damage_healed":0,"gold_gain":0,"player_choice":"Lose Max HP","damage_taken":0,"relics_obtained":["Golden Idol"],"max_hp_gain":0,"max_hp_loss":7,"event_name":"Golden Idol","floor":2,"gold_loss":0},{"cards_removed":["Strike_R"],"damage_healed":0,"gold_gain":0,"player_choice":"Card Removal","damage_taken":0,"max_hp_gain":0,"max_hp_loss":0,"event_name":"The Cleric","floor":3,"gold_loss":75},{"damage_healed":0,"gold_gain":50,"player_choice":"Pray","damage_taken":0,"max_hp_gain":0,"max_hp_loss":0,"event_name":"Golden Shrine","floor":4,"gold_loss":0},{"damage_healed":0,"gold_gain":0,"cards_transformed":["Strike_R"],"player_choice":"Transformed","damage_taken":0,"max_hp_gain":0,"max_hp_loss":0,"event_name":"Transmorgrifier","floor":11,"gold_loss":0,"cards_obtained":["Berserk"]},{"damage_healed":0,"gold_gain":0,"player_choice":"Fight","damage_taken":0,"max_hp_gain":0,"max_hp_loss":0,"event_name":"Colosseum","floor":22,"gold_loss":0},{"damage_healed":0,"gold_gain":0,"player_choice":"Fled From Nobs","damage_taken":0,"max_hp_gain":0,"max_hp_loss":0,"event_name":"Colosseum","floor":22,"gold_loss":0},{"damage_healed":0,"gold_gain":0,"player_choice":"Gave Idol","damage_taken":0,"relics_obtained":["Bloody Idol"],"max_hp_gain":0,"max_hp_loss":0,"event_name":"Forgotten Altar","floor":27,"relics_lost":["Golden Idol"],"gold_loss":0},{"damage_healed":0,"gold_gain":0,"player_choice":"Ignored","damage_taken":0,"max_hp_gain":0,"max_hp_loss":0,"event_name":"N\u0027loth","floor":30,"gold_loss":0}],"is_beta":false,"boss_relics":[{"not_picked":["Tiny House","Calling Bell"],"picked":"Cursed Key"}],"items_purged_floors":[21],"is_endless":false,"potions_floor_spawned":[7,10,12,16,18,22,28],"killed_by":"Champ","ascension_level":20}