{"gold_per_floor":[115,134,150,162,8,8,158,158,158,189,189,223,80,92,92,166,166,176,196,196,196,216,216,249,249,249,311,311,56,56,56,56,133,133,147,23,23,42,42,42,75,75,75,108,120,135,135,135,135,135],"floor_reached":51,"playtime":2075,"items_purged":["Strike_G"],"score":1342,"play_id":"05ed737b-e478-42de-80d5-8b83c7d7b37b","local_time":"20181213150734","is_ascension_mode":true,"campfire_choices":[{"data":"Neutralize","floor":6.0,"key":"SMITH"},{"data":"Footwork","floor":8.0,"key":"SMITH"},{"data":"A Thousand Cuts","floor":15.0,"key":"SMITH"},{"data":"Wraith Form v2","floor":23.0,"key":"SMITH"},{"data":"Cloak And Dagger","floor":25.0,"key":"SMITH"},{"data":"Prepared","floor":28.0,"key":"SMITH"},{"data":"Infinite Blades","floor":30.0,"key":"SMITH"},{"data":"Leg Sweep","floor":32.0,"key":"SMITH"},{"data":"Cloak And Dagger","floor":40.0,"key":"SMITH"},{"data":"After Image","floor":42.0,"key":"SMITH"},{"data":"Footwork","floor":47,"key":"SMITH"},{"floor":49,"key":"RECALL"}],"neow_cost":"CURSE","seed_source_timestamp":39934882893712,"circlet_count":0,"master_deck":["AscendersBane","Defend_G+1","Defend_G+1","Defend_G+1","Defend_G+1","Defend_G+1","Strike_G+1","Strike_G+1","Strike_G+1","Strike_G+1","Survivor+1","Neutralize+1","Clumsy","Dagger Spray+1","Deadly Poison+1","Footwork+1","Dodge and Roll+1","Leg Sweep+1","Doubt","Infinite Blades+1","Prepared+1","A Thousand Cuts+1","Wraith Form v2+1","Riddle With Holes+1","Cloak And Dagger+1","Decay","Doppelganger+1","Blur+1","Backflip+1","Cloak And Dagger+1","Dagger Spray+1","Concentrate+1","After Image+1","Prepared+1","Footwork+1","Escape Plan+1"],"special_seed":0,"relics":["Ring of the Snake","Du-Vu Doll","Regal Pillow","Ornamental Fan","Bag of Marbles","Coffee Dripper","Incense Burner","Blue Candle","Tiny Chest","Shuriken","Runic Pyramid","Strawberry","Lantern","FossilizedHelix","Mark of the Bloom"],"potions_floor_usage":[],"damage_taken":[{"damage":1.0,"enemies":"Jaw Worm","floor":1.0,"turns":4.0},{"damage":0.0,"enemies":"Cultist","floor":2.0,"turns":3.0},{"damage":0.0,"enemies":"Small Slimes","floor":3.0,"turns":3.0},{"damage":1.0,"enemies":"Looter","floor":4.0,"turns":4.0},{"damage":7.0,"enemies":"3 Sentries","floor":10.0,"turns":6.0},{"damage":38.0,"enemies":"Gremlin Nob","floor":12.0,"turns":6.0},{"damage":1.0,"enemies":"Exordium Wildlife","floor":14.0,"turns":2.0},{"damage":5.0,"enemies":"Hexaghost","floor":16.0,"turns":9.0},{"damage":14.0,"enemies":"2 Thieves","floor":18.0,"turns":4.0},{"damage":0.0,"enemies":"Spheric Guardian","floor":19.0,"turns":3.0},{"damage":7.0,"enemies":"Chosen and Byrds","floor":22.0,"turns":6.0},{"damage":5.0,"enemies":"Slavers","floor":24.0,"turns":5.0},{"damage":6.0,"enemies":"Gremlin Leader","floor":27.0,"turns":6.0},{"damage":18.0,"enemies":"Automaton","floor":33.0,"turns":7.0},{"damage":6.0,"enemies":"Orb Walker","floor":35.0,"turns":4.0},{"damage":3.0,"enemies":"3 Darklings","floor":38.0,"turns":3.0},{"damage":8.0,"enemies":"Giant Head","floor":41.0,"turns":10.0},{"damage":2.0,"enemies":"Reptomancer","floor":44.0,"turns":6.0},{"damage":1,"enemies":"Writhing Mass","floor":45,"turns":7},{"damage":0,"enemies":"Transient","floor":46,"turns":5},{"damage":5,"enemies":"Donu and Deca","floor":50,"turns":10}],"seed_played":"-937340450723730985","potions_obtained":[{"floor":2.0,"key":"LiquidBronze"},{"floor":4.0,"key":"Regen Potion"},{"floor":16.0,"key":"SpeedPotion"},{"floor":18.0,"key":"Ancient Potion"},{"floor":24.0,"key":"SteroidPotion"},{"floor":35.0,"key":"SpeedPotion"},{"floor":46,"key":"SpeedPotion"}],"is_trial":false,"path_per_floor":["M","M","M","M","$","R","?","R","T","E","?","E","$","M","R","B",null,"M","M","?","?","M","R","E","R","T","E","R","$","R","?","R","B",null,"M","$","?","M","$","R","E","R","T","E","M","M","R","?","R","B",null],"character_chosen":"THE_SILENT","items_purchased":["Leg Sweep","A Thousand Cuts","Shuriken","Backflip","Cloak And Dagger","Dagger Spray"],"campfire_rested":0,"item_purchase_floors":[5,13,29,36,36,36],"current_hp_per_floor":[58,58,58,57,57,57,57,57,57,50,50,12,12,11,11,21,55,41,41,41,54,47,47,42,42,42,36,36,36,36,36,36,18,54,48,48,48,45,45,45,44,44,44,42,41,41,41,41,41,36],"gold":135,"neow_bonus":"ONE_RARE_RELIC","is_prod":false,"is_daily":false,"chose_seed":false,"campfire_upgraded":11,"win_rate":0,"timestamp":1544742454,"path_taken":["M","M","M","M","$","R","?","R","T","E","?","E","$","M","R","BOSS","M","M","?","?","M","R","E","R","T","E","R","$","R","?","R","BOSS","M","$","?","M","$","R","E","R","T","E","M","M","R","?","R","BOSS"],"build_version":"2018-12-06","purchased_purges":1,"victory":true,"max_hp_per_floor":[66,66,66,66,66,66,66,66,66,66,66,66,66,66,66,66,66,66,66,66,66,66,66,66,66,66,66,66,66,66,66,66,66,66,66,66,66,66,66,66,73,73,73,73,73,73,73,73,73,73],"card_choices":[{"not_picked":["Accuracy","Slice"],"picked":"Dagger Spray","floor":1.0},{"not_picked":["Quick Slash","Sucker Punch"],"picked":"Deadly Poison","floor":2.0},{"not_picked":["Masterful Stab","Prepared"],"picked":"Footwork","floor":3.0},{"not_picked":["PiercingWail","All Out Attack"],"picked":"Dodge and Roll","floor":4.0},{"not_picked":["Quick Slash","Cloak And Dagger"],"picked":"Infinite Blades","floor":10.0},{"not_picked":["Underhanded Strike","Predator"],"picked":"Prepared","floor":12.0},{"not_picked":["Skewer","Eviscerate","Masterful Stab"],"picked":"SKIP","floor":14.0},{"not_picked":["A Thousand Cuts","Night Terror"],"picked":"Wraith Form v2","floor":16.0},{"not_picked":["Endless Agony","Dodge and Roll"],"picked":"Riddle With Holes","floor":18.0},{"not_picked":["Bane+1","Backflip"],"picked":"Cloak And Dagger","floor":19.0},{"not_picked":["Deflect","Blade Dance","Underhanded Strike"],"picked":"SKIP","floor":22.0},{"not_picked":["Dodge and Roll","Crippling Poison"],"picked":"Escape Plan","floor":24.0},{"not_picked":["Predator","Accuracy+1","Slice"],"picked":"SKIP","floor":27.0},{"not_picked":["Bullet Time","Die Die Die"],"picked":"Doppelganger","floor":33.0},{"not_picked":["Tactician","Riddle With Holes"],"picked":"Blur","floor":35.0},{"not_picked":["Flechettes","Crippling Poison"],"picked":"Concentrate+1","floor":38.0},{"not_picked":["Well Laid Plans","Blade Dance"],"picked":"After Image","floor":41.0},{"not_picked":["Underhanded Strike+1","Well Laid Plans"],"picked":"Prepared","floor":44.0},{"not_picked":["Bouncing Flask","Reflex+1"],"picked":"Footwork","floor":45},{"not_picked":["Slice+1","Quick Slash"],"picked":"Escape Plan","floor":46}],"player_experience":1791978,"relics_obtained":[{"floor":9.0,"key":"Regal Pillow"},{"floor":10.0,"key":"Ornamental Fan"},{"floor":12.0,"key":"Bag of Marbles"},{"floor":24.0,"key":"Incense Burner"},{"floor":26.0,"key":"Blue Candle"},{"floor":27.0,"key":"Tiny Chest"},{"floor":41.0,"key":"Strawberry"},{"floor":43.0,"key":"Lantern"},{"floor":44.0,"key":"FossilizedHelix"}],"event_choices":[{"damage_healed":0.0,"max_hp_gain":0.0,"max_hp_loss":0.0,"gold_gain":150.0,"event_name":"Liars Game","player_choice":"AGREE","floor":7.0,"gold_loss":0.0,"damage_taken":0.0,"cards_obtained":["Doubt"]},{"damage_healed":0.0,"max_hp_gain":0.0,"max_hp_loss":0.0,"gold_gain":0.0,"event_name":"Fountain of Cleansing","player_choice":"Ignored","floor":11.0,"gold_loss":0.0,"damage_taken":0.0},{"damage_healed":0.0,"max_hp_gain":0.0,"max_hp_loss":0.0,"gold_gain":0.0,"event_name":"The Mausoleum","player_choice":"Ignored","floor":20.0,"gold_loss":0.0,"damage_taken":0.0},{"damage_healed":13.0,"max_hp_gain":0.0,"max_hp_loss":0.0,"gold_gain":0.0,"event_name":"The Library","player_choice":"Heal","floor":21.0,"gold_loss":0.0,"damage_taken":0.0},{"damage_healed":0.0,"max_hp_gain":0.0,"max_hp_loss":0.0,"gold_gain":0.0,"event_name":"Forgotten Altar","player_choice":"Smashed Altar","floor":31.0,"gold_loss":0.0,"damage_taken":0.0,"cards_obtained":["Decay"]},{"cards_removed":["Escape Plan"],"damage_healed":0.0,"max_hp_gain":0.0,"max_hp_loss":0.0,"gold_gain":0.0,"event_name":"Falling","player_choice":"Removed Skill","floor":37.0,"gold_loss":0.0,"damage_taken":0.0},{"damage_healed":0,"gold_gain":0,"player_choice":"Upgrade","damage_taken":0,"relics_obtained":["Mark of the Bloom"],"max_hp_gain":0,"max_hp_loss":0,"event_name":"MindBloom","floor":48,"gold_loss":0,"cards_upgraded":["Defend_G","Defend_G","Defend_G","Defend_G","Defend_G","Strike_G","Strike_G","Strike_G","Strike_G","Survivor","Dagger Spray","Deadly Poison","Dodge and Roll","Riddle With Holes","Doppelganger","Blur","Backflip","Dagger Spray","Prepared","Escape Plan"]}],"is_beta":false,"boss_relics":[{"not_picked":["WristBlade","Orrery"],"picked":"Coffee Dripper"},{"not_picked":["Philosopher\u0027s Stone","HoveringKite"],"picked":"Runic Pyramid"}],"items_purged_floors":[5],"is_endless":false,"potions_floor_spawned":[2,4,10,16,18,24,35,46],"ascension_level":15}