{"gold_per_floor":[119,119,136,136,136,165,165,492,492,527,558,70,70,70,70,169,169,189,189,17,31,48,48],"floor_reached":23,"playtime":1938,"items_purged":["Strike_R","Pain"],"score":292,"play_id":"68747a99-701c-481c-b711-7e85024a1e20","local_time":"20190429235741","is_ascension_mode":true,"campfire_choices":[{"data":"Bash","floor":7,"key":"SMITH"},{"data":"Armaments","floor":13,"key":"SMITH"},{"data":"Juggernaut","floor":15,"key":"SMITH"}],"neow_cost":"NONE","seed_source_timestamp":9152065567171,"circlet_count":0,"master_deck":["Strike_R","Strike_R","Strike_R","Strike_R","Defend_R","Defend_R","Defend_R","Bash+1","Pommel Strike","True Grit+1","Juggernaut+1","Seeing Red","Armaments+1","Metallicize+1","Doubt","Clumsy","Fire Breathing+1"],"relics":["Burning Blood","NeowsBlessing","StoneCalendar","Mercury Hourglass","Old Coin","Singing Bowl","MawBank","Matryoshka","Calling Bell","Regal Pillow","Frozen Egg 2","Turnip"],"potions_floor_usage":[12,21,23],"damage_taken":[{"damage":0,"enemies":"Small Slimes","floor":1,"turns":1},{"damage":0,"enemies":"Jaw Worm","floor":3,"turns":1},{"damage":0,"enemies":"Gremlin Nob","floor":6,"turns":1},{"damage":28,"enemies":"3 Sentries","floor":8,"turns":6},{"damage":8,"enemies":"Gremlin Nob","floor":10,"turns":3},{"damage":4,"enemies":"2 Louse","floor":11,"turns":2},{"damage":5,"enemies":"The Guardian","floor":16,"turns":8},{"damage":37,"enemies":"2 Thieves","floor":18,"turns":5},{"damage":11,"enemies":"Shell Parasite","floor":21,"turns":7},{"damage":43,"enemies":"Snake Plant","floor":22,"turns":5},{"damage":33,"enemies":"Slavers","floor":23,"turns":2}],"seed_played":"-1438316471990375615","potions_obtained":[{"floor":3,"key":"Block Potion"},{"floor":10,"key":"Dexterity Potion"}],"is_trial":false,"path_per_floor":["M","?","M","?","?","E","R","E","T","E","M","$","R","?","R","B",null,"M","?","$","M","M","E"],"character_chosen":"IRONCLAD","items_purchased":["Matryoshka","Metallicize","Fruit Juice","Fire Breathing+1"],"campfire_rested":0,"item_purchase_floors":[12,12,12,20],"current_hp_per_floor":[80,85,85,78,75,81,81,59,59,57,61,66,66,66,66,69,94,65,65,65,62,27,0],"gold":48,"neow_bonus":"THREE_ENEMY_KILL","is_prod":false,"is_daily":false,"chose_seed":false,"campfire_upgraded":3,"win_rate":0,"timestamp":1556593061,"path_taken":["M","?","M","?","?","E","R","E","T","E","M","$","R","?","R","BOSS","M","?","$","?","M","E"],"build_version":"2019-01-23","purchased_purges":2,"victory":false,"max_hp_per_floor":[80,85,85,85,85,85,85,85,85,85,87,92,92,92,92,94,94,96,96,96,98,100,100],"card_choices":[{"not_picked":["Perfected Strike","Body Slam"],"picked":"Pommel Strike","floor":1},{"not_picked":["Anger","Twin Strike"],"picked":"True Grit","floor":3},{"not_picked":["Rupture","Evolve"],"picked":"Juggernaut","floor":6},{"not_picked":["Sword Boomerang","Flex"],"picked":"Seeing Red","floor":8},{"not_picked":["Searing Blow","Perfected Strike"],"picked":"Armaments","floor":10},{"not_picked":["Second Wind","Hemokinesis","Thunderclap"],"picked":"Singing Bowl","floor":11},{"not_picked":["Double Tap","Dark Embrace","Exhume"],"picked":"Singing Bowl","floor":16},{"not_picked":["Carnage+1","Wild Strike+1","Combust+1"],"picked":"Singing Bowl","floor":18},{"not_picked":["Clash","Shockwave","Sever Soul"],"picked":"Singing Bowl","floor":21},{"not_picked":["Disarm","Blood for Blood","Intimidate"],"picked":"Singing Bowl","floor":22}],"player_experience":185418,"relics_obtained":[{"floor":6,"key":"Mercury Hourglass"},{"floor":8,"key":"Old Coin"},{"floor":9,"key":"Singing Bowl"},{"floor":10,"key":"MawBank"},{"floor":17,"key":"Regal Pillow"},{"floor":17,"key":"Frozen Egg 2"},{"floor":17,"key":"Turnip"}],"event_choices":[{"damage_healed":0,"gold_gain":0,"player_choice":"Donut","damage_taken":0,"max_hp_gain":5,"max_hp_loss":0,"event_name":"Big Fish","floor":2,"gold_loss":0},{"cards_removed":["Defend_R"],"damage_healed":0,"gold_gain":0,"player_choice":"Card Removal","damage_taken":7,"max_hp_gain":0,"max_hp_loss":0,"event_name":"Golden Wing","floor":4,"gold_loss":0},{"damage_healed":0,"gold_gain":0,"player_choice":"Success","damage_taken":3,"relics_obtained":["StoneCalendar"],"max_hp_gain":0,"max_hp_loss":0,"event_name":"Scrap Ooze","floor":5,"gold_loss":0},{"damage_healed":0,"gold_gain":0,"player_choice":"Grow","damage_taken":0,"max_hp_gain":0,"max_hp_loss":0,"event_name":"Living Wall","floor":14,"gold_loss":0,"cards_upgraded":["Metallicize"]},{"damage_healed":0,"gold_gain":0,"player_choice":"Upgraded","damage_taken":0,"max_hp_gain":0,"max_hp_loss":0,"event_name":"Upgrade Shrine","floor":19,"gold_loss":0,"cards_upgraded":["True Grit"]}],"is_beta":false,"boss_relics":[{"not_picked":["Coffee Dripper","Orrery"],"picked":"Calling Bell"}],"items_purged_floors":[12,20],"is_endless":false,"potions_floor_spawned":[3,10],"killed_by":"Slavers","ascension_level":3}