{"gold_per_floor":[110,110,35,47,64,95,115,115,115,130,130,54,54,71,71,71],"floor_reached":16,"playtime":394,"items_purged":["Defend_R"],"score":102,"play_id":"d3de30aa-43ac-497d-8aff-d5af60f10990","local_time":"20190115001227","is_ascension_mode":false,"campfire_choices":[{"data":"Thunderclap","floor":8,"key":"SMITH"},{"data":"Whirlwind","floor":15,"key":"SMITH"}],"neow_cost":"NONE","seed_source_timestamp":444139269965043,"circlet_count":0,"master_deck":["Strike_R","Strike_R","Strike_R","Strike_R","Strike_R","Defend_R","Defend_R","Defend_R","Bash","Sword Boomerang","Flex","Thunderclap+1","Thunderclap","Sword Boomerang","Whirlwind+1","Warcry"],"relics":["Burning Blood","Bottled Flame","Torii","Peace Pipe"],"potions_floor_usage":[14,16],"damage_taken":[{"damage":10,"enemies":"Small Slimes","floor":1,"turns":4},{"damage":6,"enemies":"Cultist","floor":4,"turns":3},{"damage":8,"enemies":"Jaw Worm","floor":5,"turns":3},{"damage":47,"enemies":"3 Sentries","floor":6,"turns":10},{"damage":15,"enemies":"3 Louse","floor":7,"turns":3},{"damage":2,"enemies":"Looter","floor":10,"turns":3},{"damage":10,"enemies":"Exordium Thugs","floor":14,"turns":4},{"damage":28,"enemies":"The Guardian","floor":16,"turns":8}],"seed_played":"-980632310534008730","potions_obtained":[{"floor":4,"key":"SpeedPotion"},{"floor":6,"key":"LiquidBronze"},{"floor":10,"key":"Dexterity Potion"}],"is_trial":false,"path_per_floor":["M","?","$","M","M","E","M","R","T","M","$","$","?","M","R","B"],"character_chosen":"IRONCLAD","items_purchased":["Whirlwind"],"campfire_rested":0,"item_purchase_floors":[12],"current_hp_per_floor":[76,90,90,90,88,47,38,38,38,42,42,42,30,26,26,0],"gold":71,"neow_bonus":"ONE_RANDOM_RARE_CARD","is_prod":false,"is_daily":false,"chose_seed":false,"campfire_upgraded":2,"win_rate":0,"timestamp":1547507547,"path_taken":["M","?","$","?","M","E","M","R","T","M","?","$","?","M","R","BOSS"],"build_version":"2019-01-10","purchased_purges":1,"victory":false,"max_hp_per_floor":[80,90,90,90,90,90,90,90,90,90,90,90,90,90,90,90],"card_choices":[{"not_picked":["Havoc","Armaments"],"picked":"Sword Boomerang","floor":1},{"not_picked":["Body Slam","Feel No Pain","Iron Wave"],"picked":"SKIP","floor":4},{"not_picked":["Power Through","Iron Wave"],"picked":"Flex","floor":5},{"not_picked":["Cleave","Exhume"],"picked":"Thunderclap","floor":6},{"not_picked":["Evolve","True Grit"],"picked":"Thunderclap","floor":7},{"not_picked":["Warcry","Dual Wield"],"picked":"Sword Boomerang","floor":10},{"not_picked":["Heavy Blade","Cleave"],"picked":"Warcry","floor":14}],"player_experience":460112,"relics_obtained":[{"floor":6,"key":"Bottled Flame"},{"floor":9,"key":"Torii"}],"event_choices":[{"cards_removed":["Exhume"],"damage_healed":4,"gold_gain":0,"player_choice":"Offered Rare","damage_taken":0,"max_hp_gain":10,"max_hp_loss":0,"event_name":"Bonfire Elementals","floor":2,"gold_loss":0},{"damage_healed":0,"gold_gain":0,"player_choice":"Success","damage_taken":12,"relics_obtained":["Peace Pipe"],"max_hp_gain":0,"max_hp_loss":0,"event_name":"Scrap Ooze","floor":13,"gold_loss":0}],"is_beta":false,"boss_relics":[],"items_purged_floors":[3],"is_endless":false,"potions_floor_spawned":[4,6,10],"killed_by":"The Guardian","ascension_level":0}