{"gold_per_floor":[112,127,147,147,117,117,117,128,128,128,140,50,50,76,76,177,177,188,207,207,207,207,207,225,235,235,235],"floor_reached":27,"playtime":1109,"items_purged":["Strike_G"],"score":323,"play_id":"07983edd-1082-457d-8668-67e54b74cd0b","local_time":"20180912000718","is_ascension_mode":true,"campfire_choices":[{"data":"Caltrops","floor":6,"key":"SMITH"},{"floor":10,"key":"REST"},{"data":"Die Die Die","floor":13,"key":"SMITH"},{"data":"Catalyst","floor":15,"key":"SMITH"},{"floor":23,"key":"REST"}],"neow_cost":"NONE","seed_source_timestamp":158369069329667,"circlet_count":0,"master_deck":["Defend_G","Defend_G+1","Defend_G","Defend_G","Defend_G","Strike_G","Strike_G","Strike_G","Survivor","Neutralize","AscendersBane","Dagger Spray","Caltrops+1","Prepared","Backflip+1","Poisoned Stab","Die Die Die+1","Catalyst+1","Poisoned Stab","After Image","Cloak And Dagger+1","Dagger Spray+1"],"relics":["Ring of the Serpent","Boot","Incense Burner","The Courier","Dodecahedron","Vajra","Kunai"],"potions_floor_usage":[22],"damage_taken":[{"damage":0,"enemies":"Jaw Worm","floor":1,"turns":4},{"damage":0,"enemies":"2 Louse","floor":2,"turns":2},{"damage":7,"enemies":"Small Slimes","floor":3,"turns":3},{"damage":1,"enemies":"Looter","floor":5,"turns":4},{"damage":8,"enemies":"Large Slime","floor":8,"turns":8},{"damage":2,"enemies":"2 Fungi Beasts","floor":11,"turns":4},{"damage":10,"enemies":"Lagavulin","floor":14,"turns":6},{"damage":17,"enemies":"Hexaghost","floor":16,"turns":9},{"damage":10,"enemies":"Shell Parasite","floor":18,"turns":6},{"damage":27,"enemies":"Chosen","floor":19,"turns":5},{"damage":2,"enemies":"Shelled Parasite and Fungi","floor":22,"turns":3},{"damage":14,"enemies":"Centurion and Healer","floor":24,"turns":7},{"damage":15,"enemies":"3 Cultists","floor":25,"turns":6},{"damage":10,"enemies":"Book of Stabbing","floor":27,"turns":3}],"seed_played":"-4598674981989195868","potions_obtained":[{"floor":8,"key":"SmokeBomb"},{"floor":11,"key":"Ancient Potion"}],"is_trial":false,"path_per_floor":["M","M","M","?","M","R","?","M","T","R","M","$","R","E","R","B",null,"M","M","?","?","M","R","M","M","T"],"character_chosen":"THE_SILENT","items_purchased":["Catalyst"],"campfire_rested":2,"item_purchase_floors":[12],"current_hp_per_floor":[63,63,56,44,43,43,29,21,21,42,40,40,40,30,30,13,56,46,19,19,19,17,38,24,9,9,0],"gold":235,"neow_bonus":"RANDOM_COMMON_RELIC","is_prod":false,"is_daily":false,"chose_seed":false,"campfire_upgraded":3,"win_rate":0,"timestamp":1536703638,"path_taken":["M","M","M","?","M","R","?","M","T","R","M","$","R","E","R","BOSS","M","M","?","?","M","R","M","?","T","E"],"build_version":"2018-09-06","purchased_purges":1,"victory":false,"max_hp_per_floor":[70,70,70,70,70,70,70,70,70,70,70,70,70,70,70,70,70,70,70,70,70,70,70,70,70,70,70],"card_choices":[{"not_picked":["Prepared","Finisher"],"picked":"Dagger Spray","floor":1},{"not_picked":["Dodge and Roll","Bane"],"picked":"Caltrops","floor":2},{"not_picked":["Underhanded Strike","Reflex"],"picked":"Prepared","floor":3},{"not_picked":["Bane","Slice"],"picked":"Backflip","floor":5},{"not_picked":["Flying Knee","Outmaneuver"],"picked":"Poisoned Stab","floor":8},{"not_picked":["Blade Dance","Noxious Fumes"],"picked":"Die Die Die","floor":11},{"not_picked":["Sucker Punch","Dagger Throw"],"picked":"Poisoned Stab","floor":14},{"not_picked":["Grand Finale","Wraith Form v2"],"picked":"After Image","floor":16},{"not_picked":["Dagger Throw","Outmaneuver","Accuracy"],"picked":"SKIP","floor":18},{"not_picked":["Outmaneuver","Dagger Throw","Heel Hook"],"picked":"SKIP","floor":19},{"not_picked":["Outmaneuver","Prepared"],"picked":"Cloak And Dagger+1","floor":24},{"not_picked":["Prepared","Quick Slash"],"picked":"Dagger Spray+1","floor":25}],"player_experience":262748,"relics_obtained":[{"floor":9,"key":"The Courier"},{"floor":14,"key":"Dodecahedron"},{"floor":26,"key":"Kunai"}],"event_choices":[{"event_name":"Scrap Ooze","player_choice":"success","floor":4,"damage_taken":12},{"event_name":"Shining Light","player_choice":"Entered Light","floor":7,"damage_taken":0},{"event_name":"The Mausoleum","player_choice":"Yes","floor":20,"damage_taken":0},{"event_name":"Purifier","player_choice":"One Purge","floor":21,"damage_taken":0}],"is_beta":false,"boss_relics":[{"not_picked":["Sozu","Eternal Feather"],"picked":"Ring of the Serpent"}],"items_purged_floors":[12],"is_endless":false,"potions_floor_spawned":[8,11],"killed_by":"Book of Stabbing","ascension_level":10}