{"gold_per_floor":[114,125,138,149,149,149,180,192,215,215,64,98,117,137,137,235,235,255,34,51,71,85,112,112,112,112,138,171,171,46,72,72,72],"floor_reached":33,"playtime":2296,"items_purged":["Strike_B","Strike_B","Decay"],"score":367,"play_id":"cd5c0637-2d3f-4344-9c08-57fb3b5d5050","local_time":"20190324123803","is_ascension_mode":false,"campfire_choices":[{"data":"Hyperbeam","floor":6,"key":"SMITH"},{"data":"Genetic Algorithm","floor":10,"key":"SMITH"},{"data":"Self Repair","floor":15,"key":"SMITH"},{"data":"Double Energy","floor":24,"key":"SMITH"},{"floor":32,"key":"DIG"}],"neow_cost":"NONE","seed_source_timestamp":790918317211300,"circlet_count":0,"master_deck":["Strike_B","Strike_B+1","Defend_B","Defend_B","Defend_B","Defend_B","Zap","Dualcast","Steam","Loop","Genetic Algorithm+1","Hyperbeam+1","Self Repair+1","Undo","Fission","Turbo","Sunder+1","Double Energy+1"],"relics":["Cracked Core","Boot","Pen Nib","Bag of Marbles","Runic Pyramid","Whetstone","Molten Egg 2","Red Mask","Calipers","Shovel","Potion Belt"],"potions_floor_usage":[12,12,16,16,16,21,28,31],"damage_taken":[{"damage":2,"enemies":"Small Slimes","floor":1,"turns":4},{"damage":1,"enemies":"Cultist","floor":2,"turns":3},{"damage":6,"enemies":"Jaw Worm","floor":3,"turns":3},{"damage":4,"enemies":"Looter","floor":4,"turns":3},{"damage":10,"enemies":"3 Sentries","floor":7,"turns":3},{"damage":0,"enemies":"2 Fungi Beasts","floor":8,"turns":1},{"damage":20,"enemies":"Gremlin Nob","floor":12,"turns":4},{"damage":0,"enemies":"Exordium Thugs","floor":13,"turns":1},{"damage":0,"enemies":"3 Louse","floor":14,"turns":1},{"damage":22,"enemies":"The Guardian","floor":16,"turns":13},{"damage":16,"enemies":"3 Byrds","floor":18,"turns":5},{"damage":4,"enemies":"Shell Parasite","floor":20,"turns":5},{"damage":23,"enemies":"Snecko","floor":21,"turns":6},{"damage":7,"enemies":"3 Cultists","floor":22,"turns":5},{"damage":0,"enemies":"Slavers","floor":23,"turns":4},{"damage":0,"enemies":"Masked Bandits","floor":27,"turns":1},{"damage":41,"enemies":"Book of Stabbing","floor":28,"turns":6},{"damage":0,"enemies":"Slavers","floor":31,"turns":2},{"damage":53,"enemies":"Champ","floor":33,"turns":12}],"seed_played":"-1713003449647611655","potions_obtained":[{"floor":2,"key":"PowerPotion"},{"floor":4,"key":"Poison Potion"},{"floor":7,"key":"Strength Potion"},{"floor":8,"key":"PowerPotion"},{"floor":12,"key":"EssenceOfSteel"},{"floor":14,"key":"Swift Potion"},{"floor":20,"key":"FocusPotion"},{"floor":21,"key":"Block Potion"},{"floor":28,"key":"LiquidBronze"}],"is_trial":false,"path_per_floor":["M","M","M","M","?","R","E","M","T","R","$","E","M","M","R","B",null,"M","$","M","M","M","E","R","$","T","?","E","?","$","E","R","B"],"character_chosen":"DEFECT","items_purchased":["Self Repair","Sunder","Double Energy"],"campfire_rested":0,"item_purchase_floors":[11,19,19],"current_hp_per_floor":[80,79,73,69,69,69,59,59,59,59,59,46,46,46,46,34,82,76,76,82,69,72,82,82,82,82,82,51,35,35,45,45,0],"gold":72,"neow_bonus":"TEN_PERCENT_HP_BONUS","is_prod":false,"is_daily":false,"chose_seed":false,"campfire_upgraded":4,"win_rate":0.0,"timestamp":1553423883,"path_taken":["M","M","M","M","?","R","E","M","T","R","$","E","M","M","R","BOSS","M","$","?","M","M","E","R","$","T","?","E","?","$","E","R","BOSS"],"build_version":"2019-01-23","purchased_purges":3,"victory":false,"max_hp_per_floor":[82,82,82,82,82,82,82,82,82,82,82,82,82,82,82,82,82,82,82,82,82,82,82,82,82,82,82,82,87,87,87,87,87],"card_choices":[{"not_picked":["Beam Cell","Conserve Battery"],"picked":"Steam","floor":1},{"not_picked":["Rebound","Gash"],"picked":"Loop","floor":2},{"not_picked":["Turbo","Blizzard"],"picked":"Genetic Algorithm","floor":3},{"not_picked":["Beam Cell","Gash"],"picked":"Hyperbeam","floor":4},{"not_picked":["Coolheaded","Stack","Hello World"],"picked":"SKIP","floor":7},{"not_picked":["Heatsinks","Static Discharge","Ball Lightning"],"picked":"SKIP","floor":8},{"not_picked":["Reinforced Body","BootSequence"],"picked":"Undo","floor":12},{"not_picked":["Barrage","Hologram","Defragment"],"picked":"SKIP","floor":13},{"not_picked":["Aggregate","Go for the Eyes","Leap"],"picked":"SKIP","floor":14},{"not_picked":["All For One","Creative AI"],"picked":"Fission","floor":16},{"not_picked":["Conserve Battery","Rip and Tear"],"picked":"Turbo","floor":18},{"not_picked":["Capacitor","Go for the Eyes","Compile Driver"],"picked":"SKIP","floor":20},{"not_picked":["Lockon+1","Gash","Double Energy"],"picked":"SKIP","floor":21},{"not_picked":["Creative AI","Blizzard+1","Compile Driver"],"picked":"SKIP","floor":22},{"not_picked":["Static Discharge","Conserve Battery","Hello World"],"picked":"SKIP","floor":23},{"not_picked":["Scrape+1","Go for the Eyes+1","Coolheaded"],"picked":"SKIP","floor":28},{"not_picked":["Coolheaded+1","Chill","Reinforced Body"],"picked":"SKIP","floor":31}],"player_experience":82579,"relics_obtained":[{"floor":7,"key":"Boot"},{"floor":9,"key":"Pen Nib"},{"floor":12,"key":"Bag of Marbles"},{"floor":23,"key":"Whetstone"},{"floor":26,"key":"Molten Egg 2"},{"floor":27,"key":"Red Mask"},{"floor":28,"key":"Calipers"},{"floor":31,"key":"Shovel"},{"floor":32,"key":"Potion Belt"}],"event_choices":[{"damage_healed":0,"gold_gain":0,"player_choice":"Cursed","damage_taken":0,"max_hp_gain":0,"max_hp_loss":0,"event_name":"Wheel of Change","floor":5,"gold_loss":0,"cards_obtained":["Decay"]},{"damage_healed":0,"gold_gain":0,"player_choice":"Fought Bandits","damage_taken":0,"max_hp_gain":0,"max_hp_loss":0,"event_name":"Masked Bandits","floor":27,"gold_loss":0},{"damage_healed":0,"gold_gain":0,"player_choice":"Shed Blood","damage_taken":21,"max_hp_gain":5,"max_hp_loss":0,"event_name":"Forgotten Altar","floor":29,"gold_loss":0}],"is_beta":false,"boss_relics":[{"not_picked":["White Beast Statue","Coffee Dripper"],"picked":"Runic Pyramid"}],"items_purged_floors":[11,19,30],"is_endless":false,"potions_floor_spawned":[2,4,7,8,12,14,20,21,28],"killed_by":"Champ","ascension_level":0}