{"path_per_floor":["M","M","M","M","M","E","R","E","T","M","M","?","R","?","R","B",null,"M","M","M","?"],"character_chosen":"THE_SILENT","items_purchased":[],"gold_per_floor":[119,139,154,173,190,225,225,254,302,319,339,339,339,414,414,514,514,525,535,545,470],"floor_reached":22,"campfire_rested":1,"playtime":2124,"current_hp_per_floor":[70,70,70,66,46,50,50,38,38,37,36,36,57,46,46,26,70,50,47,13,13],"items_purged":[],"gold":470,"score":200,"play_id":"e1cfd45d-6c72-40c4-b4fd-028e93e85210","is_prod":false,"is_daily":false,"is_ascension_mode":false,"campfire_upgraded":2,"path_taken":["M","M","?","M","M","E","R","E","T","M","M","?","R","?","R","BOSS","M","M","?","?","M"],"build_version":"2018-02-15-PROD1","purchased_purges":0,"victory":false,"master_deck":["Defend_G","Defend_G","Defend_G","Defend_G","Defend_G","Strike_G","Strike_G","Strike_G","Strike_G","Survivor","Neutralize","Finisher","Poisoned Stab","Eviscerate","Dash","Poisoned Stab+1","Footwork","Flying Knee","Flying Knee","Poisoned Stab+1","Envenom","Noxious Fumes","Dodge and Roll+1","Outmaneuver+1"],"max_hp_per_floor":[70,70,70,70,70,70,70,70,70,70,70,70,70,70,70,70,70,70,70,70,70],"relics":["Ring of the Snake","Ornamental Fan","Pen Nib","Bag of Preparation","Question Card"],"card_choices":[{"not_picked":["Dagger Throw","Bullet Time"],"picked":"Finisher"},{"not_picked":["Sucker Punch","PiercingWail"],"picked":"Poisoned Stab"},{"not_picked":["Deflect","Dodge and Roll"],"picked":"Eviscerate"},{"not_picked":["Choke","Quick Slash"],"picked":"Dash"},{"not_picked":["Skewer","Blade Dance"],"picked":"Poisoned Stab"},{"not_picked":["Burst","Acrobatics"],"picked":"Footwork"},{"not_picked":["Heel Hook","Quick Slash"],"picked":"Flying Knee"},{"not_picked":["Well Laid Plans","Slice"],"picked":"Flying Knee"},{"not_picked":["Dagger Spray","Acrobatics"],"picked":"Poisoned Stab"},{"not_picked":["A Thousand Cuts","Doppelganger"],"picked":"Envenom"},{"not_picked":["Dagger Throw","Dodge and Roll","Footwork"],"picked":"Noxious Fumes"},{"not_picked":["Dagger Spray","Sucker Punch","Riddle With Holes"],"picked":"Dodge and Roll"},{"not_picked":["Sucker Punch","Dash","Terror"],"picked":"Outmaneuver"}],"player_experience":5879,"potions_floor_usage":[6,20,22],"damage_taken":[{"damage":0,"enemies":"Cultist","floor":1,"turns":4},{"damage":0,"enemies":"Jaw Worm","floor":2,"turns":5},{"damage":0,"enemies":"Small Slimes","floor":3,"turns":3},{"damage":4,"enemies":"Blue Slaver","floor":4,"turns":5},{"damage":20,"enemies":"Large Slime","floor":5,"turns":10},{"damage":11,"enemies":"3 Sentries","floor":6,"turns":8},{"damage":12,"enemies":"Lagavulin","floor":8,"turns":9},{"damage":1,"enemies":"Red Slaver","floor":10,"turns":4},{"damage":1,"enemies":"Lots of Slimes","floor":11,"turns":4},{"damage":20,"enemies":"Hexaghost","floor":16,"turns":10},{"damage":20,"enemies":"2 Thieves","floor":18,"turns":4},{"damage":3,"enemies":"Shell Parasite","floor":19,"turns":6},{"damage":34,"enemies":"Snake Plant","floor":20,"turns":6},{"damage":14,"enemies":"Chosen and Byrds","floor":22,"turns":4}],"event_choices":[{"event_name":"The Woman in Blue","player_choice":"Bought 0 Potions","floor":12,"damage_taken":0},{"event_name":"World of Goop","player_choice":"Gather Gold","floor":14,"damage_taken":0},{"event_name":"Beggar","player_choice":"Gave Gold","floor":21,"damage_taken":0}],"boss_relics":[{"not_picked":["White Beast Statue","Runic Dome"],"picked":"Question Card"}],"potions_floor_spawned":[2,4,5,8,16],"seed_played":"2266725149461149171","killed_by":"Chosen and Byrds","ascension_level":0,"is_trial":false}