{"gold_per_floor":[12,12,12,12,25,25,59,77,103,131,131,148,148,161,161,161],"floor_reached":16,"playtime":626,"items_purged":[],"score":121,"play_id":"55149579-8fcb-49f8-8790-f44c938b7f68","local_time":"20181005161352","is_ascension_mode":true,"campfire_choices":[{"data":"Neutralize","floor":6,"key":"SMITH"},{"data":"Noxious Fumes","floor":11,"key":"SMITH"},{"floor":13,"key":"REST"},{"floor":15,"key":"REST"}],"neow_cost":"NO_GOLD","seed_source_timestamp":1623822672577299,"circlet_count":0,"master_deck":["Defend_G","Defend_G+1","Defend_G","Defend_G","Defend_G","Strike_G+1","Strike_G","Strike_G","Strike_G","Survivor","Neutralize+1","Noxious Fumes+1","Dodge and Roll","Deadly Poison","Dodge and Roll","Deflect"],"relics":["Ring of the Snake","Tough Bandages","Happy Flower","Orichalcum","Juzu Bracelet"],"potions_floor_usage":[16,16,16],"damage_taken":[{"damage":7,"enemies":"Jaw Worm","floor":1,"turns":5},{"damage":0,"enemies":"Small Slimes","floor":5,"turns":3},{"damage":29,"enemies":"Gremlin Nob","floor":7,"turns":6},{"damage":0,"enemies":"2 Louse","floor":8,"turns":3},{"damage":5,"enemies":"3 Sentries","floor":10,"turns":8},{"damage":0,"enemies":"Blue Slaver","floor":12,"turns":4},{"damage":10,"enemies":"Exordium Thugs","floor":14,"turns":6},{"damage":53,"enemies":"Slime Boss","floor":16,"turns":8}],"seed_played":"-3421491163536922890","potions_obtained":[{"floor":1,"key":"Fire Potion"},{"floor":7,"key":"Weak Potion"},{"floor":14,"key":"Swift Potion"}],"is_trial":false,"path_per_floor":["M","?","?","?","M","R","E","M","T","E","R","M","R","M","R"],"character_chosen":"THE_SILENT","items_purchased":[],"campfire_rested":2,"item_purchase_floors":[],"current_hp_per_floor":[63,49,49,49,49,49,20,20,20,15,15,15,36,26,47,0],"gold":161,"neow_bonus":"ONE_RARE_RELIC","is_prod":false,"is_daily":false,"chose_seed":false,"campfire_upgraded":2,"win_rate":0,"timestamp":1538748832,"path_taken":["M","?","?","?","M","R","E","?","T","E","R","M","R","M","R","BOSS"],"build_version":"2018-09-27","purchased_purges":0,"victory":false,"max_hp_per_floor":[70,70,70,70,70,70,70,70,70,70,70,70,70,70,70,70],"card_choices":[{"not_picked":["Riddle With Holes","Leg Sweep"],"picked":"Noxious Fumes","floor":1},{"not_picked":["Outmaneuver","Underhanded Strike"],"picked":"Dodge and Roll","floor":5},{"not_picked":["Well Laid Plans","Flechettes"],"picked":"Deadly Poison","floor":7},{"not_picked":["Distraction","Poisoned Stab","Quick Slash"],"picked":"SKIP","floor":8},{"not_picked":["Finisher","Blade Dance","Bane"],"picked":"SKIP","floor":10},{"not_picked":["Caltrops","Eviscerate"],"picked":"Dodge and Roll","floor":12},{"not_picked":["Slice","Bane"],"picked":"Deflect","floor":14}],"player_experience":93409,"relics_obtained":[{"floor":7,"key":"Happy Flower"},{"floor":9,"key":"Orichalcum"},{"floor":10,"key":"Juzu Bracelet"}],"event_choices":[{"event_name":"Shining Light","player_choice":"Entered Light","floor":2,"damage_taken":0},{"event_name":"Living Wall","player_choice":"Forget","floor":3,"damage_taken":0},{"event_name":"The Cleric","player_choice":"Leave","floor":4,"damage_taken":0}],"is_beta":false,"boss_relics":[],"items_purged_floors":[],"is_endless":false,"potions_floor_spawned":[1,7,14],"killed_by":"Slime Boss","ascension_level":2}