{"gold_per_floor":[125,155,183,270,292,330,342,354,412,424,465,477,522,552,564,648,660,690,752,764,776,803,815,862,874,932,944,364,390,390,407,407,479,479,494,508,458,271,289,84,113,113,140,153,0,0,0,0],"floor_reached":48,"playtime":2300,"items_purged":["Bite"],"score":950,"play_id":"8601145c-baae-4457-bc0a-299afa2238cb","local_time":"20190226121712","is_ascension_mode":true,"campfire_choices":[{"data":"Uppercut","floor":7.0,"key":"SMITH"},{"floor":10.0,"key":"REST"},{"data":"True Grit","floor":12.0,"key":"SMITH"},{"data":"Disarm","floor":15.0,"key":"SMITH"},{"data":"Immolate","floor":23.0,"key":"SMITH"},{"data":"True Grit","floor":25.0,"key":"SMITH"},{"data":"Spot Weakness","floor":27.0,"key":"SMITH"},{"data":"Apotheosis","floor":32.0,"key":"SMITH"},{"data":"Dark Embrace","floor":42.0,"key":"SMITH"},{"data":"Disarm","floor":46.0,"key":"SMITH"}],"neow_cost":"NONE","seed_source_timestamp":14085086842406,"circlet_count":0,"master_deck":["AscendersBane","Defend_R","Defend_R","Defend_R","Defend_R","Bash","Twin Strike","Uppercut+1","Pommel Strike","True Grit+1","Impervious","Immolate+1","Disarm+1","Shrug It Off","Reaper","Spot Weakness+1","Bite","Bite+1","Bite","Bite+1","True Grit+1","Apotheosis+1","Disarm+1","Dark Embrace+1","Feel No Pain+1","Master of Strategy"],"special_seed":0,"relics":["Burning Blood","MawBank","Question Card","Happy Flower","Art of War","Bird Faced Urn","Busted Crown","Blue Candle","Smiling Mask","Pen Nib","Ancient Tea Set","Turnip","Lizard Tail","Strawberry","Prayer Wheel","Whetstone","Red Mask"],"potions_floor_usage":[48],"damage_taken":[{"damage":0.0,"enemies":"Small Slimes","floor":1.0,"turns":3.0},{"damage":13.0,"enemies":"Jaw Worm","floor":2.0,"turns":4.0},{"damage":7.0,"enemies":"2 Louse","floor":3.0,"turns":3.0},{"damage":4.0,"enemies":"Large Slime","floor":5.0,"turns":7.0},{"damage":35.0,"enemies":"3 Sentries","floor":6.0,"turns":7.0},{"damage":17.0,"enemies":"Gremlin Nob","floor":11.0,"turns":4.0},{"damage":1.0,"enemies":"Lagavulin","floor":13.0,"turns":5.0},{"damage":10.0,"enemies":"Looter","floor":14.0,"turns":4.0},{"damage":34.0,"enemies":"Hexaghost","floor":16.0,"turns":11.0},{"damage":8.0,"enemies":"Chosen","floor":18.0,"turns":5.0},{"damage":2.0,"enemies":"Shell Parasite","floor":22.0,"turns":5.0},{"damage":23.0,"enemies":"Book of Stabbing","floor":24.0,"turns":6.0},{"damage":18.0,"enemies":"Slavers","floor":29.0,"turns":4.0},{"damage":23.0,"enemies":"Chosen and Byrds","floor":31.0,"turns":6.0},{"damage":62.0,"enemies":"Collector","floor":33.0,"turns":16.0},{"damage":11.0,"enemies":"3 Shapes","floor":35.0,"turns":8.0},{"damage":26.0,"enemies":"Orb Walker","floor":36.0,"turns":4.0},{"damage":26.0,"enemies":"Transient","floor":39.0,"turns":5.0},{"damage":81.0,"enemies":"Giant Head","floor":41.0,"turns":11.0},{"damage":14.0,"enemies":"4 Shapes","floor":44.0,"turns":7.0},{"damage":60,"enemies":"Reptomancer","floor":48,"turns":2}],"seed_played":"7902956418776287218","potions_obtained":[{"floor":2.0,"key":"Fire Potion"},{"floor":3.0,"key":"Swift Potion"},{"floor":6.0,"key":"SmokeBomb"},{"floor":11.0,"key":"Dexterity Potion"},{"floor":24.0,"key":"Explosive Potion"},{"floor":29.0,"key":"EssenceOfSteel"},{"floor":33.0,"key":"Energy Potion"},{"floor":36.0,"key":"Strength Potion"},{"floor":44.0,"key":"EssenceOfSteel"}],"is_trial":false,"path_per_floor":["M","M","M","?","M","E","R","?","T","R","E","R","E","M","R","B",null,"M","?","?","?","M","R","E","R","T","R","$","E","T","M","R","B",null,"M","M","?","$","M","$","E","R","T","M","?","R","?","E"],"character_chosen":"IRONCLAD","items_purchased":["Apotheosis","Block Potion","Exhume","Pen Nib","Master of Strategy","Energy Potion","Strawberry"],"campfire_rested":1,"item_purchase_floors":[28,28,28,28,38,40,40],"current_hp_per_floor":[74,67,66,55,57,28,28,28,28,50,39,39,44,40,40,12,59,63,63,52,52,52,52,52,52,52,52,52,46,46,47,47,11,42,52,38,38,38,52,59,35,35,35,50,50,50,50,0],"gold":0,"neow_bonus":"RANDOM_COMMON_RELIC","is_prod":false,"is_daily":false,"chose_seed":false,"campfire_upgraded":9,"win_rate":0,"timestamp":1551212232,"path_taken":["M","M","M","?","M","E","R","?","T","R","E","R","E","M","R","BOSS","M","?","?","?","M","R","E","R","T","R","$","E","?","M","R","BOSS","M","M","?","$","?","$","E","R","T","M","?","R","?","E"],"build_version":"2019-01-23","purchased_purges":1,"victory":false,"max_hp_per_floor":[75,75,75,75,75,75,75,75,75,75,75,75,75,75,75,75,75,75,75,52,52,52,52,52,52,52,52,52,52,52,52,52,52,52,52,52,52,52,52,59,59,59,59,59,59,59,59,59],"card_choices":[{"not_picked":["Disarm","Burning Pact"],"picked":"Twin Strike","floor":1.0},{"not_picked":["Shrug It Off","Anger"],"picked":"Uppercut","floor":2.0},{"not_picked":["Havoc","Clothesline"],"picked":"Pommel Strike","floor":3.0},{"not_picked":["Dual Wield","Flex"],"picked":"True Grit","floor":5.0},{"not_picked":["Searing Blow","Flame Barrier"],"picked":"Impervious","floor":6.0},{"not_picked":["Twin Strike","Searing Blow","Havoc"],"picked":"Immolate","floor":11.0},{"not_picked":["Thunderclap","Perfected Strike","Flex"],"picked":"Disarm","floor":13.0},{"not_picked":["Cleave","Sever Soul","Flex"],"picked":"Shrug It Off","floor":14.0},{"not_picked":["Bludgeon","Feed","Barricade"],"picked":"Reaper","floor":16.0},{"not_picked":["Heavy Blade"],"picked":"Spot Weakness","floor":18.0},{"not_picked":["Anger","Wild Strike"],"picked":"SKIP","floor":22.0},{"not_picked":["Anger","Wild Strike"],"picked":"SKIP","floor":22.0},{"not_picked":["Twin Strike+1"],"picked":"True Grit","floor":24.0},{"not_picked":["Searing Blow","Dual Wield"],"picked":"SKIP","floor":29.0},{"not_picked":["Armaments"],"picked":"Disarm","floor":31.0},{"not_picked":["Juggernaut"],"picked":"Dark Embrace","floor":33.0},{"not_picked":["Carnage+1","Havoc+1"],"picked":"SKIP","floor":35.0},{"not_picked":["Anger"],"picked":"Feel No Pain","floor":36.0},{"not_picked":["Rage","Clothesline"],"picked":"SKIP","floor":39.0},{"not_picked":["Inflame","Bludgeon"],"picked":"SKIP","floor":41.0},{"not_picked":["Inflame","Cleave"],"picked":"SKIP","floor":44.0},{"not_picked":["True Grit","Armaments+1"],"picked":"SKIP","floor":44.0}],"player_experience":2269183,"relics_obtained":[{"floor":6.0,"key":"Question Card"},{"floor":9.0,"key":"Happy Flower"},{"floor":11.0,"key":"Art of War"},{"floor":13.0,"key":"Bird Faced Urn"},{"floor":24.0,"key":"Blue Candle"},{"floor":26.0,"key":"Smiling Mask"},{"floor":29.0,"key":"Ancient Tea Set"},{"floor":30.0,"key":"Turnip"},{"floor":41.0,"key":"Prayer Wheel"},{"floor":43.0,"key":"Whetstone"}],"event_choices":[{"damage_healed":0.0,"max_hp_gain":0.0,"max_hp_loss":0.0,"gold_gain":75.0,"event_name":"World of Goop","player_choice":"Gather Gold","floor":4.0,"gold_loss":0.0,"damage_taken":11.0},{"damage_healed":0.0,"max_hp_gain":0.0,"max_hp_loss":0.0,"gold_gain":0.0,"event_name":"Liars Game","player_choice":"Ignored","floor":8.0,"gold_loss":0.0,"damage_taken":0.0},{"damage_healed":0.0,"max_hp_gain":0.0,"max_hp_loss":0.0,"gold_gain":50.0,"event_name":"Nest","player_choice":"Stole From Cult","floor":19.0,"gold_loss":0.0,"damage_taken":0.0},{"damage_healed":0.0,"max_hp_gain":0.0,"max_hp_loss":23.0,"gold_gain":0.0,"event_name":"Vampires","player_choice":"Became a vampire","floor":20.0,"gold_loss":0.0,"damage_taken":0.0,"cards_obtained":["Bite","Bite","Bite","Bite","Bite"]},{"damage_healed":0.0,"max_hp_gain":0.0,"max_hp_loss":0.0,"gold_gain":0.0,"event_name":"The Mausoleum","player_choice":"Ignored","floor":21.0,"gold_loss":0.0,"damage_taken":0.0},{"damage_healed":0.0,"max_hp_gain":0.0,"max_hp_loss":0.0,"gold_gain":0.0,"event_name":"Designer","player_choice":"Upgrade","floor":37.0,"gold_loss":50.0,"damage_taken":0.0,"cards_upgraded":["Feel No Pain"]},{"damage_healed":0.0,"max_hp_gain":0.0,"max_hp_loss":0.0,"gold_gain":0.0,"event_name":"Tomb of Lord Red Mask","player_choice":"Paid","floor":45.0,"gold_loss":153.0,"damage_taken":0.0,"relics_obtained":["Red Mask"]},{"cards_removed":["Exhume"],"damage_healed":0.0,"max_hp_gain":0.0,"max_hp_loss":0.0,"gold_gain":0.0,"event_name":"Falling","player_choice":"Removed Skill","floor":47.0,"gold_loss":0.0,"damage_taken":0.0}],"is_beta":false,"boss_relics":[{"not_picked":["Runic Cube","White Beast Statue"],"picked":"Busted Crown"},{"not_picked":["Pandora\u0027s Box","Tiny House"],"picked":"Lizard Tail"}],"items_purged_floors":[28],"is_endless":false,"potions_floor_spawned":[2,3,6,11,24,29,31,33,36,44],"killed_by":"Reptomancer","ascension_level":15}