{"gold_per_floor":[114,133,80,80,93,93,122,122,122,134,134,191,214,240,240,338,338,354,354,354,142,154,179,179,207,219,231],"floor_reached":27,"playtime":1793,"items_purged":["Strike_R"],"score":346,"play_id":"31d82520-45f5-4660-afd9-65e1a435dab4","local_time":"20181026032451","is_ascension_mode":true,"campfire_choices":[{"data":"Feed","floor":6.0,"key":"SMITH"},{"floor":8.0,"key":"REST"},{"data":"Armaments","floor":11.0,"key":"SMITH"},{"data":"Ghostly Armor","floor":15.0,"key":"SMITH"},{"floor":24.0,"key":"REST"}],"neow_cost":"CURSE","seed_source_timestamp":399888111944411,"circlet_count":0,"master_deck":["Strike_R","Strike_R","Strike_R","Strike_R","Defend_R","Defend_R","Defend_R","Defend_R","Bash","Feed+1","Pummel","Power Through","Armaments+1","Twin Strike","Brutality","Ghostly Armor+1","Cleave","Double Tap","Sword Boomerang+1","Panacea","Deep Breath","Impatience","Flash of Steel","Immolate","Bloodletting+1","Rupture","Parasite"],"special_seed":0,"relics":["Burning Blood","Pantograph","Dodecahedron","Kunai","Bronze Scales","Bag of Preparation","Cursed Key","Art of War","MawBank","Strawberry"],"potions_floor_usage":[],"damage_taken":[{"damage":12.0,"enemies":"2 Louse","floor":1.0,"turns":3.0},{"damage":15.0,"enemies":"Cultist","floor":2.0,"turns":5.0},{"damage":10.0,"enemies":"Small Slimes","floor":5.0,"turns":4.0},{"damage":52.0,"enemies":"Lagavulin","floor":7.0,"turns":12.0},{"damage":20.0,"enemies":"2 Fungi Beasts","floor":10.0,"turns":10.0},{"damage":10.0,"enemies":"3 Sentries","floor":14.0,"turns":7.0},{"damage":54.0,"enemies":"Hexaghost","floor":16.0,"turns":13.0},{"damage":9.0,"enemies":"3 Byrds","floor":18.0,"turns":5.0},{"damage":0.0,"enemies":"Spheric Guardian","floor":22.0,"turns":3.0},{"damage":27.0,"enemies":"Book of Stabbing","floor":23.0,"turns":5.0},{"damage":44.0,"enemies":"Gremlin Leader","floor":25.0,"turns":8.0},{"damage":39,"enemies":"Snake Plant","floor":27,"turns":4}],"seed_played":"7469785101778925022","potions_obtained":[{"floor":1.0,"key":"SpeedPotion"},{"floor":10.0,"key":"Fire Potion"},{"floor":14.0,"key":"Block Potion"},{"floor":22.0,"key":"Energy Potion"}],"is_trial":false,"path_per_floor":["M","M","$","?","M","R","E","R","T","M","R","?","T","E","R","B",null,"M","?","?","$","M","E","R","E","T"],"character_chosen":"IRONCLAD","items_purchased":["Armaments","Immolate"],"campfire_rested":2,"item_purchase_floors":[3,21],"current_hp_per_floor":[77,71,71,71,70,70,24,50,50,40,40,40,40,40,40,17,97,98,48,48,48,54,33,63,29,36,0],"gold":231,"neow_bonus":"THREE_RARE_CARDS","is_prod":false,"is_daily":false,"chose_seed":false,"campfire_upgraded":3,"win_rate":0,"timestamp":1540517091,"path_taken":["M","M","$","?","M","R","E","R","T","M","R","?","?","E","R","BOSS","M","?","?","$","?","E","R","E","T","M"],"build_version":"2018-10-25v2","purchased_purges":1,"victory":false,"max_hp_per_floor":[83,86,86,86,89,89,89,89,89,93,93,93,93,97,97,97,97,101,101,101,101,101,101,101,105,112,112],"card_choices":[{"not_picked":["Exhume","Dark Embrace"],"picked":"Feed","floor":0.0},{"not_picked":["Wild Strike","Burning Pact"],"picked":"Pummel","floor":1.0},{"not_picked":["Dropkick","Evolve"],"picked":"Power Through","floor":2.0},{"not_picked":["Perfected Strike","Clash"],"picked":"Twin Strike","floor":5.0},{"not_picked":["Flex","Shrug It Off"],"picked":"Brutality","floor":7.0},{"not_picked":["Warcry","Dual Wield"],"picked":"Ghostly Armor","floor":10.0},{"not_picked":["Twin Strike","Sword Boomerang"],"picked":"Cleave","floor":14.0},{"not_picked":["Berserk","Offering"],"picked":"Double Tap","floor":16.0},{"not_picked":["Pummel","Havoc"],"picked":"Sword Boomerang+1","floor":18.0},{"not_picked":["Ghostly Armor","Pummel","Clash"],"picked":"SKIP","floor":22.0},{"not_picked":["Havoc","Clothesline"],"picked":"Bloodletting+1","floor":23.0},{"not_picked":["Bludgeon","Iron Wave"],"picked":"Rupture","floor":25.0}],"player_experience":197488,"relics_obtained":[{"floor":4.0,"key":"Pantograph"},{"floor":7.0,"key":"Dodecahedron"},{"floor":9.0,"key":"Kunai"},{"floor":13.0,"key":"Bronze Scales"},{"floor":14.0,"key":"Bag of Preparation"},{"floor":23.0,"key":"Art of War"},{"floor":25.0,"key":"MawBank"},{"floor":26.0,"key":"Strawberry"}],"event_choices":[{"damage_healed":0.0,"max_hp_gain":0.0,"max_hp_loss":0.0,"gold_gain":0.0,"event_name":"Wheel of Change","player_choice":"Relic","floor":4.0,"gold_loss":0.0,"damage_taken":0.0},{"damage_healed":0.0,"max_hp_gain":0.0,"max_hp_loss":0.0,"gold_gain":57.0,"event_name":"Golden Wing","player_choice":"Gained Gold","floor":12.0,"gold_loss":0.0,"damage_taken":0.0},{"damage_healed":0.0,"max_hp_gain":0.0,"max_hp_loss":0.0,"gold_gain":0.0,"event_name":"Knowing Skull","player_choice":"CARD CARD CARD CARD ","floor":19.0,"potions_obtained":[],"gold_loss":0.0,"damage_taken":50.0,"cards_obtained":["Panacea","Deep Breath","Impatience","Flash of Steel"]},{"cards_removed":["Doubt"],"damage_healed":0.0,"max_hp_gain":0.0,"max_hp_loss":0.0,"gold_gain":0.0,"event_name":"Fountain of Cleansing","player_choice":"Removed Curses","floor":20.0,"gold_loss":0.0,"damage_taken":0.0}],"is_beta":true,"boss_relics":[{"not_picked":["Coffee Dripper","Ectoplasm"],"picked":"Cursed Key"}],"items_purged_floors":[21],"is_endless":false,"potions_floor_spawned":[1,10,14,22],"killed_by":"Snake Plant","ascension_level":3}