{"gold_per_floor":[112,124,55,69,69,103,103,116,116,291,291,165,189,289,289,415,415,435,456,476,233,233],"floor_reached":22,"playtime":2931,"items_purged":["Doubt"],"score":260,"play_id":"881c9c05-351d-4c67-9693-d8da1dbdc517","local_time":"20190102011820","is_ascension_mode":true,"campfire_choices":[{"data":"Bouncing Flask","floor":7.0,"key":"SMITH"},{"data":"Caltrops","floor":11.0,"key":"SMITH"},{"data":"Catalyst","floor":15,"key":"SMITH"}],"neow_cost":"TEN_PERCENT_HP_LOSS","seed_source_timestamp":0,"circlet_count":0,"master_deck":["Defend_G","Defend_G","Defend_G","Defend_G","Defend_G","Strike_G","Strike_G","Strike_G","Strike_G","Strike_G","Survivor","Neutralize","Catalyst+1","Dash","Caltrops+1","Dagger Spray","Injury","Bouncing Flask+1","Poisoned Stab","Backflip","Night Terror","Sucker Punch","Bullet Time"],"special_seed":0,"relics":["Ring of the Snake","Thread and Needle","Golden Idol","Art of War","Bronze Scales","Cursed Key","Kunai"],"potions_floor_usage":[16,18,19],"damage_taken":[{"damage":3.0,"enemies":"Small Slimes","floor":1.0,"turns":7.0},{"damage":0.0,"enemies":"2 Louse","floor":2.0,"turns":1.0},{"damage":4.0,"enemies":"Cultist","floor":4.0,"turns":5.0},{"damage":21.0,"enemies":"3 Sentries","floor":6.0,"turns":9.0},{"damage":2.0,"enemies":"Red Slaver","floor":8.0,"turns":4.0},{"damage":4.0,"enemies":"Looter","floor":13.0,"turns":2.0},{"damage":2,"enemies":"Hexaghost","floor":16,"turns":7},{"damage":0,"enemies":"3 Byrds","floor":18,"turns":4},{"damage":18,"enemies":"2 Thieves","floor":19,"turns":3},{"damage":22,"enemies":"Centurion and Healer","floor":20,"turns":10},{"damage":14,"enemies":"Cultist and Chosen","floor":22,"turns":4}],"seed_played":"-5398205851966333105","potions_obtained":[{"floor":1.0,"key":"Explosive Potion"},{"floor":4.0,"key":"AttackPotion"},{"floor":8.0,"key":"Weak Potion"},{"floor":13.0,"key":"Ancient Potion"},{"floor":16,"key":"AttackPotion"},{"floor":19,"key":"Weak Potion"},{"floor":20,"key":"GamblersBrew"}],"is_trial":false,"path_per_floor":["M","M","$","M","?","E","R","M","T","?","R","$","M","?","B",null,"M","M","M","$","M"],"character_chosen":"THE_SILENT","items_purchased":["Caltrops","Energy Potion","Kunai"],"campfire_rested":0,"item_purchase_floors":[3,12,21],"current_hp_per_floor":[60,60,60,56,56,35,35,33,33,33,33,33,29,29,29,27,54,54,36,14,14,0],"gold":233,"neow_bonus":"ONE_RARE_RELIC","is_prod":false,"is_daily":false,"chose_seed":false,"campfire_upgraded":3,"win_rate":0,"timestamp":1546388300,"path_taken":["M","M","$","M","?","E","R","M","T","?","R","$","M","?","R","BOSS","M","M","M","$","M"],"build_version":"2018-12-25","purchased_purges":1,"victory":false,"max_hp_per_floor":[63,63,63,63,63,63,63,63,63,63,63,63,63,63,63,63,63,63,63,63,63,63],"card_choices":[{"not_picked":["Escape Plan","Deflect"],"picked":"Catalyst","floor":1.0},{"not_picked":["Heel Hook","Flying Knee"],"picked":"Dash","floor":2.0},{"not_picked":["Riddle With Holes","Skewer"],"picked":"Dagger Spray","floor":4.0},{"not_picked":["Backflip","Distraction"],"picked":"Bouncing Flask","floor":6.0},{"not_picked":["Flying Knee","Tactician"],"picked":"Poisoned Stab","floor":8.0},{"not_picked":["Outmaneuver","Poisoned Stab"],"picked":"Backflip","floor":13.0},{"not_picked":["Glass Knife","Doppelganger"],"picked":"Night Terror","floor":16},{"not_picked":["Slice","Poisoned Stab"],"picked":"Sucker Punch","floor":18},{"not_picked":["PiercingWail","Cloak And Dagger+1"],"picked":"Bullet Time","floor":19},{"not_picked":["Dagger Spray","Cloak And Dagger","Night Terror"],"picked":"SKIP","floor":20}],"player_experience":345521,"relics_obtained":[{"floor":6.0,"key":"Art of War"},{"floor":9.0,"key":"Bronze Scales"}],"event_choices":[{"damage_healed":0.0,"max_hp_gain":0.0,"max_hp_loss":0.0,"gold_gain":0.0,"event_name":"Golden Idol","player_choice":"Take Wound","floor":5.0,"gold_loss":0.0,"damage_taken":0.0,"relics_obtained":["Golden Idol"],"cards_obtained":["Injury"]},{"damage_healed":0.0,"max_hp_gain":0.0,"max_hp_loss":0.0,"gold_gain":175.0,"event_name":"Liars Game","player_choice":"AGREE","floor":10.0,"gold_loss":0.0,"damage_taken":0.0,"cards_obtained":["Doubt"]},{"damage_healed":0.0,"max_hp_gain":0.0,"max_hp_loss":0.0,"gold_gain":100.0,"event_name":"Golden Shrine","player_choice":"Pray","floor":14.0,"gold_loss":0.0,"damage_taken":0.0}],"is_beta":true,"boss_relics":[{"not_picked":["Astrolabe","Fusion Hammer"],"picked":"Cursed Key"}],"items_purged_floors":[12],"is_endless":false,"potions_floor_spawned":[1,4,8,13,16,19,20],"killed_by":"Cultist and Chosen","ascension_level":8}