{"gold_per_floor":[119,132,0,75,95,95,105,105,105,121,121,135,135,47,47,150,150,164,164,114,39,50,50,63,81,81,81,100,100],"floor_reached":29,"playtime":1251,"items_purged":["Shame"],"score":304,"play_id":"a70a2d0e-da8d-41e7-b9ac-de428f76078e","local_time":"20181024223521","is_ascension_mode":true,"campfire_choices":[{"data":"Discovery","floor":6,"key":"SMITH"},{"data":"Scrape","floor":8,"key":"SMITH"},{"data":"Double Energy","floor":11,"key":"SMITH"},{"data":"Capacitor","floor":13,"key":"SMITH"},{"data":"Dark Shackles","floor":15,"key":"SMITH"},{"data":"Rainbow","floor":23,"key":"SMITH"},{"data":"Chill","floor":27,"key":"SMITH"}],"neow_cost":"NONE","seed_source_timestamp":323584773732620,"circlet_count":0,"master_deck":["Zap","Dualcast","Glacier","Double Energy","Conserve Battery","Redo","Beam Cell","Double Energy+1","Rip and Tear","Ball Lightning","Go for the Eyes","Coolheaded","Discovery+1","Capacitor+1","Scrape+1","Steam","Leap","Turbo","Dark Shackles+1","Rainbow+1","BootSequence","Leap+1","Barrage","Chill+1","Ball Lightning+1"],"relics":["Pandora\u0027s Box","Ornamental Fan","Coffee Dripper","Oddly Smooth Stone","Pear"],"potions_floor_usage":[16,29,29],"damage_taken":[{"damage":5,"enemies":"Jaw Worm","floor":1,"turns":2},{"damage":0,"enemies":"Cultist","floor":2,"turns":3},{"damage":8,"enemies":"Small Slimes","floor":5,"turns":3},{"damage":6,"enemies":"2 Fungi Beasts","floor":7,"turns":4},{"damage":0,"enemies":"Blue Slaver","floor":10,"turns":1},{"damage":1,"enemies":"Exordium Thugs","floor":12,"turns":5},{"damage":10,"enemies":"Slime Boss","floor":16,"turns":9},{"damage":5,"enemies":"Spheric Guardian","floor":18,"turns":4},{"damage":4,"enemies":"Shell Parasite","floor":22,"turns":5},{"damage":24,"enemies":"Cultist and Chosen","floor":24,"turns":9},{"damage":15,"enemies":"Snecko","floor":25,"turns":7},{"damage":4,"enemies":"3 Cultists","floor":28,"turns":6},{"damage":30,"enemies":"Gremlin Leader","floor":29,"turns":9}],"seed_played":"-3678271481971991564","potions_obtained":[{"floor":2,"key":"AttackPotion"},{"floor":24,"key":"Block Potion"},{"floor":28,"key":"Poison Potion"}],"is_trial":false,"path_per_floor":["M","M","$","?","M","R","M","R","T","M","R","M","R","$","R","B",null,"M","?","?","$","M","R","M","M","T","R","M"],"character_chosen":"DEFECT","items_purchased":["Discovery","Capacitor","Dark Shackles"],"campfire_rested":0,"item_purchase_floors":[3,3,14],"current_hp_per_floor":[63,63,63,52,44,44,38,38,38,38,38,37,37,37,37,27,63,58,58,58,58,54,54,30,15,25,25,21,0],"gold":100,"neow_bonus":"BOSS_RELIC","is_prod":false,"is_daily":false,"chose_seed":false,"campfire_upgraded":7,"win_rate":0,"timestamp":1540413321,"path_taken":["M","M","$","?","M","R","?","R","T","M","R","?","R","$","R","BOSS","M","?","?","$","M","R","M","M","T","R","M","E"],"build_version":"2018-10-18","purchased_purges":1,"victory":false,"max_hp_per_floor":[75,75,75,75,75,75,75,75,75,75,75,75,75,75,75,75,75,75,75,75,75,75,75,75,75,85,85,85,85],"card_choices":[{"not_picked":["Rip and Tear","Conserve Battery"],"picked":"Go for the Eyes","floor":1},{"not_picked":["Compile Driver","Undo"],"picked":"Coolheaded","floor":2},{"not_picked":["Beam Cell","Steam"],"picked":"Scrape","floor":5},{"not_picked":["Barrage","Sweeping Beam"],"picked":"Steam","floor":7},{"not_picked":["Undo","Rip and Tear"],"picked":"Leap","floor":10},{"not_picked":["Barrage","Gash"],"picked":"Turbo","floor":12},{"not_picked":["All For One","Buffer"],"picked":"Rainbow","floor":16},{"not_picked":["Cold Snap","Redo"],"picked":"BootSequence","floor":18},{"not_picked":["Chaos","Melter"],"picked":"Leap+1","floor":22},{"not_picked":["Gash","Redo"],"picked":"Barrage","floor":24},{"not_picked":["Redo","Stack"],"picked":"Chill","floor":25},{"not_picked":["White Noise","Barrage"],"picked":"Ball Lightning+1","floor":28}],"player_experience":295777,"relics_obtained":[{"floor":9,"key":"Ornamental Fan"},{"floor":26,"key":"Pear"}],"event_choices":[{"damage_healed":0,"gold_gain":75,"player_choice":"Gather Gold","damage_taken":11,"max_hp_gain":0,"max_hp_loss":0,"event_name":"World of Goop","floor":4,"gold_loss":0},{"damage_healed":0,"gold_gain":0,"player_choice":"Stole Relic","damage_taken":0,"relics_obtained":["Oddly Smooth Stone"],"max_hp_gain":0,"max_hp_loss":0,"event_name":"Addict","floor":19,"gold_loss":0,"cards_obtained":["Shame"]},{"damage_healed":0,"gold_gain":0,"player_choice":"Bet on Owner","damage_taken":0,"max_hp_gain":0,"max_hp_loss":0,"event_name":"The Joust","floor":20,"gold_loss":50}],"is_beta":false,"boss_relics":[{"not_picked":["Runic Dome","Black Star"],"picked":"Coffee Dripper"}],"items_purged_floors":[21],"is_endless":false,"potions_floor_spawned":[2,24,28],"killed_by":"Gremlin Leader","ascension_level":8}