{"gold_per_floor":[119,135,55,55,65,65,93,105,141,153,184,213,242,269,281,293],"floor_reached":16,"playtime":579,"items_purged":[],"score":192,"play_id":"3dd7996b-86db-4134-ab97-554652909262","local_time":"20190116220333","is_ascension_mode":true,"campfire_choices":[{"data":"Corruption","floor":6,"key":"SMITH"},{"data":"Reaper","floor":8,"key":"SMITH"},{"data":"Bludgeon","floor":15,"key":"SMITH"}],"neow_cost":"NONE","seed_source_timestamp":68534623666462,"circlet_count":0,"master_deck":["AscendersBane","Strike_R","Strike_R","Strike_R+1","Strike_R+1","Defend_R","Defend_R","Defend_R","Defend_R","Bash","Reaper+1","Twin Strike","Warcry","Corruption+1","Shrug It Off","Blood for Blood","Bludgeon+1","Flame Barrier","Shrug It Off"],"relics":["Burning Blood","MawBank","Whetstone","Singing Bowl"],"potions_floor_usage":[7,16,16],"damage_taken":[{"damage":8,"enemies":"Small Slimes","floor":1,"turns":3},{"damage":9,"enemies":"Jaw Worm","floor":2,"turns":4},{"damage":12,"enemies":"Cultist","floor":5,"turns":4},{"damage":30,"enemies":"Lagavulin","floor":7,"turns":8},{"damage":35,"enemies":"Lots of Slimes","floor":11,"turns":6},{"damage":8,"enemies":"Blue Slaver","floor":12,"turns":4},{"damage":10,"enemies":"3 Louse","floor":13,"turns":3},{"damage":24,"enemies":"Exordium Thugs","floor":14,"turns":6},{"damage":64,"enemies":"Slime Boss","floor":16,"turns":9}],"seed_played":"581600898367066280","potions_obtained":[{"floor":1,"key":"Dexterity Potion"},{"floor":2,"key":"Block Potion"},{"floor":11,"key":"Weak Potion"},{"floor":13,"key":"Ancient Potion"},{"floor":14,"key":"Regen Potion"}],"is_trial":false,"path_per_floor":["M","M","$","?","M","R","E","R","T","?","M","M","M","M","R","B"],"character_chosen":"IRONCLAD","items_purchased":["Corruption"],"campfire_rested":0,"item_purchase_floors":[3],"current_hp_per_floor":[66,68,68,61,61,61,43,43,43,43,26,29,40,28,28,0],"gold":293,"neow_bonus":"ONE_RANDOM_RARE_CARD","is_prod":false,"is_daily":false,"chose_seed":false,"campfire_upgraded":3,"win_rate":0,"timestamp":1547672613,"path_taken":["M","M","$","?","M","R","E","R","T","?","M","?","M","?","R","BOSS"],"build_version":"2019-01-10","purchased_purges":0,"victory":false,"max_hp_per_floor":[75,75,75,75,75,75,75,75,75,75,75,75,75,75,75,75],"card_choices":[{"not_picked":["Burning Pact","Havoc"],"picked":"Twin Strike","floor":1},{"not_picked":["Iron Wave","Clash"],"picked":"Warcry","floor":2},{"not_picked":["Evolve","Sword Boomerang","Iron Wave"],"picked":"SKIP","floor":5},{"not_picked":["Heavy Blade","Clash"],"picked":"Shrug It Off","floor":7},{"not_picked":["Twin Strike","Pommel Strike"],"picked":"Blood for Blood","floor":11},{"not_picked":["Dropkick","Searing Blow"],"picked":"Bludgeon","floor":12},{"not_picked":["Thunderclap","Power Through"],"picked":"Flame Barrier","floor":13},{"not_picked":["Iron Wave","Clothesline"],"picked":"Shrug It Off","floor":14}],"player_experience":465662,"relics_obtained":[{"floor":7,"key":"MawBank"},{"floor":9,"key":"Whetstone"}],"event_choices":[{"cards_removed":["Strike_R"],"damage_healed":0,"gold_gain":0,"player_choice":"Card Removal","damage_taken":7,"max_hp_gain":0,"max_hp_loss":0,"event_name":"Golden Wing","floor":4,"gold_loss":0},{"damage_healed":0,"gold_gain":0,"player_choice":"Gave Potion","damage_taken":0,"relics_obtained":["Singing Bowl"],"max_hp_gain":0,"max_hp_loss":0,"event_name":"WeMeetAgain","floor":10,"gold_loss":0}],"is_beta":false,"boss_relics":[],"items_purged_floors":[],"is_endless":false,"potions_floor_spawned":[1,2,11,13,14],"killed_by":"Slime Boss","ascension_level":17}