{"gold_per_floor":[109,59,74,89,104,129,129,129,129,169,169,182,182,221,221,341,341,354,354,367,390,411,411,444,444],"floor_reached":25,"playtime":2353,"items_purged":[],"score":255,"play_id":"b36d317b-b990-4702-b6e1-9ee50e135b90","local_time":"20181002203519","is_ascension_mode":true,"campfire_choices":[{"data":"Dual Wield","floor":8,"key":"SMITH"},{"data":"Anger","floor":15,"key":"SMITH"},{"data":"Rupture","floor":23,"key":"SMITH"}],"neow_cost":"PERCENT_DAMAGE","seed_source_timestamp":1378583497584191,"circlet_count":0,"master_deck":["Defend_R","Defend_R","Defend_R","Defend_R","Bash","Metallicize+1","Headbutt","Uppercut","Anger+1","Dual Wield+1","Rage","Heavy Blade","Clothesline","Double Tap","Twin Strike+1","Fire Breathing+1","Brutality+1","Combust+1","Rupture+1","Shrug It Off+1","Berserk"],"relics":["Burning Blood","Pen Nib","Golden Idol","Darkstone Periapt","Unceasing Top","Gremlin Horn","Bottled Flame","Astrolabe","MutagenicStrength","Boot"],"potions_floor_usage":[14,20,24,24,24],"damage_taken":[{"damage":0,"enemies":"2 Louse","floor":1,"turns":3},{"damage":0,"enemies":"Small Slimes","floor":3,"turns":5},{"damage":0,"enemies":"Jaw Worm","floor":4,"turns":7},{"damage":1,"enemies":"3 Louse","floor":5,"turns":5},{"damage":44,"enemies":"3 Sentries","floor":6,"turns":10},{"damage":7,"enemies":"Gremlin Nob","floor":10,"turns":4},{"damage":5,"enemies":"Large Slime","floor":12,"turns":5},{"damage":14,"enemies":"3 Sentries","floor":14,"turns":7},{"damage":18,"enemies":"Slime Boss","floor":16,"turns":11},{"damage":5,"enemies":"Shell Parasite","floor":18,"turns":4},{"damage":5,"enemies":"2 Thieves","floor":20,"turns":4},{"damage":17,"enemies":"Centurion and Healer","floor":21,"turns":7},{"damage":31,"enemies":"3 Cultists","floor":22,"turns":6},{"damage":18,"enemies":"Book of Stabbing","floor":24,"turns":7},{"damage":35,"enemies":"Cultist and Chosen","floor":25,"turns":6}],"seed_played":"1549758068686426376","potions_obtained":[{"floor":1,"key":"Fire Potion"},{"floor":5,"key":"LiquidBronze"},{"floor":6,"key":"SpeedPotion"},{"floor":12,"key":"SkillPotion"},{"floor":20,"key":"Energy Potion"},{"floor":22,"key":"PowerPotion"}],"is_trial":false,"path_per_floor":["M","?","M","M","M","E","?","R","T","E","?","M","T","E","R","B",null,"M","?","M","M","M","R","E"],"character_chosen":"IRONCLAD","items_purchased":[],"campfire_rested":0,"item_purchase_floors":[],"current_hp_per_floor":[62,62,68,74,79,41,41,41,41,40,40,41,41,33,33,21,74,74,74,74,63,38,38,26,0],"gold":444,"neow_bonus":"REMOVE_TWO","is_prod":false,"is_daily":false,"chose_seed":false,"campfire_upgraded":3,"win_rate":0,"timestamp":1538505319,"path_taken":["M","?","M","M","M","E","?","R","T","E","?","M","?","E","R","BOSS","M","?","M","?","M","R","E","M"],"build_version":"2018-09-27","purchased_purges":0,"victory":false,"max_hp_per_floor":[80,80,80,80,80,80,74,74,74,74,74,74,74,74,74,74,74,74,74,74,74,74,74,74,74],"card_choices":[{"not_picked":["Feel No Pain","Armaments"],"picked":"Metallicize","floor":1},{"not_picked":["Sword Boomerang","Pommel Strike"],"picked":"Headbutt","floor":3},{"not_picked":["Headbutt","Warcry"],"picked":"Uppercut","floor":4},{"not_picked":["Twin Strike","Shrug It Off"],"picked":"Anger","floor":5},{"not_picked":["Shrug It Off","Iron Wave"],"picked":"Dual Wield","floor":6},{"not_picked":["Corruption","Twin Strike"],"picked":"Rage","floor":10},{"not_picked":["Twin Strike","Feel No Pain"],"picked":"Heavy Blade","floor":12},{"not_picked":["Rupture","True Grit"],"picked":"Clothesline","floor":14},{"not_picked":["Dark Embrace","Impervious"],"picked":"Double Tap","floor":16},{"not_picked":["Heavy Blade","True Grit","Hemokinesis"],"picked":"SKIP","floor":18},{"not_picked":["Shrug It Off","Thunderclap+1"],"picked":"Combust+1","floor":20},{"not_picked":["Twin Strike","Cleave"],"picked":"Rupture","floor":21},{"not_picked":["Clothesline","Thunderclap"],"picked":"Shrug It Off+1","floor":22},{"not_picked":["Cleave","Hemokinesis"],"picked":"Berserk","floor":24}],"player_experience":28180,"relics_obtained":[{"floor":6,"key":"Pen Nib"},{"floor":9,"key":"Darkstone Periapt"},{"floor":10,"key":"Unceasing Top"},{"floor":13,"key":"Gremlin Horn"},{"floor":14,"key":"Bottled Flame"},{"floor":24,"key":"Boot"}],"event_choices":[{"event_name":"World of Goop","player_choice":"Left","floor":2,"damage_taken":0},{"event_name":"Golden Idol","player_choice":"Lose Max HP","floor":7,"damage_taken":0},{"event_name":"Upgrade Shrine","player_choice":"Upgraded","floor":11,"damage_taken":0},{"event_name":"Drug Dealer","player_choice":"Inject Mutagens","floor":19,"damage_taken":0}],"is_beta":false,"boss_relics":[{"not_picked":["Velvet Choker","Sozu"],"picked":"Astrolabe"}],"items_purged_floors":[],"is_endless":false,"potions_floor_spawned":[1,5,6,12,20,22],"killed_by":"Cultist and Chosen","ascension_level":1}