{"gold_per_floor":[12,12,25,43,43,43,73,105,196,236,248,274,286,20,20,99,99,110,120,133,133,147,147,147,163,163,78,78,112,112,138,138,212,212,225,243,83,102,2,27,43,71,71,96,96,142,154,154,154,154,154,154,154,20,53,53],"floor_reached":57,"playtime":3308,"items_purged":["Writhe","Strike_B"],"score":3230,"play_id":"168679c3-2323-48b4-b72a-5e3a19ca0756","local_time":"20190428201223","is_ascension_mode":true,"campfire_choices":[{"data":"Sunder","floor":6.0,"key":"SMITH"},{"data":"Consume","floor":11.0,"key":"SMITH"},{"data":"Turbo","floor":13.0,"key":"SMITH"},{"data":"Zap","floor":15.0,"key":"SMITH"},{"floor":23.0,"key":"REST"},{"data":"Heatsinks","floor":28.0,"key":"SMITH"},{"data":"Coolheaded","floor":30.0,"key":"SMITH"},{"data":"Skim","floor":32.0,"key":"SMITH"},{"floor":49,"key":"RECALL"},{"data":"Amplify","floor":53,"key":"SMITH"}],"neow_cost":"NO_GOLD","seed_source_timestamp":2752946574700,"circlet_count":0,"master_deck":["AscendersBane","Defend_B","Defend_B","Defend_B","Defend_B","Zap+1","Dualcast","Core Surge","Heatsinks+1","Sunder+1","Coolheaded+1","Self Repair","Turbo+1","Consume+1","Skim+1","Echo Form","Cold Snap","Multi-Cast","Defragment+1","Conserve Battery+1","Loop+1","Defragment+1","Biased Cognition+1","Hologram+1","Creative AI+1","Heatsinks+1","Capacitor+1","Amplify+1","Glacier","White Noise","Aggregate+1","Defragment+1","Compile Driver+1"],"special_seed":0,"relics":["Cracked Core","Prayer Wheel","Pantograph","Meat on the Bone","Frozen Egg 2","Nuclear Battery","Nloth\u0027s Gift","Mummified Hand","Symbiotic Virus","Ice Cream","Singing Bowl","Sundial","Black Star","Mercury Hourglass","Pear","Vajra","The Courier","Darkstone Periapt","Molten Egg 2","Pocketwatch","Anchor","Cables","Bottled Flame"],"potions_floor_usage":[50,56],"damage_taken":[{"damage":2.0,"enemies":"Jaw Worm","floor":1.0,"turns":3.0},{"damage":4.0,"enemies":"2 Louse","floor":3.0,"turns":3.0},{"damage":0.0,"enemies":"Small Slimes","floor":4.0,"turns":2.0},{"damage":16.0,"enemies":"3 Sentries","floor":7.0,"turns":9.0},{"damage":16.0,"enemies":"Red Slaver","floor":8.0,"turns":6.0},{"damage":4.0,"enemies":"Lagavulin","floor":10.0,"turns":8.0},{"damage":17.0,"enemies":"Large Slime","floor":12.0,"turns":4.0},{"damage":36.0,"enemies":"Hexaghost","floor":16.0,"turns":9.0},{"damage":22.0,"enemies":"2 Thieves","floor":18.0,"turns":2.0},{"damage":22.0,"enemies":"3 Byrds","floor":19.0,"turns":5.0},{"damage":27.0,"enemies":"3 Cultists","floor":20.0,"turns":6.0},{"damage":23.0,"enemies":"Snake Plant","floor":22.0,"turns":4.0},{"damage":0.0,"enemies":"Snecko","floor":25.0,"turns":3.0},{"damage":19.0,"enemies":"Slavers","floor":29.0,"turns":3.0},{"damage":15.0,"enemies":"Book of Stabbing","floor":31.0,"turns":3.0},{"damage":0.0,"enemies":"Collector","floor":33.0,"turns":11.0},{"damage":9,"enemies":"3 Shapes","floor":35,"turns":4},{"damage":0,"enemies":"3 Darklings","floor":36,"turns":3},{"damage":0,"enemies":"Jaw Worm Horde","floor":38,"turns":3},{"damage":0,"enemies":"Giant Head","floor":40,"turns":5},{"damage":5,"enemies":"Maw","floor":41,"turns":5},{"damage":0,"enemies":"Nemesis","floor":42,"turns":5},{"damage":0,"enemies":"Reptomancer","floor":44,"turns":4},{"damage":0,"enemies":"2 Orb Walkers","floor":46,"turns":3},{"damage":23,"enemies":"4 Shapes","floor":47,"turns":4},{"damage":0,"enemies":"Awakened One","floor":50,"turns":5},{"damage":39,"enemies":"Time Eater","floor":51,"turns":6},{"damage":0,"enemies":"Shield and Spear","floor":55,"turns":1},{"damage":38,"enemies":"The Heart","floor":56,"turns":7}],"seed_played":"6316210344674019445","potions_obtained":[{"floor":4.0,"key":"SteroidPotion"},{"floor":8.0,"key":"FocusPotion"},{"floor":22.0,"key":"LiquidBronze"},{"floor":25.0,"key":"Energy Potion"},{"floor":36,"key":"FocusPotion"}],"is_trial":false,"path_per_floor":["M","?","M","M","?","R","E","M","T","E","R","M","R","$","R","B",null,"M","M","M","?","M","R","?","M","T","?","R","E","R","E","R","B",null,"M","M","$","M","$","E","M","E","T","E","?","?","M","?","R","B","B",null,"R","$","E","B",null],"character_chosen":"DEFECT","items_purchased":["Frozen Egg 2","Glacier","Anchor"],"campfire_rested":1,"item_purchase_floors":[14,37,54],"current_hp_per_floor":[62,62,58,58,40,40,24,15,15,18,18,13,13,13,13,28,60,38,35,27,27,23,44,44,51,51,51,51,44,44,48,48,71,71,69,73,73,75,75,87,89,91,91,93,93,93,88,88,88,97,58,87,87,87,94,66],"gold":53,"neow_bonus":"TRANSFORM_TWO_CARDS","is_prod":false,"is_daily":false,"chose_seed":false,"campfire_upgraded":8,"win_rate":0,"timestamp":1556453543,"path_taken":["M","?","M","M","?","R","E","M","T","E","R","M","R","$","R","BOSS","M","M","M","?","?","R","?","M","T","?","R","E","R","E","R","BOSS","M","M","$","M","$","E","M","E","T","E","?","?","M","?","R","BOSS","BOSS","R","$","E","BOSS"],"build_version":"2019-01-23","purchased_purges":2,"victory":true,"max_hp_per_floor":[71,71,71,71,71,71,71,71,71,71,71,71,71,71,71,71,71,71,71,71,71,71,71,71,71,71,71,71,71,71,71,71,71,71,71,73,73,75,75,87,89,91,91,93,93,93,97,97,97,97,97,97,97,97,97,97],"card_choices":[{"not_picked":["Go for the Eyes","Defragment"],"picked":"Sunder","floor":1.0},{"not_picked":["Sweeping Beam","Barrage"],"picked":"Coolheaded","floor":3.0},{"not_picked":["Rebound","Doom and Gloom","Scrape"],"picked":"SKIP","floor":4.0},{"not_picked":["Steam","Capacitor"],"picked":"Self Repair","floor":7.0},{"not_picked":["Rebound","Leap"],"picked":"Turbo","floor":8.0},{"not_picked":["Lockon","Genetic Algorithm"],"picked":"Consume","floor":8.0},{"not_picked":["Fusion","Leap"],"picked":"Skim","floor":10.0},{"not_picked":["Redo","Cold Snap"],"picked":"Echo Form","floor":12.0},{"not_picked":["Loop","Undo"],"picked":"Cold Snap","floor":12.0},{"not_picked":["Reboot","Rainbow"],"picked":"Multi-Cast","floor":16.0},{"not_picked":["White Noise+1","Beam Cell"],"picked":"Defragment+1","floor":18.0},{"not_picked":["Scrape","Steam"],"picked":"Cold Snap","floor":18.0},{"not_picked":["Sweeping Beam","Genetic Algorithm","Static Discharge+1"],"picked":"SKIP","floor":19.0},{"not_picked":["Turbo","Leap","Genetic Algorithm"],"picked":"SKIP","floor":19.0},{"not_picked":["Lockon","Barrage"],"picked":"Conserve Battery+1","floor":20.0},{"not_picked":["Recycle","Redo"],"picked":"Loop+1","floor":20.0},{"not_picked":["Hologram","Seek"],"picked":"Defragment+1","floor":22.0},{"not_picked":["Stack","Steam","Barrage"],"picked":"SKIP","floor":22.0},{"not_picked":["Stack","Steam","Barrage"],"picked":"SKIP","floor":22.0},{"not_picked":["Leap","Fusion","Streamline"],"picked":"SKIP","floor":25.0},{"not_picked":["Stack","FTL","Steam Power"],"picked":"SKIP","floor":25.0},{"not_picked":["Redo","Conserve Battery"],"picked":"Biased Cognition+1","floor":29.0},{"not_picked":["Conserve Battery","All For One"],"picked":"Hologram+1","floor":31.0},{"not_picked":["Reboot","Multi-Cast"],"picked":"Creative AI+1","floor":33.0},{"not_picked":["Stack","Compile Driver"],"picked":"Heatsinks+1","floor":35},{"not_picked":["Cold Snap","Streamline"],"picked":"Capacitor+1","floor":35},{"not_picked":["Stack","Consume"],"picked":"Amplify","floor":36},{"not_picked":["Conserve Battery","Rebound","Hologram+1"],"picked":"Singing Bowl","floor":36},{"not_picked":["Compile Driver","Thunder Strike","Gash+1"],"picked":"Singing Bowl","floor":38},{"not_picked":["Heatsinks+1","Streamline"],"picked":"White Noise","floor":38},{"not_picked":["Conserve Battery","Barrage+1","Melter+1"],"picked":"Singing Bowl","floor":40},{"not_picked":["Cold Snap+1","Gash","Turbo"],"picked":"Singing Bowl","floor":41},{"not_picked":["Chaos","Conserve Battery"],"picked":"Aggregate+1","floor":41},{"not_picked":["Leap","Lockon+1","Stack"],"picked":"Singing Bowl","floor":42},{"not_picked":["Hologram","Leap+1","Conserve Battery"],"picked":"Singing Bowl","floor":44},{"not_picked":["Hello World+1","Fission"],"picked":"Defragment+1","floor":46},{"not_picked":["Melter+1","Barrage+1","Redo"],"picked":"Singing Bowl","floor":47},{"not_picked":["Turbo","White Noise","Go for the Eyes+1"],"picked":"Singing Bowl","floor":47},{"not_picked":["Leap","Steam"],"picked":"Compile Driver+1","floor":55}],"player_experience":3054936,"relics_obtained":[{"floor":7.0,"key":"MawBank"},{"floor":9.0,"key":"Pantograph"},{"floor":10.0,"key":"Meat on the Bone"},{"floor":26.0,"key":"Symbiotic Virus"},{"floor":29.0,"key":"Singing Bowl"},{"floor":31.0,"key":"Sundial"},{"floor":40,"key":"Mercury Hourglass"},{"floor":40,"key":"Pear"},{"floor":42,"key":"Vajra"},{"floor":42,"key":"The Courier"},{"floor":44,"key":"Darkstone Periapt"},{"floor":44,"key":"Molten Egg 2"},{"floor":46,"key":"Pocketwatch"},{"floor":55,"key":"Cables"},{"floor":55,"key":"Bottled Flame"}],"event_choices":[{"cards_removed":["Strike_B"],"damage_healed":0.0,"max_hp_gain":0.0,"max_hp_loss":0.0,"gold_gain":0.0,"event_name":"Living Wall","player_choice":"Forget","floor":2.0,"gold_loss":0.0,"damage_taken":0.0},{"damage_healed":0.0,"max_hp_gain":0.0,"max_hp_loss":0.0,"gold_gain":0.0,"event_name":"Scrap Ooze","player_choice":"Success","floor":5.0,"gold_loss":0.0,"damage_taken":18.0,"relics_obtained":["Prayer Wheel"]},{"damage_healed":0.0,"max_hp_gain":0.0,"max_hp_loss":0.0,"gold_gain":0.0,"event_name":"N\u0027loth","player_choice":"Traded Relic","floor":21.0,"relics_lost":["MawBank"],"gold_loss":0.0,"damage_taken":0.0,"relics_obtained":["Nloth\u0027s Gift"]},{"damage_healed":0.0,"max_hp_gain":0.0,"max_hp_loss":0.0,"gold_gain":0.0,"event_name":"The Mausoleum","player_choice":"Opened","floor":24.0,"gold_loss":0.0,"damage_taken":0.0,"relics_obtained":["Mummified Hand"],"cards_obtained":["Writhe"]},{"damage_healed":0.0,"max_hp_gain":0.0,"max_hp_loss":0.0,"gold_gain":0.0,"event_name":"Addict","player_choice":"Obtained Relic","floor":27.0,"gold_loss":85.0,"damage_taken":0.0,"relics_obtained":["Ice Cream"]},{"cards_removed":["Cold Snap"],"damage_healed":0,"gold_gain":0,"player_choice":"Removed Attack","damage_taken":0,"max_hp_gain":0,"max_hp_loss":0,"event_name":"Falling","floor":45,"gold_loss":0},{"damage_healed":0,"gold_gain":0,"player_choice":"Fight","damage_taken":0,"max_hp_gain":0,"max_hp_loss":0,"event_name":"Mysterious Sphere","floor":46,"gold_loss":0},{"damage_healed":0,"gold_gain":0,"player_choice":"Got Potions","damage_taken":0,"max_hp_gain":0,"max_hp_loss":0,"event_name":"Lab","floor":48,"gold_loss":0}],"is_beta":false,"boss_relics":[{"not_picked":["Cursed Key","Snecko Eye"],"picked":"Nuclear Battery"},{"not_picked":["Philosopher\u0027s Stone","Orrery"],"picked":"Black Star"}],"items_purged_floors":[37,39],"is_endless":false,"potions_floor_spawned":[4,8,22,25,29,33,36,41,42,47],"ascension_level":20}