{"gold_per_floor":[116,22,40,50,69,101,101,116,116,116,116,116,143,143,143,143],"floor_reached":16,"playtime":491,"items_purged":[],"score":220,"play_id":"d3e4b8e1-1606-40c5-afb5-dc3812c7ad44","local_time":"20181207182840","is_ascension_mode":true,"campfire_choices":[{"data":"Armaments","floor":7.0,"key":"SMITH"},{"data":"Perfected Strike","floor":10.0,"key":"SMITH"},{"data":"Bash","floor":12.0,"key":"SMITH"},{"data":"Battle Trance","floor":15.0,"key":"SMITH"}],"neow_cost":"TEN_PERCENT_HP_LOSS","seed_source_timestamp":7042678986507,"circlet_count":0,"master_deck":["AscendersBane","Strike_R","Strike_R","Strike_R","Strike_R","Strike_R","Defend_R","Defend_R","Defend_R","Defend_R","Bash+1","Feel No Pain","Armaments+1","Perfected Strike+1","Battle Trance+1","Pommel Strike","Pommel Strike","Twin Strike","Pommel Strike","Feed","Pain"],"special_seed":0,"relics":["Burning Blood","Prayer Wheel","Dream Catcher","Gremlin Horn","Kunai","Smiling Mask","WarpedTongs"],"potions_floor_usage":[],"damage_taken":[{"damage":6.0,"enemies":"Cultist","floor":1.0,"turns":4.0},{"damage":0.0,"enemies":"Small Slimes","floor":3.0,"turns":3.0},{"damage":7.0,"enemies":"Jaw Worm","floor":4.0,"turns":3.0},{"damage":19.0,"enemies":"Gremlin Gang","floor":5.0,"turns":4.0},{"damage":18.0,"enemies":"3 Sentries","floor":6.0,"turns":10.0},{"damage":8.0,"enemies":"Blue Slaver","floor":8.0,"turns":4.0},{"damage":8.0,"enemies":"Gremlin Nob","floor":13.0,"turns":3.0},{"damage":30,"enemies":"The Guardian","floor":16,"turns":5}],"seed_played":"2484172461151014210","potions_obtained":[{"floor":1.0,"key":"SpeedPotion"},{"floor":4.0,"key":"Explosive Potion"},{"floor":6.0,"key":"SpeedPotion"}],"is_trial":false,"path_per_floor":["M","$","M","M","M","E","R","M","T","R","?","R","E","?","R","B"],"character_chosen":"IRONCLAD","items_purchased":["Perfected Strike","Battle Trance"],"campfire_rested":0,"item_purchase_floors":[2,2],"current_hp_per_floor":[68,68,68,67,54,42,42,40,40,40,29,29,27,27,27,0],"gold":143,"neow_bonus":"ONE_RARE_RELIC","is_prod":false,"is_daily":false,"chose_seed":false,"campfire_upgraded":4,"win_rate":0,"timestamp":1544178520,"path_taken":["M","?","M","M","M","E","R","M","T","R","?","R","E","?","R","BOSS"],"build_version":"2018-12-06","purchased_purges":0,"victory":false,"max_hp_per_floor":[68,68,68,68,68,68,68,68,68,68,68,68,68,68,68,68],"card_choices":[{"not_picked":["Perfected Strike","Armaments"],"picked":"Feel No Pain","floor":1.0},{"not_picked":["Hemokinesis","Searing Blow"],"picked":"Armaments","floor":1.0},{"not_picked":["Armaments","Sword Boomerang"],"picked":"Pommel Strike","floor":3.0},{"not_picked":["Iron Wave","Intimidate","Infernal Blade"],"picked":"SKIP","floor":3.0},{"not_picked":["Clothesline","Wild Strike"],"picked":"Pommel Strike","floor":4.0},{"not_picked":["Heavy Blade","Warcry","Armaments"],"picked":"SKIP","floor":4.0},{"not_picked":["Metallicize","Sword Boomerang","Twin Strike"],"picked":"SKIP","floor":5.0},{"not_picked":["Searing Blow","Clash","Barricade"],"picked":"SKIP","floor":5.0},{"not_picked":["Metallicize","Sword Boomerang"],"picked":"Twin Strike","floor":5.0},{"not_picked":["Searing Blow","Clash","Barricade"],"picked":"SKIP","floor":5.0},{"not_picked":["Sword Boomerang","Body Slam","Dropkick"],"picked":"SKIP","floor":6.0},{"not_picked":["Bloodletting","Ghostly Armor"],"picked":"Pommel Strike","floor":8.0},{"not_picked":["Armaments","Havoc","Cleave"],"picked":"SKIP","floor":8.0},{"not_picked":["Rampage","Wild Strike"],"picked":"Feed","floor":13.0}],"player_experience":2297059,"relics_obtained":[{"floor":6.0,"key":"Dream Catcher"},{"floor":9.0,"key":"Gremlin Horn"},{"floor":13.0,"key":"Smiling Mask"}],"event_choices":[{"damage_healed":0.0,"max_hp_gain":0.0,"max_hp_loss":0.0,"gold_gain":0.0,"event_name":"Scrap Ooze","player_choice":"Success","floor":11.0,"gold_loss":0.0,"damage_taken":11.0,"relics_obtained":["Kunai"]},{"damage_healed":0.0,"max_hp_gain":0.0,"max_hp_loss":0.0,"gold_gain":0.0,"event_name":"Accursed Blacksmith","player_choice":"Rummage","floor":14.0,"gold_loss":0.0,"damage_taken":0.0,"relics_obtained":["WarpedTongs"],"cards_obtained":["Pain"]}],"is_beta":false,"boss_relics":[],"items_purged_floors":[],"is_endless":false,"potions_floor_spawned":[1,4,6],"killed_by":"The Guardian","ascension_level":20}