{"gold_per_floor":[110,120,120,134,14,43,43,60,60,60,70,70,88,88,88,165,165,181,181,181,201,10,43,43,53,104,104,115,115,134,134,134,134],"floor_reached":33,"playtime":1211,"items_purged":["Strike_R"],"score":488,"play_id":"d30a0e8f-9779-4b8e-b5a8-7d3e06b18ee8","local_time":"20190420073530","is_ascension_mode":true,"campfire_choices":[{"data":"Inflame","floor":7.0,"key":"SMITH"},{"data":"Double Tap","floor":10.0,"key":"SMITH"},{"data":"Flame Barrier","floor":12.0,"key":"SMITH"},{"floor":15.0,"key":"REST"},{"floor":24,"key":"REST"},{"floor":27,"key":"RECALL"},{"floor":29,"key":"REST"},{"floor":32,"key":"REST"}],"neow_cost":"NONE","seed_source_timestamp":0,"circlet_count":0,"master_deck":["AscendersBane","Strike_R","Strike_R","Strike_R","Defend_R","Defend_R","Defend_R","Defend_R","Bash","Pommel Strike","Iron Wave","Flame Barrier+1","Cleave","Inflame+1","Double Tap+1","Feed","Shrug It Off","Necronomicurse"],"special_seed":0,"relics":["Burning Blood","NeowsBlessing","Bag of Marbles","Bottled Tornado","Velvet Choker","Necronomicon","HandDrill","Du-Vu Doll"],"potions_floor_usage":[23,31,33],"damage_taken":[{"damage":0.0,"enemies":"Small Slimes","floor":1.0,"turns":1.0},{"damage":0.0,"enemies":"Cultist","floor":2.0,"turns":1.0},{"damage":0.0,"enemies":"Jaw Worm","floor":4.0,"turns":1.0},{"damage":29.0,"enemies":"Gremlin Nob","floor":6.0,"turns":5.0},{"damage":7.0,"enemies":"Large Slime","floor":8.0,"turns":3.0},{"damage":14.0,"enemies":"Exordium Thugs","floor":11.0,"turns":2.0},{"damage":0.0,"enemies":"2 Fungi Beasts","floor":13.0,"turns":3.0},{"damage":21.0,"enemies":"Slime Boss","floor":16.0,"turns":11.0},{"damage":7.0,"enemies":"2 Thieves","floor":18.0,"turns":3.0},{"damage":7,"enemies":"Shell Parasite","floor":21,"turns":5},{"damage":31,"enemies":"Slavers","floor":23,"turns":4},{"damage":8,"enemies":"Snake Plant","floor":25,"turns":2},{"damage":20,"enemies":"Cultist and Chosen","floor":28,"turns":5},{"damage":0,"enemies":"Chosen and Byrds","floor":30,"turns":4},{"damage":0,"enemies":"Gremlin Leader","floor":31,"turns":1},{"damage":95,"enemies":"Collector","floor":33,"turns":11}],"seed_played":"-4985563363410564571","potions_obtained":[{"floor":2.0,"key":"Explosive Potion"},{"floor":8.0,"key":"Block Potion"},{"floor":16.0,"key":"Energy Potion"},{"floor":21,"key":"Explosive Potion"},{"floor":28,"key":"Energy Potion"},{"floor":30,"key":"SmokeBomb"}],"is_trial":false,"path_per_floor":["M","M","?","M","$","E","R","M","T","R","M","R","M","$","R","B",null,"M","?","?","M","$","E","R","M","T","R","M","R","M","E","R","B"],"character_chosen":"IRONCLAD","items_purchased":["Cleave","HandDrill"],"campfire_rested":4,"item_purchase_floors":[5,22],"current_hp_per_floor":[74,75,75,75,75,52,52,51,51,51,43,43,49,49,71,56,70,72,56,41,43,43,18,43,41,41,41,30,56,65,71,92,0],"gold":134,"neow_bonus":"THREE_ENEMY_KILL","is_prod":false,"is_daily":false,"chose_seed":false,"campfire_upgraded":3,"win_rate":0,"timestamp":1555734930,"path_taken":["M","M","?","?","$","E","R","M","T","R","M","R","M","?","R","BOSS","M","?","?","M","$","E","R","M","T","R","M","R","?","E","R","BOSS"],"build_version":"2019-01-23","purchased_purges":1,"victory":false,"max_hp_per_floor":[75,75,75,75,75,75,75,75,75,75,75,75,75,75,75,75,75,78,78,83,86,86,86,86,86,86,86,89,89,92,92,92,92],"card_choices":[{"not_picked":["Metallicize","True Grit"],"picked":"Pommel Strike","floor":1.0},{"not_picked":["Carnage","Wild Strike"],"picked":"Iron Wave","floor":2.0},{"not_picked":["Iron Wave","Headbutt"],"picked":"Flame Barrier","floor":4.0},{"not_picked":["Rampage","Perfected Strike"],"picked":"Inflame","floor":6.0},{"not_picked":["Metallicize","Thunderclap"],"picked":"Double Tap","floor":8.0},{"not_picked":["Seeing Red","Anger","Spot Weakness"],"picked":"SKIP","floor":11.0},{"not_picked":["Rage","Cleave","Blood for Blood"],"picked":"SKIP","floor":13.0},{"not_picked":["Dark Embrace","Juggernaut"],"picked":"Feed","floor":16.0},{"not_picked":["Rage+1","Twin Strike+1"],"picked":"Shrug It Off","floor":18.0},{"not_picked":["Combust","True Grit","Feel No Pain"],"picked":"SKIP","floor":21},{"not_picked":["Clothesline","Corruption","Havoc"],"picked":"SKIP","floor":23},{"not_picked":["Sword Boomerang","Dual Wield+1","Combust"],"picked":"SKIP","floor":25},{"not_picked":["Perfected Strike+1","Infernal Blade","Flex+1"],"picked":"SKIP","floor":28},{"not_picked":["Reckless Charge","Blood for Blood","Uppercut"],"picked":"SKIP","floor":30}],"player_experience":311788,"relics_obtained":[{"floor":6.0,"key":"Bag of Marbles"},{"floor":9.0,"key":"Bottled Tornado"},{"floor":19,"key":"Necronomicon"},{"floor":23,"key":"Du-Vu Doll"}],"event_choices":[{"cards_removed":["Strike_R"],"damage_healed":0.0,"max_hp_gain":0.0,"max_hp_loss":0.0,"gold_gain":0.0,"event_name":"Bonfire Elementals","player_choice":"Offered Basic","floor":3.0,"gold_loss":0.0,"damage_taken":0.0},{"damage_healed":0,"gold_gain":0,"player_choice":"Obtained Book","damage_taken":16,"max_hp_gain":0,"max_hp_loss":0,"event_name":"Cursed Tome","floor":19,"gold_loss":0},{"damage_healed":0,"gold_gain":0,"player_choice":"Shed Blood","damage_taken":20,"max_hp_gain":5,"max_hp_loss":0,"event_name":"Forgotten Altar","floor":20,"gold_loss":0}],"is_beta":false,"boss_relics":[{"not_picked":["Philosopher\u0027s Stone","Black Star"],"picked":"Velvet Choker"}],"items_purged_floors":[5],"is_endless":false,"potions_floor_spawned":[2,8,16,21,28,30,31],"killed_by":"Collector","ascension_level":14}