{"gold_per_floor":[109,126,139,139,155,155,190,190,190,215,215,229,229,304,304,381,381,381,381,132,132,132,132,132,132,132,132,132,132,132,132,132,132,132,132,132,132,132,132,132,132,132,132,132,132,41,41,41,41,41],"floor_reached":51,"playtime":2085,"items_purged":["Strike_R"],"score":1364,"play_id":"814dd7b0-8a15-4f2e-9c21-c7aa2eec6f3f","local_time":"20190317092537","is_ascension_mode":true,"campfire_choices":[{"data":"Bash","floor":6.0,"key":"SMITH"},{"data":"Clothesline","floor":8.0,"key":"SMITH"},{"data":"Inflame","floor":11.0,"key":"SMITH"},{"data":"True Grit","floor":13.0,"key":"SMITH"},{"floor":15.0,"key":"REST"},{"floor":23.0,"key":"REST"},{"data":"Uppercut","floor":25.0,"key":"SMITH"},{"data":"Limit Break","floor":27.0,"key":"SMITH"},{"floor":32.0,"key":"REST"},{"floor":41,"key":"REST"},{"data":"Feel No Pain","floor":44,"key":"SMITH"},{"data":"Sword Boomerang","floor":49,"key":"SMITH"}],"neow_cost":"NONE","seed_source_timestamp":0,"circlet_count":0,"master_deck":["AscendersBane","Strike_R","Defend_R","Defend_R","Defend_R","Defend_R","Bash+1","Iron Wave","True Grit+1","Clothesline+1","Battle Trance","Inflame+1","Limit Break+1","Heavy Blade","Feel No Pain+1","Sword Boomerang+1","Uppercut+1","Headbutt","Ghostly+1","Ghostly+1","Ghostly+1","Shrug It Off+1","Rage+1","Limit Break+1","Pommel Strike+1","Heavy Blade+1","Warcry+1","Power Through+1","Pommel Strike+1","Headbutt+1","Shrug It Off+1","True Grit+1","Flame Barrier+1"],"special_seed":0,"relics":["Burning Blood","Kunai","Paper Frog","Ectoplasm","Toxic Egg 2","Centennial Puzzle","Happy Flower","Empty Cage","Incense Burner","Bottled Lightning","Art of War","Ice Cream","NlothsMask"],"potions_floor_usage":[42,50],"damage_taken":[{"damage":3.0,"enemies":"Jaw Worm","floor":1.0,"turns":5.0},{"damage":0.0,"enemies":"2 Louse","floor":2.0,"turns":3.0},{"damage":0.0,"enemies":"Cultist","floor":3.0,"turns":4.0},{"damage":20.0,"enemies":"Large Slime","floor":5.0,"turns":12.0},{"damage":23.0,"enemies":"Gremlin Nob","floor":7.0,"turns":5.0},{"damage":29.0,"enemies":"Lagavulin","floor":10.0,"turns":10.0},{"damage":4.0,"enemies":"Looter","floor":12.0,"turns":4.0},{"damage":38.0,"enemies":"Slime Boss","floor":16.0,"turns":8.0},{"damage":4.0,"enemies":"Shell Parasite","floor":18.0,"turns":6.0},{"damage":7.0,"enemies":"3 Byrds","floor":21.0,"turns":6.0},{"damage":39.0,"enemies":"Sentry and Sphere","floor":22.0,"turns":6.0},{"damage":16.0,"enemies":"Book of Stabbing","floor":24.0,"turns":4.0},{"damage":25.0,"enemies":"Gremlin Leader","floor":29.0,"turns":7.0},{"damage":11.0,"enemies":"Snake Plant","floor":30.0,"turns":4.0},{"damage":14.0,"enemies":"Champ","floor":33.0,"turns":9.0},{"damage":0.0,"enemies":"3 Shapes","floor":35.0,"turns":7.0},{"damage":34.0,"enemies":"2 Orb Walkers","floor":37.0,"turns":7.0},{"damage":24.0,"enemies":"3 Darklings","floor":39.0,"turns":7.0},{"damage":7,"enemies":"Reptomancer","floor":40,"turns":5},{"damage":0,"enemies":"Nemesis","floor":42,"turns":9},{"damage":0,"enemies":"Maw","floor":45,"turns":7},{"damage":7,"enemies":"4 Shapes","floor":48,"turns":11},{"damage":10,"enemies":"Time Eater","floor":50,"turns":9}],"seed_played":"7303661447921518723","potions_obtained":[{"floor":5.0,"key":"Swift Potion"},{"floor":10.0,"key":"Swift Potion"},{"floor":12.0,"key":"GamblersBrew"},{"floor":16.0,"key":"Swift Potion"},{"floor":24.0,"key":"EntropicBrew"},{"floor":29.0,"key":"FearPotion"},{"floor":40,"key":"SkillPotion"},{"floor":42,"key":"SpeedPotion"},{"floor":48,"key":"Block Potion"}],"is_trial":false,"path_per_floor":["M","M","M","?","M","R","E","R","T","E","R","M","R","?","R","B",null,"M","?","$","M","M","R","E","R","T","R","?","E","M","?","R","B",null,"M","?","?","?","M","E","R","E","T","R","M","$","?","M","R","B",null],"character_chosen":"IRONCLAD","items_purchased":["Feel No Pain","Sword Boomerang","Strength Potion","Shrug It Off+1","True Grit+1"],"campfire_rested":4,"item_purchase_floors":[20,20,20,46,46],"current_hp_per_floor":[78,82,82,82,68,68,51,51,51,28,28,30,30,19,43,11,64,66,66,66,65,32,56,46,46,46,46,41,22,17,17,29,21,36,41,41,13,41,23,22,34,40,40,40,41,41,41,40,40,36],"gold":41,"neow_bonus":"TEN_PERCENT_HP_BONUS","is_prod":false,"is_daily":false,"chose_seed":false,"campfire_upgraded":8,"win_rate":0,"timestamp":1552839937,"path_taken":["M","M","M","?","M","R","E","R","T","E","R","M","R","?","R","BOSS","M","?","$","?","M","R","E","R","T","R","?","E","M","?","R","BOSS","M","?","?","?","?","E","R","E","T","R","M","$","?","?","R","BOSS"],"build_version":"2019-01-23","purchased_purges":1,"victory":true,"max_hp_per_floor":[82,82,82,82,82,82,82,82,82,82,82,82,82,82,82,82,82,82,82,82,82,82,82,82,82,82,82,41,41,41,41,41,41,41,41,41,41,41,41,41,41,41,41,41,41,41,41,41,41,41],"card_choices":[{"not_picked":["Warcry","Armaments"],"picked":"Iron Wave","floor":1.0},{"not_picked":["Warcry","Blood for Blood"],"picked":"True Grit","floor":2.0},{"not_picked":["Shrug It Off","Sword Boomerang"],"picked":"Clothesline","floor":3.0},{"not_picked":["Iron Wave","Heavy Blade"],"picked":"Battle Trance","floor":5.0},{"not_picked":["Dropkick","Havoc"],"picked":"Ghostly Armor","floor":7.0},{"not_picked":["Ghostly Armor","Rage"],"picked":"Inflame","floor":10.0},{"not_picked":["Rage","Flex"],"picked":"Sword Boomerang","floor":12.0},{"not_picked":["Brutality","Impervious"],"picked":"Limit Break","floor":16.0},{"not_picked":["Flex","Clothesline"],"picked":"Heavy Blade","floor":18.0},{"not_picked":["Warcry+1","Bloodletting+1"],"picked":"Uppercut","floor":21.0},{"not_picked":["Searing Blow","Clothesline"],"picked":"Headbutt","floor":22.0},{"not_picked":["Perfected Strike","Headbutt","Thunderclap"],"picked":"SKIP","floor":24.0},{"not_picked":["Metallicize","Perfected Strike"],"picked":"Shrug It Off+1","floor":29.0},{"not_picked":["Clothesline","Sword Boomerang"],"picked":"Rage+1","floor":30.0},{"not_picked":["Berserk","Bludgeon"],"picked":"Limit Break+1","floor":33.0},{"not_picked":["Bloodletting+1","Pummel"],"picked":"Pommel Strike+1","floor":35.0},{"not_picked":["Fire Breathing","Evolve"],"picked":"Heavy Blade+1","floor":37.0},{"not_picked":["Battle Trance+1","Reckless Charge+1"],"picked":"Warcry+1","floor":39.0},{"not_picked":["Reckless Charge","Warcry+1"],"picked":"Power Through+1","floor":40},{"not_picked":["Immolate","Havoc+1"],"picked":"Pommel Strike+1","floor":42},{"not_picked":["Combust","Clothesline","Headbutt+1"],"picked":"SKIP","floor":45},{"not_picked":["Combust","Clothesline"],"picked":"Headbutt+1","floor":45},{"not_picked":["Seeing Red+1","Anger+1"],"picked":"Flame Barrier+1","floor":48}],"player_experience":2356670,"relics_obtained":[{"floor":9.0,"key":"Kunai"},{"floor":10.0,"key":"Paper Frog"},{"floor":24.0,"key":"Toxic Egg 2"},{"floor":26.0,"key":"Centennial Puzzle"},{"floor":29.0,"key":"Happy Flower"},{"floor":37.0,"key":"Incense Burner"},{"floor":40,"key":"Bottled Lightning"},{"floor":42,"key":"Art of War"},{"floor":43,"key":"Ice Cream"}],"event_choices":[{"damage_healed":0.0,"max_hp_gain":0.0,"max_hp_loss":0.0,"gold_gain":0.0,"event_name":"The Cleric","player_choice":"Leave","floor":4.0,"gold_loss":0.0,"damage_taken":0.0},{"damage_healed":0.0,"max_hp_gain":0.0,"max_hp_loss":0.0,"gold_gain":75.0,"event_name":"World of Goop","player_choice":"Gather Gold","floor":14.0,"gold_loss":0.0,"damage_taken":11.0},{"cards_removed":["Strike_R"],"damage_healed":0.0,"max_hp_gain":0.0,"max_hp_loss":0.0,"gold_gain":0.0,"event_name":"Wheel of Change","player_choice":"Card Removal","floor":19.0,"gold_loss":0.0,"damage_taken":0.0},{"damage_healed":0.0,"max_hp_gain":0.0,"max_hp_loss":41.0,"gold_gain":0.0,"event_name":"Ghosts","player_choice":"Became a Ghost","floor":28.0,"gold_loss":0.0,"damage_taken":0.0,"cards_obtained":["Ghostly","Ghostly","Ghostly"]},{"damage_healed":0.0,"max_hp_gain":0.0,"max_hp_loss":0.0,"gold_gain":50.0,"event_name":"Nest","player_choice":"Stole From Cult","floor":31.0,"gold_loss":0.0,"damage_taken":0.0},{"cards_removed":["Sword Boomerang"],"damage_healed":0.0,"max_hp_gain":0.0,"max_hp_loss":0.0,"gold_gain":0.0,"event_name":"Falling","player_choice":"Removed Attack","floor":36.0,"gold_loss":0.0,"damage_taken":0.0},{"damage_healed":0.0,"max_hp_gain":0.0,"max_hp_loss":0.0,"gold_gain":0.0,"event_name":"Mysterious Sphere","player_choice":"Fight","floor":37.0,"gold_loss":0.0,"damage_taken":0.0},{"cards_removed":["Ghostly Armor"],"damage_healed":28.0,"max_hp_gain":0.0,"max_hp_loss":0.0,"gold_gain":0.0,"event_name":"Bonfire Elementals","player_choice":"Offered Uncommon","floor":38.0,"gold_loss":0.0,"damage_taken":0.0},{"damage_healed":0,"gold_gain":0,"player_choice":"Trade","damage_taken":0,"relics_obtained":["NlothsMask"],"max_hp_gain":0,"max_hp_loss":0,"event_name":"FaceTrader","floor":47,"gold_loss":0}],"is_beta":false,"boss_relics":[{"not_picked":["Calling Bell","Black Blood"],"picked":"Ectoplasm"},{"not_picked":["Philosopher\u0027s Stone","Coffee Dripper"],"picked":"Empty Cage"}],"items_purged_floors":[20],"is_endless":false,"potions_floor_spawned":[5,10,12,16,22,24,29,40,42,48],"ascension_level":15}