{"gold_per_floor":[218,234,252,327,344,344,0,0,0,0,0,33,33,44,44,117,117,135,60,60,60,80,107,107,107],"floor_reached":25,"playtime":776,"items_purged":[],"score":383,"play_id":"2d96dedf-b668-4397-bfc8-e4ef72bd2142","local_time":"20190317155755","is_ascension_mode":true,"campfire_choices":[{"data":"Melter","floor":6,"key":"SMITH"},{"data":"Zap","floor":8,"key":"SMITH"},{"data":"Double Energy","floor":10,"key":"SMITH"},{"floor":15,"key":"REST"},{"floor":24,"key":"REST"}],"neow_cost":"NONE","seed_source_timestamp":0,"circlet_count":0,"master_deck":["AscendersBane","Defend_B","Defend_B","Zap+1","Dualcast","Skim","Ball Lightning","Auto Shields","Melter+1","Double Energy+1","FTL","Gash","Core Surge","Sunder+1","Aggregate+1","Defragment+1","Cold Snap+1","Coolheaded","Capacitor+1"],"relics":["Cracked Core","Membership Card","Mummified Hand","Thread and Needle","Shuriken","Astrolabe","MutagenicStrength","Letter Opener"],"potions_floor_usage":[16,16,25],"damage_taken":[{"damage":1,"enemies":"Cultist","floor":1,"turns":3},{"damage":7,"enemies":"Jaw Worm","floor":2,"turns":3},{"damage":8,"enemies":"2 Louse","floor":3,"turns":2},{"damage":7,"enemies":"Large Slime","floor":5,"turns":5},{"damage":12,"enemies":"Gremlin Nob","floor":12,"turns":3},{"damage":0,"enemies":"Exordium Wildlife","floor":14,"turns":3},{"damage":3,"enemies":"Slime Boss","floor":16,"turns":5},{"damage":10,"enemies":"Chosen","floor":18,"turns":5},{"damage":20,"enemies":"3 Byrds","floor":22,"turns":3},{"damage":22,"enemies":"Book of Stabbing","floor":23,"turns":4},{"damage":31,"enemies":"Slavers","floor":25,"turns":3}],"seed_played":"2660669796183901026","potions_obtained":[{"floor":2,"key":"Swift Potion"},{"floor":12,"key":"Poison Potion"},{"floor":23,"key":"Explosive Potion"}],"is_trial":false,"path_per_floor":["M","M","M","?","M","R","$","R","T","R","$","E","?","M","R","B",null,"M","?","?","?","M","E","R","E"],"character_chosen":"DEFECT","items_purchased":["Membership Card","Mummified Hand","Double Energy"],"campfire_rested":2,"item_purchase_floors":[7,7,7],"current_hp_per_floor":[63,56,48,37,30,30,30,30,30,30,30,18,11,11,32,29,61,51,51,51,51,31,9,30,0],"gold":107,"neow_bonus":"HUNDRED_GOLD","is_prod":false,"is_daily":false,"chose_seed":true,"campfire_upgraded":3,"win_rate":0,"timestamp":1552809475,"path_taken":["M","?","M","?","M","R","$","R","T","R","$","E","?","M","R","BOSS","M","?","?","?","M","E","R","E"],"build_version":"2019-01-23","purchased_purges":0,"victory":false,"max_hp_per_floor":[71,71,71,71,71,71,71,71,71,71,71,71,71,71,71,71,71,71,71,71,71,71,71,71,71],"card_choices":[{"not_picked":["Sweeping Beam","Steam"],"picked":"Skim","floor":1},{"not_picked":["Leap","Fusion"],"picked":"Ball Lightning","floor":2},{"not_picked":["Go for the Eyes","Conserve Battery"],"picked":"Auto Shields","floor":3},{"not_picked":["Aggregate","Hologram"],"picked":"Melter","floor":5},{"not_picked":["Rainbow","Reinforced Body"],"picked":"FTL","floor":12},{"not_picked":["Capacitor","Darkness"],"picked":"Gash","floor":14},{"not_picked":["Thunder Strike","Amplify"],"picked":"Core Surge","floor":16},{"not_picked":["Conserve Battery","Turbo"],"picked":"Cold Snap+1","floor":18},{"not_picked":["Doom and Gloom","Gash"],"picked":"Coolheaded","floor":22},{"not_picked":["Stack","Beam Cell"],"picked":"Capacitor+1","floor":23}],"player_experience":2845463,"relics_obtained":[{"floor":9,"key":"Thread and Needle"},{"floor":12,"key":"Shuriken"},{"floor":23,"key":"Letter Opener"}],"event_choices":[{"damage_healed":0,"gold_gain":75,"player_choice":"Gather Gold","damage_taken":11,"max_hp_gain":0,"max_hp_loss":0,"event_name":"World of Goop","floor":4,"gold_loss":0},{"cards_removed":["Strike_B"],"damage_healed":0,"gold_gain":0,"player_choice":"Card Removal","damage_taken":7,"max_hp_gain":0,"max_hp_loss":0,"event_name":"Golden Wing","floor":13,"gold_loss":0},{"cards_removed":["Defend_B"],"damage_healed":0,"gold_gain":0,"player_choice":"Gave Gold","damage_taken":0,"max_hp_gain":0,"max_hp_loss":0,"event_name":"Beggar","floor":19,"gold_loss":75},{"damage_healed":0,"gold_gain":0,"player_choice":"Inject Mutagens","damage_taken":0,"relics_obtained":["MutagenicStrength"],"max_hp_gain":0,"max_hp_loss":0,"event_name":"Drug Dealer","floor":20,"gold_loss":0},{"cards_removed":["Defend_B"],"damage_healed":0,"gold_gain":0,"player_choice":"Elegance","damage_taken":0,"max_hp_gain":0,"max_hp_loss":0,"event_name":"Back to Basics","floor":21,"gold_loss":0}],"is_beta":false,"boss_relics":[{"not_picked":["Ectoplasm","Empty Cage"],"picked":"Astrolabe"}],"items_purged_floors":[],"is_endless":false,"potions_floor_spawned":[2,12,23],"killed_by":"Slavers","ascension_level":15}