{"gold_per_floor":[110,110,110,121,135,135,163,163,163,228,52,70,70,98,98,175,175,190,204,204,37,56,56,56],"floor_reached":24,"playtime":875,"items_purged":["Defend_B"],"score":558,"play_id":"10bbd0c2-1982-4757-8fce-560ac9eee4fa","local_time":"20190107174551","is_ascension_mode":true,"campfire_choices":[{"data":"Darkness","floor":6.0,"key":"SMITH"},{"data":"Dualcast","floor":8.0,"key":"SMITH"},{"data":"Hologram","floor":13.0,"key":"SMITH"},{"data":"Zap","floor":15.0,"key":"SMITH"},{"data":"Buffer","floor":23,"key":"SMITH"}],"neow_cost":"NONE","seed_source_timestamp":10045786090602,"circlet_count":0,"master_deck":["AscendersBane","Strike_B+1","Strike_B+1","Defend_B","Defend_B","Defend_B","Zap+1","Dualcast+1","Darkness+1","All For One","Leap","Beam Cell","Multi-Cast","Turbo","Good Instincts","Hologram+1","Echo Form","Buffer+1","Coolheaded","Go for the Eyes"],"special_seed":0,"relics":["Cracked Core","Whetstone","Bottled Lightning","Boot","Regal Pillow","Torii","Coffee Dripper","Bag of Preparation"],"potions_floor_usage":[22,24],"damage_taken":[{"damage":3.0,"enemies":"2 Louse","floor":1.0,"turns":3.0},{"damage":0.0,"enemies":"Cultist","floor":4.0,"turns":3.0},{"damage":3.0,"enemies":"Jaw Worm","floor":5.0,"turns":4.0},{"damage":0.0,"enemies":"Gremlin Nob","floor":7.0,"turns":2.0},{"damage":17.0,"enemies":"3 Sentries","floor":10.0,"turns":8.0},{"damage":13.0,"enemies":"Exordium Thugs","floor":12.0,"turns":2.0},{"damage":3.0,"enemies":"3 Sentries","floor":14.0,"turns":6.0},{"damage":0,"enemies":"Slime Boss","floor":16,"turns":3},{"damage":8,"enemies":"3 Byrds","floor":18,"turns":3},{"damage":0,"enemies":"Chosen","floor":19,"turns":4},{"damage":20,"enemies":"Colosseum Slavers","floor":20,"turns":4},{"damage":19,"enemies":"Shelled Parasite and Fungi","floor":22,"turns":7},{"damage":14,"enemies":"Slavers","floor":24,"turns":2}],"seed_played":"4191828869004885261","potions_obtained":[{"floor":4.0,"key":"AttackPotion"},{"floor":7.0,"key":"GamblersBrew"},{"floor":14.0,"key":"Swift Potion"},{"floor":16,"key":"FocusPotion"}],"is_trial":false,"path_per_floor":["M","?","?","M","M","R","E","R","T","?","$","M","R","E","R","B",null,"M","M","?","$","M","R","E"],"character_chosen":"DEFECT","items_purchased":["Good Instincts","Bag of Preparation"],"campfire_rested":0,"item_purchase_floors":[11,21],"current_hp_per_floor":[61,61,54,54,51,51,51,51,51,34,34,21,21,18,18,18,58,50,50,30,30,11,11,0],"gold":56,"neow_bonus":"RANDOM_COMMON_RELIC","is_prod":false,"is_daily":false,"chose_seed":false,"campfire_upgraded":5,"win_rate":0,"timestamp":1546854351,"path_taken":["M","?","?","M","M","R","E","R","T","?","?","M","R","E","R","BOSS","M","?","?","?","M","R","E"],"build_version":"2019-01-03v4","purchased_purges":1,"victory":false,"max_hp_per_floor":[71,71,71,71,71,71,71,71,71,71,71,71,71,71,71,71,71,71,71,71,71,71,71,71],"card_choices":[{"not_picked":["Redo","Leap"],"picked":"Darkness","floor":1.0},{"not_picked":["Hello World","Sweeping Beam"],"picked":"Leap","floor":4.0},{"not_picked":["Fusion","Consume"],"picked":"Beam Cell","floor":5.0},{"not_picked":["Melter","Barrage"],"picked":"Multi-Cast","floor":7.0},{"not_picked":["Cold Snap","Conserve Battery"],"picked":"Turbo","floor":10.0},{"not_picked":["Beam Cell","Loop"],"picked":"Hologram","floor":12.0},{"not_picked":["Double Energy","Coolheaded"],"picked":"Echo Form","floor":14.0},{"not_picked":["Hyperbeam","Thunder Strike"],"picked":"Buffer","floor":16},{"not_picked":["Rebound","Heatsinks","Double Energy"],"picked":"SKIP","floor":18},{"not_picked":["Hello World","Turbo"],"picked":"Coolheaded","floor":19},{"not_picked":["Undo","Ball Lightning"],"picked":"Go for the Eyes","floor":22}],"player_experience":2501029,"relics_obtained":[{"floor":7.0,"key":"Bottled Lightning"},{"floor":9.0,"key":"Boot"},{"floor":10.0,"key":"Regal Pillow"},{"floor":14.0,"key":"Torii"}],"event_choices":[{"damage_healed":0.0,"max_hp_gain":0.0,"max_hp_loss":0.0,"gold_gain":0.0,"cards_transformed":["Strike_B"],"event_name":"Living Wall","player_choice":"Change","floor":2.0,"gold_loss":0.0,"damage_taken":0.0,"cards_obtained":["All For One"]},{"cards_removed":["Strike_B"],"damage_healed":0.0,"max_hp_gain":0.0,"max_hp_loss":0.0,"gold_gain":0.0,"event_name":"Golden Wing","player_choice":"Card Removal","floor":3.0,"gold_loss":0.0,"damage_taken":7.0},{"damage_healed":0.0,"max_hp_gain":0.0,"max_hp_loss":0.0,"gold_gain":0.0,"event_name":"Dead Adventurer","player_choice":"Searched \u00271\u0027 times","floor":10.0,"gold_loss":0.0,"damage_taken":0.0},{"damage_healed":0,"gold_gain":0,"player_choice":"Fight","damage_taken":0,"max_hp_gain":0,"max_hp_loss":0,"event_name":"Colosseum","floor":20,"gold_loss":0},{"damage_healed":0,"gold_gain":0,"player_choice":"Fled From Nobs","damage_taken":0,"max_hp_gain":0,"max_hp_loss":0,"event_name":"Colosseum","floor":20,"gold_loss":0}],"is_beta":false,"boss_relics":[{"not_picked":["White Beast Statue","Philosopher\u0027s Stone"],"picked":"Coffee Dripper"}],"items_purged_floors":[11],"is_endless":false,"potions_floor_spawned":[4,7,14,16,18],"killed_by":"Slavers","ascension_level":20}