{"gold_per_floor":[111,127,141,152,152,152,68,98,98,98,98,98,108,123,123,123],"floor_reached":16,"playtime":487,"items_purged":[],"score":204,"play_id":"03b58344-dca3-407d-b810-073a7e597577","local_time":"20181208013750","is_ascension_mode":true,"campfire_choices":[{"data":"Flechettes","floor":6.0,"key":"SMITH"},{"data":"Tactician","floor":10.0,"key":"SMITH"},{"data":"Expertise","floor":15,"key":"SMITH"}],"neow_cost":"TEN_PERCENT_HP_LOSS","seed_source_timestamp":13001052533777,"circlet_count":0,"master_deck":["AscendersBane","Defend_G","Defend_G","Defend_G","Defend_G","Strike_G+1","Strike_G","Strike_G","Strike_G","Survivor","Neutralize","Calculated Gamble+1","Flechettes+1","Tactician+1","Expertise+1"],"special_seed":0,"relics":["Ring of the Snake","Dream Catcher","Bottled Lightning","StoneCalendar"],"potions_floor_usage":[14],"damage_taken":[{"damage":0.0,"enemies":"2 Louse","floor":1.0,"turns":2.0},{"damage":1.0,"enemies":"Jaw Worm","floor":2.0,"turns":4.0},{"damage":1.0,"enemies":"Cultist","floor":3.0,"turns":3.0},{"damage":4.0,"enemies":"2 Fungi Beasts","floor":4.0,"turns":4.0},{"damage":1.0,"enemies":"Gremlin Nob","floor":8.0,"turns":4.0},{"damage":8,"enemies":"Large Slime","floor":13,"turns":7},{"damage":14,"enemies":"Exordium Thugs","floor":14,"turns":7},{"damage":28,"enemies":"Slime Boss","floor":16,"turns":3}],"seed_played":"297065686542227274","potions_obtained":[{"floor":1.0,"key":"AttackPotion"},{"floor":4.0,"key":"EntropicBrew"},{"floor":14,"key":"Fruit Juice"}],"is_trial":false,"path_per_floor":["M","M","M","M","?","R","$","E","T","R","?","?","M","M","R","B"],"character_chosen":"THE_SILENT","items_purchased":["Tactician"],"campfire_rested":0,"item_purchase_floors":[7],"current_hp_per_floor":[59,58,57,53,35,35,35,34,34,34,34,23,15,6,6,0],"gold":123,"neow_bonus":"REMOVE_TWO","is_prod":false,"is_daily":false,"chose_seed":false,"campfire_upgraded":3,"win_rate":0,"timestamp":1544204270,"path_taken":["M","M","M","M","?","R","$","E","T","R","?","?","M","M","R","BOSS"],"build_version":"2018-12-06","purchased_purges":0,"victory":false,"max_hp_per_floor":[60,60,60,60,60,60,60,60,60,60,60,60,60,65,65,65],"card_choices":[{"not_picked":["Caltrops","Underhanded Strike"],"picked":"Calculated Gamble","floor":1.0},{"not_picked":["Quick Slash","Distraction"],"picked":"Flechettes","floor":2.0},{"not_picked":["Dodge and Roll","Caltrops","Flying Knee"],"picked":"SKIP","floor":3.0},{"not_picked":["Caltrops","Dagger Throw","Blade Dance"],"picked":"SKIP","floor":4.0},{"not_picked":["Outmaneuver","PiercingWail","Eviscerate"],"picked":"SKIP","floor":8.0},{"not_picked":["Caltrops","All Out Attack","Flechettes"],"picked":"SKIP","floor":13},{"not_picked":["Caltrops","All Out Attack","Flechettes"],"picked":"SKIP","floor":13},{"not_picked":["Escape Plan","All Out Attack"],"picked":"Expertise","floor":14}],"player_experience":2308002,"relics_obtained":[{"floor":8.0,"key":"Dream Catcher"},{"floor":9.0,"key":"Bottled Lightning"}],"event_choices":[{"damage_healed":0.0,"max_hp_gain":0.0,"max_hp_loss":0.0,"gold_gain":0.0,"event_name":"Shining Light","player_choice":"Entered Light","floor":5.0,"gold_loss":0.0,"damage_taken":18.0,"cards_upgraded":["Strike_G","Calculated Gamble"]},{"damage_healed":0,"gold_gain":0,"player_choice":"Searched \u00271\u0027 times","damage_taken":0,"max_hp_gain":0,"max_hp_loss":0,"event_name":"Dead Adventurer","floor":11,"gold_loss":0},{"damage_healed":0,"gold_gain":0,"player_choice":"Success","damage_taken":11,"relics_obtained":["StoneCalendar"],"max_hp_gain":0,"max_hp_loss":0,"event_name":"Scrap Ooze","floor":12,"gold_loss":0}],"is_beta":false,"boss_relics":[],"items_purged_floors":[],"is_endless":false,"potions_floor_spawned":[1,4,14],"killed_by":"Slime Boss","ascension_level":20}