{"gold_per_floor":[117,117,292,303,253,286,286,316,316,316,332,343,368,331,331,426,426],"floor_reached":17,"playtime":449,"items_purged":[],"score":225,"play_id":"73260570-350f-42a0-b59d-90072be9b880","local_time":"25610724181627","is_ascension_mode":true,"campfire_choices":[{"data":"Iron Wave","floor":7,"key":"SMITH"},{"floor":10,"key":"REST"},{"floor":15,"key":"REST"}],"neow_cost":"","seed_source_timestamp":24006728457960,"circlet_count":0,"master_deck":["Strike_R","Strike_R","Strike_R","Strike_R","Strike_R","Defend_R","Defend_R","Defend_R","Defend_R","Bash","Iron Wave+1","Inflame","Metallicize","Infernal Blade","Headbutt"],"relics":["Burning Blood","NlothsMask","Mango","Self Forming Clay","Orichalcum","Empty Cage"],"potions_floor_usage":[6,13,16],"damage_taken":[{"damage":10,"enemies":"Small Slimes","floor":1,"turns":4},{"damage":11,"enemies":"Cultist","floor":4,"turns":4},{"damage":26,"enemies":"Gremlin Nob","floor":6,"turns":5},{"damage":33,"enemies":"Lagavulin","floor":8,"turns":6},{"damage":6,"enemies":"Jaw Worm","floor":11,"turns":3},{"damage":11,"enemies":"Blue Slaver","floor":12,"turns":3},{"damage":14,"enemies":"3 Sentries","floor":13,"turns":6},{"damage":64,"enemies":"Hexaghost","floor":16,"turns":13}],"seed_played":"-599401739839950638","potions_obtained":[{"floor":1,"key":"Weak Potion"},{"floor":12,"key":"SteroidPotion"},{"floor":13,"key":"SpeedPotion"},{"floor":16,"key":"SpeedPotion"}],"is_trial":false,"path_per_floor":["M","?","?","M","?","E","R","E","T","R","M","M","E","?","R","B"],"character_chosen":"IRONCLAD","items_purchased":[],"campfire_rested":2,"item_purchase_floors":[],"current_hp_per_floor":[68,68,68,63,63,57,57,30,30,58,58,53,45,45,73,15,15],"gold":426,"neow_bonus":"","is_prod":false,"is_daily":false,"chose_seed":false,"campfire_upgraded":1,"win_rate":0,"timestamp":1532430987,"path_taken":["M","?","?","M","?","E","R","E","T","R","?","M","E","?","R","BOSS"],"build_version":"2018-07-19v2","purchased_purges":0,"victory":false,"max_hp_per_floor":[80,80,80,80,80,94,94,94,94,94,94,94,94,94,94,94,94],"card_choices":[{"not_picked":["Warcry","Wild Strike"],"picked":"Iron Wave","floor":1},{"not_picked":["Bloodletting","Heavy Blade","Sword Boomerang"],"picked":"SKIP","floor":4},{"not_picked":["Warcry","Body Slam"],"picked":"Inflame","floor":6},{"not_picked":["Entrench","Flex"],"picked":"Metallicize","floor":8},{"not_picked":["Corruption","Feel No Pain"],"picked":"Infernal Blade","floor":11},{"not_picked":["Corruption","Warcry","Intimidate"],"picked":"SKIP","floor":12},{"not_picked":["Shrug It Off","Cleave"],"picked":"Headbutt","floor":13}],"player_experience":128590,"relics_obtained":[{"floor":6,"key":"Mango"},{"floor":8,"key":"Self Forming Clay"},{"floor":13,"key":"Orichalcum"}],"event_choices":[{"event_name":"FaceTrader","player_choice":"Trade","floor":2,"damage_taken":0},{"event_name":"Liars Game","player_choice":"agreed","floor":3,"damage_taken":0},{"event_name":"The Cleric","player_choice":"Card Removal","floor":5,"damage_taken":0},{"event_name":"World of Goop","player_choice":"Left","floor":14,"damage_taken":0}],"is_beta":false,"boss_relics":[{"not_picked":["Runic Cube","Fusion Hammer"],"picked":"Empty Cage"}],"items_purged_floors":[],"is_endless":false,"potions_floor_spawned":[1,12,13,16],"ascension_level":6}