{"gold_per_floor":[111,131,131,150,100,100,100,100,100,113,125,140,140,151,151,249,249,259,270,195,208,208,208,233,233,286,286,298,1,13,32,32,129,129,148,161,161,0,0,34,34,44,71,98,123,147,174,186,198,210],"floor_reached":51,"playtime":19167,"items_purged":["Normality","Doubt"],"score":695,"play_id":"8838ecc2-6ba8-4f1b-ba78-bb812b5c03ff","local_time":"20181104230331","daily_mods":["Draft","ControlledChaos","Elite Swarm"],"is_ascension_mode":false,"campfire_choices":[{"data":"Static Discharge","floor":6.0,"key":"SMITH"},{"data":"Chaos","floor":8.0,"key":"SMITH"},{"data":"Rip and Tear","floor":13.0,"key":"SMITH"},{"data":"BootSequence","floor":15.0,"key":"SMITH"},{"data":"Sunder","floor":23,"key":"SMITH"},{"floor":25,"key":"REST"},{"data":"Amplify","floor":27,"key":"SMITH"},{"data":"Core Surge","floor":32,"key":"SMITH"},{"floor":41,"key":"REST"},{"floor":49,"key":"REST"}],"neow_cost":"","seed_source_timestamp":0,"circlet_count":0,"master_deck":["Streamline","Conserve Battery","Cold Snap","Sunder+1","Steam","Static Discharge+1","Leap","Coolheaded","Capacitor","Gash","Chaos+1","Gash","Beam Cell","Rip and Tear+1","BootSequence+1","Streamline","Machine Learning","Go for the Eyes","Go for the Eyes","Chill","Core Surge+1","Parasite","Ball Lightning+1","Amplify+1","Defragment+1","Gash","Melter+1","Buffer","Gash","Mind Blast","Electrodynamics","Cold Snap+1","Decay","Stack+1","Ball Lightning+1","Sweeping Beam","Madness","Madness"],"special_seed":0,"relics":["Cracked Core","Frozen Eye","Pen Nib","Kunai","Calling Bell","Regal Pillow","Cables","Pocketwatch","CultistMask","Thread and Needle","Tiny Chest","Toolbox","Cursed Key","Red Mask","The Courier","MawBank"],"potions_floor_usage":[19,30,31,40,42,50,50],"damage_taken":[{"damage":0.0,"enemies":"Cultist","floor":1.0,"turns":2.0},{"damage":0.0,"enemies":"Small Slimes","floor":2.0,"turns":3.0},{"damage":0.0,"enemies":"2 Louse","floor":4.0,"turns":2.0},{"damage":0.0,"enemies":"2 Fungi Beasts","floor":10.0,"turns":2.0},{"damage":2.0,"enemies":"Lots of Slimes","floor":11.0,"turns":3.0},{"damage":0.0,"enemies":"3 Louse","floor":12.0,"turns":3.0},{"damage":0.0,"enemies":"Looter","floor":14.0,"turns":3.0},{"damage":18.0,"enemies":"Slime Boss","floor":16.0,"turns":9.0},{"damage":0,"enemies":"Shell Parasite","floor":18,"turns":4},{"damage":5,"enemies":"3 Byrds","floor":19,"turns":3},{"damage":0,"enemies":"Cultist and Chosen","floor":21,"turns":5},{"damage":19,"enemies":"Gremlin Leader","floor":24,"turns":7},{"damage":0,"enemies":"Centurion and Healer","floor":28,"turns":9},{"damage":0,"enemies":"Chosen and Byrds","floor":30,"turns":3},{"damage":0,"enemies":"Snake Plant","floor":31,"turns":3},{"damage":4,"enemies":"Champ","floor":33,"turns":8},{"damage":1,"enemies":"3 Shapes","floor":35,"turns":5},{"damage":0,"enemies":"Orb Walker","floor":36,"turns":4},{"damage":23,"enemies":"Reptomancer","floor":40,"turns":7},{"damage":0,"enemies":"Jaw Worm Horde","floor":42,"turns":3},{"damage":26,"enemies":"Sphere and 2 Shapes","floor":44,"turns":4},{"damage":0,"enemies":"4 Shapes","floor":45,"turns":4},{"damage":2,"enemies":"Maw","floor":46,"turns":6},{"damage":0,"enemies":"Jaw Worm Horde","floor":47,"turns":4},{"damage":67,"enemies":"Awakened One","floor":50,"turns":12}],"seed_played":"2281942599626018326","potions_obtained":[{"floor":4.0,"key":"Block Potion"},{"floor":16.0,"key":"SpeedPotion"},{"floor":18,"key":"Explosive Potion"},{"floor":24,"key":"Block Potion"},{"floor":28,"key":"Ancient Potion"},{"floor":31,"key":"AttackPotion"},{"floor":35,"key":"Strength Potion"},{"floor":42,"key":"Weak Potion"},{"floor":45,"key":"FairyPotion"}],"is_trial":true,"path_per_floor":["M","M","?","M","?","R","T","R","T","M","M","M","R","M","R","B",null,"M","M","$","M","?","R","E","R","T","R","M","$","M","M","R","B",null,"M","M","?","?","$","E","R","M","T","M","M","M","M","?","R","B",null],"character_chosen":"DEFECT","items_purchased":["Toolbox"],"campfire_rested":3,"item_purchase_floors":[29],"current_hp_per_floor":[75,75,75,75,75,75,75,75,75,75,73,73,73,73,73,55,75,75,70,70,70,70,70,51,75,75,75,75,75,75,75,75,71,75,74,74,74,74,74,51,75,75,75,49,49,47,47,38,75,8],"gold":222,"neow_bonus":"","is_prod":false,"is_daily":false,"chose_seed":false,"campfire_upgraded":7,"win_rate":0,"timestamp":1541372611,"path_taken":["M","?","?","?","?","R","?","R","T","M","M","M","R","M","R","BOSS","M","M","$","M","?","R","E","R","T","R","M","$","?","M","R","BOSS","M","M","?","?","$","E","R","M","T","?","M","M","M","?","R","BOSS"],"build_version":"2018-11-01","purchased_purges":2,"victory":true,"max_hp_per_floor":[75,75,75,75,75,75,75,75,75,75,75,75,75,75,75,75,75,75,75,75,75,75,75,75,75,75,75,75,75,75,75,75,75,75,75,75,75,75,75,75,75,75,75,75,75,75,75,75,75,75],"card_choices":[{"not_picked":["Rebound","Turbo"],"picked":"Streamline","floor":0.0},{"not_picked":["Stack","Streamline"],"picked":"Conserve Battery","floor":0.0},{"not_picked":["Coolheaded","Go for the Eyes"],"picked":"Cold Snap","floor":0.0},{"not_picked":["Cold Snap","Steam"],"picked":"Sunder","floor":0.0},{"not_picked":["Compile Driver","Streamline"],"picked":"Steam","floor":0.0},{"not_picked":["Redo","Compile Driver"],"picked":"Static Discharge","floor":0.0},{"not_picked":["Compile Driver","Sweeping Beam"],"picked":"Leap","floor":0.0},{"not_picked":["Steam Power","Tempest"],"picked":"Coolheaded","floor":0.0},{"not_picked":["Hello World","Barrage"],"picked":"Capacitor","floor":0.0},{"not_picked":["Scrape","Compile Driver"],"picked":"Gash","floor":0.0},{"not_picked":["Streamline","Hologram"],"picked":"Chaos","floor":0.0},{"not_picked":["Beam Cell","Static Discharge"],"picked":"Gash","floor":0.0},{"not_picked":["Auto Shields","Compile Driver"],"picked":"Beam Cell","floor":0.0},{"not_picked":["Glacier","Redo"],"picked":"Rip and Tear","floor":0.0},{"not_picked":["Force Field","Undo"],"picked":"Hologram","floor":0.0},{"not_picked":["Streamline","Reinforced Body"],"picked":"BootSequence","floor":1.0},{"not_picked":["Stack","Heatsinks"],"picked":"Streamline","floor":2.0},{"not_picked":["Redo","Reinforced Body"],"picked":"Machine Learning","floor":4.0},{"not_picked":["Cold Snap","Streamline","BootSequence"],"picked":"SKIP","floor":10.0},{"not_picked":["Defragment","Steam Power"],"picked":"Go for the Eyes","floor":11.0},{"not_picked":["Rebound","Redo"],"picked":"Go for the Eyes","floor":12.0},{"not_picked":["Hologram","Redo"],"picked":"Chill","floor":14.0},{"not_picked":["Buffer","Reboot"],"picked":"Core Surge","floor":16.0},{"not_picked":["Coolheaded","Redo+1"],"picked":"Ball Lightning+1","floor":18},{"not_picked":["Tempest","Redo","FTL"],"picked":"SKIP","floor":19},{"not_picked":["Tempest","Hello World","Reprogram+1"],"picked":"SKIP","floor":21},{"not_picked":["Hyperbeam","Reboot"],"picked":"Amplify","floor":24},{"not_picked":["Barrage+1","Beam Cell"],"picked":"Defragment+1","floor":28},{"not_picked":["Rip and Tear","Fusion"],"picked":"Gash","floor":30},{"not_picked":["Conserve Battery","Stack"],"picked":"Melter+1","floor":31},{"not_picked":["Echo Form","Multi-Cast"],"picked":"Buffer","floor":33},{"not_picked":["Rebound+1","Reprogram","Darkness"],"picked":"SKIP","floor":35},{"not_picked":["Cold Snap","Conserve Battery"],"picked":"Gash","floor":36},{"not_picked":["Swift Strike","PanicButton"],"picked":"Mind Blast","floor":37},{"not_picked":["Buffer","Core Surge"],"picked":"Electrodynamics","floor":40},{"not_picked":["Consume+1","Doom and Gloom"],"picked":"Cold Snap+1","floor":42},{"not_picked":["BootSequence","Go for the Eyes","Force Field"],"picked":"SKIP","floor":44},{"not_picked":["Capacitor+1","Conserve Battery+1"],"picked":"Stack+1","floor":45},{"not_picked":["Barrage","Rip and Tear+1"],"picked":"Ball Lightning+1","floor":46},{"not_picked":["Heatsinks+1","Sunder+1"],"picked":"Sweeping Beam","floor":47}],"player_experience":264076,"relics_obtained":[{"floor":7.0,"key":"Pen Nib"},{"floor":9.0,"key":"Kunai"},{"floor":17,"key":"Regal Pillow"},{"floor":17,"key":"Cables"},{"floor":17,"key":"Pocketwatch"},{"floor":24,"key":"Thread and Needle"},{"floor":26,"key":"Tiny Chest"},{"floor":40,"key":"The Courier"},{"floor":43,"key":"MawBank"}],"event_choices":[{"damage_healed":0.0,"max_hp_gain":0.0,"max_hp_loss":0.0,"gold_gain":0.0,"event_name":"Golden Idol","player_choice":"Ignored","floor":3.0,"gold_loss":0.0,"damage_taken":0.0},{"cards_removed":["Hologram"],"damage_healed":0.0,"max_hp_gain":0.0,"max_hp_loss":0.0,"gold_gain":0.0,"event_name":"The Cleric","player_choice":"Card Removal","floor":5.0,"gold_loss":50.0,"damage_taken":0.0},{"damage_healed":0,"gold_gain":0,"player_choice":"Trade","damage_taken":0,"relics_obtained":["CultistMask"],"max_hp_gain":0,"max_hp_loss":0,"event_name":"FaceTrader","floor":22,"gold_loss":0},{"damage_healed":0,"gold_gain":0,"player_choice":"Memory 1","damage_taken":0,"max_hp_gain":0,"max_hp_loss":0,"event_name":"SensoryStone","floor":37,"gold_loss":0},{"damage_healed":0,"gold_gain":0,"player_choice":"Paid","damage_taken":0,"relics_obtained":["Red Mask"],"max_hp_gain":0,"max_hp_loss":0,"event_name":"Tomb of Lord Red Mask","floor":38,"gold_loss":161},{"damage_healed":0,"gold_gain":0,"player_choice":"Embrace Madness","damage_taken":9,"max_hp_gain":0,"max_hp_loss":0,"event_name":"Winding Halls","floor":48,"gold_loss":0,"cards_obtained":["Madness","Madness"]}],"is_beta":false,"boss_relics":[{"not_picked":["Empty Cage","Coffee Dripper"],"picked":"Calling Bell"},{"not_picked":["FrozenCore","Runic Pyramid"],"picked":"Cursed Key"}],"items_purged_floors":[20,29],"is_endless":false,"potions_floor_spawned":[4,16,18,24,28,31,35,42,45,47],"ascension_level":0}