{"gold_per_floor":[117,117,132,150,168,168,25,25,25,44,44,57,57,84,84,187,187,197,42,59,77,77],"floor_reached":22,"playtime":726,"items_purged":[],"score":231,"play_id":"f1666d66-7da0-4ee9-9c5d-810ee19921f2","local_time":"25611114163034","is_ascension_mode":true,"campfire_choices":[{"data":"White Noise","floor":6.0,"key":"SMITH"},{"data":"Self Repair","floor":8.0,"key":"SMITH"},{"data":"Steam","floor":11.0,"key":"SMITH"},{"data":"Hologram","floor":15.0,"key":"SMITH"}],"neow_cost":"NONE","seed_source_timestamp":11928698479767,"circlet_count":0,"master_deck":["Zap","Dualcast","Rebound","Streamline+1","Conserve Battery","White Noise+1","Gash","Cold Snap","Ball Lightning","Coolheaded","Leap","Self Repair+1","Steam+1","Capacitor","Hologram+1","Electrodynamics","Coolheaded+1","Amplify","Leap+1"],"special_seed":0,"relics":["Pandora\u0027s Box","Bottled Tornado","Odd Mushroom","Empty Cage"],"potions_floor_usage":[],"damage_taken":[{"damage":5.0,"enemies":"Jaw Worm","floor":1.0,"turns":2.0},{"damage":0.0,"enemies":"Cultist","floor":3.0,"turns":2.0},{"damage":10.0,"enemies":"Small Slimes","floor":4.0,"turns":2.0},{"damage":6.0,"enemies":"Blue Slaver","floor":5.0,"turns":3.0},{"damage":0.0,"enemies":"2 Fungi Beasts","floor":10.0,"turns":2.0},{"damage":2.0,"enemies":"Exordium Wildlife","floor":12.0,"turns":3.0},{"damage":9.0,"enemies":"The Mushroom Lair","floor":14.0,"turns":4.0},{"damage":29.0,"enemies":"Hexaghost","floor":16.0,"turns":9.0},{"damage":29,"enemies":"2 Thieves","floor":18,"turns":4},{"damage":26,"enemies":"Chosen","floor":20,"turns":5},{"damage":31,"enemies":"Shelled Parasite and Fungi","floor":21,"turns":9},{"damage":25,"enemies":"Colosseum Slavers","floor":22,"turns":1}],"seed_played":"-5090871366380505719","potions_obtained":[{"floor":4.0,"key":"Dexterity Potion"},{"floor":10.0,"key":"Dexterity Potion"}],"is_trial":false,"path_per_floor":["M","?","M","M","M","R","$","R","T","M","R","M","$","?","R","B",null,"M","$","M","M","?"],"character_chosen":"DEFECT","items_purchased":["Self Repair","Fruit Juice","Amplify"],"campfire_rested":0,"item_purchase_floors":[7,7,19],"current_hp_per_floor":[63,63,63,53,47,47,47,47,47,47,47,55,55,61,61,42,71,42,42,36,15,0],"gold":77,"neow_bonus":"BOSS_RELIC","is_prod":false,"is_daily":false,"chose_seed":false,"campfire_upgraded":4,"win_rate":0,"timestamp":1542187834,"path_taken":["M","?","M","?","M","R","$","R","T","M","R","M","?","?","R","BOSS","M","$","M","M","?"],"build_version":"2018-11-08","purchased_purges":0,"victory":false,"max_hp_per_floor":[75,75,75,75,75,75,75,75,75,75,75,75,75,80,80,80,80,80,80,80,80,80],"card_choices":[{"not_picked":["Rebound","Streamline"],"picked":"Ball Lightning","floor":1.0},{"not_picked":["Streamline","Beam Cell"],"picked":"Coolheaded","floor":3.0},{"not_picked":["Cold Snap","Rebound"],"picked":"Leap","floor":4.0},{"not_picked":["Steam Power","Chaos","Beam Cell"],"picked":"SKIP","floor":5.0},{"not_picked":["Capacitor","Go for the Eyes"],"picked":"Steam","floor":10.0},{"not_picked":["Consume","Streamline"],"picked":"Capacitor","floor":12.0},{"not_picked":["Tempest","Double Energy"],"picked":"Hologram","floor":14.0},{"not_picked":["Thunder Strike","Biased Cognition"],"picked":"Electrodynamics","floor":16.0},{"not_picked":["Hologram","Turbo"],"picked":"Coolheaded+1","floor":18},{"not_picked":["Tempest","Capacitor","Beam Cell"],"picked":"SKIP","floor":20},{"not_picked":["Capacitor","Cold Snap"],"picked":"Leap+1","floor":21}],"player_experience":128890,"relics_obtained":[{"floor":9.0,"key":"Bottled Tornado"},{"floor":14.0,"key":"Odd Mushroom"}],"event_choices":[{"damage_healed":0.0,"max_hp_gain":0.0,"max_hp_loss":0.0,"gold_gain":0.0,"event_name":"Upgrade Shrine","player_choice":"Upgraded","floor":2.0,"gold_loss":0.0,"damage_taken":0.0,"cards_upgraded":["Streamline"]},{"damage_healed":0.0,"max_hp_gain":0.0,"max_hp_loss":0.0,"gold_gain":0.0,"event_name":"Mushrooms","player_choice":"Fought Mushrooms","floor":14.0,"gold_loss":0.0,"damage_taken":0.0},{"damage_healed":0,"gold_gain":0,"player_choice":"Fight","damage_taken":0,"max_hp_gain":0,"max_hp_loss":0,"event_name":"Colosseum","floor":22,"gold_loss":0}],"is_beta":false,"boss_relics":[{"not_picked":["Tiny House","Snecko Eye"],"picked":"Empty Cage"}],"items_purged_floors":[],"is_endless":false,"potions_floor_spawned":[4,10],"killed_by":"Colosseum Slavers","ascension_level":6}