{"gold_per_floor":[111,111,111,141,66,66,91,91,91,124,124,150,165,184,184,258,258,272,241,241],"floor_reached":20,"playtime":738,"items_purged":[],"score":414,"play_id":"a83c401f-79d9-4efb-8449-44b8ed1b5505","local_time":"20181113201702","is_ascension_mode":true,"campfire_choices":[{"data":"Metallicize","floor":6.0,"key":"SMITH"},{"data":"Bash","floor":8.0,"key":"SMITH"},{"data":"Shrug It Off","floor":11.0,"key":"SMITH"},{"data":"Rampage","floor":15.0,"key":"SMITH"}],"neow_cost":"NONE","seed_source_timestamp":0,"circlet_count":0,"master_deck":["AscendersBane","Strike_R","Strike_R","Defend_R","Defend_R","Defend_R","Defend_R","Bash+1","Metallicize+1","Shrug It Off+1","Warcry","Blood for Blood","Rampage+1","Reaper","Shrug It Off"],"special_seed":0,"relics":["Burning Blood","NeowsBlessing","Omamori","Tiny Chest","Peace Pipe","Matryoshka","Happy Flower","Blood Vial","Anchor","Empty Cage"],"potions_floor_usage":[19],"damage_taken":[{"damage":0.0,"enemies":"Jaw Worm","floor":1.0,"turns":1.0},{"damage":0.0,"enemies":"Gremlin Nob","floor":7.0,"turns":1.0},{"damage":0.0,"enemies":"3 Sentries","floor":10.0,"turns":2.0},{"damage":0.0,"enemies":"2 Louse","floor":13.0,"turns":4.0},{"damage":0.0,"enemies":"Small Slimes","floor":14.0,"turns":7.0},{"damage":55.0,"enemies":"The Guardian","floor":16.0,"turns":11.0},{"damage":13.0,"enemies":"Shell Parasite","floor":18.0,"turns":9.0},{"damage":24,"enemies":"2 Thieves","floor":19,"turns":5},{"damage":69,"enemies":"3 Cultists","floor":20,"turns":5}],"seed_played":"-3753409604740382716","potions_obtained":[{"floor":7.0,"key":"BloodPotion"},{"floor":10.0,"key":"LiquidBronze"},{"floor":16.0,"key":"Fire Potion"}],"is_trial":false,"path_per_floor":["M","?","?","?","?","R","E","R","T","E","R","T","M","M","R","B",null,"M","M","M","M"],"character_chosen":"IRONCLAD","items_purchased":[],"campfire_rested":0,"item_purchase_floors":[],"current_hp_per_floor":[74,67,67,41,41,41,47,47,47,53,53,53,68,75,75,26,63,58,52,0],"gold":241,"neow_bonus":"THREE_ENEMY_KILL","is_prod":false,"is_daily":false,"chose_seed":false,"campfire_upgraded":4,"win_rate":0,"timestamp":1542136622,"path_taken":["M","?","?","?","?","R","E","R","T","E","R","?","M","?","R","BOSS","M","M","M"],"build_version":"2018-11-08","purchased_purges":0,"victory":false,"max_hp_per_floor":[75,75,75,75,75,75,75,75,75,75,75,75,75,75,75,75,75,75,75,75],"card_choices":[{"not_picked":["Thunderclap","Iron Wave"],"picked":"Metallicize","floor":1.0},{"not_picked":["Blood for Blood","Cleave"],"picked":"Shrug It Off","floor":7.0},{"not_picked":["Sword Boomerang","Armaments"],"picked":"Warcry","floor":10.0},{"not_picked":["Ghostly Armor","Searing Blow"],"picked":"Blood for Blood","floor":13.0},{"not_picked":["Ghostly Armor","Flex"],"picked":"Rampage","floor":14.0},{"not_picked":["Dark Embrace","Demon Form"],"picked":"Reaper","floor":16.0},{"not_picked":["Clothesline","Bloodletting+1","Body Slam"],"picked":"SKIP","floor":18},{"not_picked":["Rupture","Carnage"],"picked":"Shrug It Off","floor":19}],"player_experience":328123,"relics_obtained":[{"floor":7.0,"key":"Peace Pipe"},{"floor":9.0,"key":"Matryoshka"},{"floor":10.0,"key":"Happy Flower"},{"floor":12.0,"key":"Blood Vial"},{"floor":12.0,"key":"Anchor"}],"event_choices":[{"cards_removed":["Strike_R"],"damage_healed":0.0,"max_hp_gain":0.0,"max_hp_loss":0.0,"gold_gain":0.0,"event_name":"Golden Wing","player_choice":"Card Removal","floor":2.0,"gold_loss":0.0,"damage_taken":7.0},{"damage_healed":0.0,"max_hp_gain":0.0,"max_hp_loss":0.0,"gold_gain":0.0,"event_name":"Big Fish","player_choice":"Box","floor":3.0,"gold_loss":0.0,"damage_taken":0.0,"relics_obtained":["Omamori"],"cards_obtained":["Regret"]},{"damage_healed":0.0,"max_hp_gain":0.0,"max_hp_loss":0.0,"gold_gain":0.0,"event_name":"Scrap Ooze","player_choice":"Success","floor":4.0,"gold_loss":0.0,"damage_taken":26.0,"relics_obtained":["Tiny Chest"]},{"cards_removed":["Regret"],"damage_healed":0.0,"max_hp_gain":0.0,"max_hp_loss":0.0,"gold_gain":0.0,"event_name":"The Cleric","player_choice":"Card Removal","floor":5.0,"gold_loss":75.0,"damage_taken":0.0}],"is_beta":false,"boss_relics":[{"not_picked":["Orrery","Mark of Pain"],"picked":"Empty Cage"}],"items_purged_floors":[],"is_endless":false,"potions_floor_spawned":[7,10,16],"killed_by":"3 Cultists","ascension_level":16}