{"gold_per_floor":[114,129,54,54,229,229,259,259,284,299,314,329,80,95,95,195,195,210,210,225,325,235,235,250,250,275,290,305,320,350,365,365,465,465,480,480,495,510,610,640,640,655,680,695,695,710,710,36,36,36],"floor_reached":51,"playtime":2141,"items_purged":["Doubt","Beam Cell"],"score":728,"play_id":"5a1fea02-e86d-4a13-a765-d3276b77f006","local_time":"25611110154820","daily_mods":["SealedDeck","Uncertain Future","Night Terrors"],"is_ascension_mode":false,"campfire_choices":[{"data":"White Noise","floor":6,"key":"SMITH"},{"data":"Streamline","floor":8,"key":"SMITH"},{"data":"Auto Shields","floor":15,"key":"SMITH"},{"floor":23,"key":"REST"},{"data":"Reboot","floor":25,"key":"SMITH"},{"data":"Echo Form","floor":32,"key":"SMITH"},{"data":"Echo Form","floor":41,"key":"SMITH"},{"data":"White Noise","floor":47,"key":"SMITH"},{"data":"Turbo","floor":49,"key":"SMITH"}],"neow_cost":"","seed_source_timestamp":9913163952039,"circlet_count":0,"master_deck":["Steam Power","Ball Lightning+1","Rebound","Leap","Chill","Turbo+1","Streamline+1","White Noise+1","Leap+1","Auto Shields+1","Loop","Streamline+1","Conserve Battery+1","Reboot+1","Steam Power","Beam Cell+1","Conserve Battery+1","Steam+1","Go for the Eyes+1","Echo Form+1","Ball Lightning+1","Sweeping Beam+1","Echo Form+1","Streamline","Defragment","Meteor Strike","Coolheaded+1","Heatsinks+1","White Noise+1","Bandage Up","Jack Of All Trades","White Noise+1","Coolheaded+1"],"special_seed":17845,"relics":["Cracked Core","Blood Vial","Dream Catcher","Happy Flower","Philosopher\u0027s Stone","StoneCalendar","Gremlin Horn","War Paint","Dodecahedron","Eternal Feather","Gambling Chip","Potion Belt","Centennial Puzzle","DataDisk","Toxic Egg 2"],"potions_floor_usage":[16,21,21,21,30,50,50,50,50,50],"damage_taken":[{"damage":0,"enemies":"Small Slimes","floor":1,"turns":1},{"damage":0,"enemies":"Jaw Worm","floor":2,"turns":1},{"damage":12,"enemies":"3 Sentries","floor":7,"turns":6},{"damage":0,"enemies":"2 Louse","floor":10,"turns":2},{"damage":10,"enemies":"Lots of Slimes","floor":11,"turns":3},{"damage":0,"enemies":"Exordium Wildlife","floor":12,"turns":3},{"damage":0,"enemies":"Looter","floor":14,"turns":2},{"damage":7,"enemies":"Hexaghost","floor":16,"turns":6},{"damage":13,"enemies":"2 Thieves","floor":18,"turns":3},{"damage":0,"enemies":"Chosen","floor":20,"turns":3},{"damage":9,"enemies":"Colosseum Slavers","floor":21,"turns":2},{"damage":32,"enemies":"Colosseum Nobs","floor":21,"turns":4},{"damage":0,"enemies":"Sentry and Sphere","floor":24,"turns":4},{"damage":7,"enemies":"Centurion and Healer","floor":27,"turns":5},{"damage":0,"enemies":"Shelled Parasite and Fungi","floor":28,"turns":3},{"damage":0,"enemies":"3 Cultists","floor":29,"turns":4},{"damage":16,"enemies":"Slavers","floor":30,"turns":4},{"damage":0,"enemies":"Centurion and Healer","floor":31,"turns":4},{"damage":22,"enemies":"Automaton","floor":33,"turns":11},{"damage":13,"enemies":"3 Darklings","floor":35,"turns":4},{"damage":16,"enemies":"3 Shapes","floor":37,"turns":5},{"damage":0,"enemies":"3 Darklings","floor":38,"turns":3},{"damage":8,"enemies":"Mind Bloom Boss Battle","floor":39,"turns":6},{"damage":13,"enemies":"Reptomancer","floor":40,"turns":4},{"damage":3,"enemies":"Jaw Worm Horde","floor":42,"turns":3},{"damage":7,"enemies":"Spire Growth","floor":44,"turns":2},{"damage":10,"enemies":"Sphere and 2 Shapes","floor":46,"turns":4},{"damage":30,"enemies":"Donu and Deca","floor":50,"turns":7}],"seed_played":"720756091651424505","potions_obtained":[{"floor":2,"key":"Weak Potion"},{"floor":10,"key":"Poison Potion"},{"floor":12,"key":"Strength Potion"},{"floor":20,"key":"FocusPotion"},{"floor":27,"key":"Dexterity Potion"},{"floor":28,"key":"Fire Potion"},{"floor":30,"key":"FearPotion"},{"floor":35,"key":"Ancient Potion"},{"floor":44,"key":"FearPotion"}],"is_trial":false,"path_per_floor":["M","M","$","?","?","R","E","R","T","M","M","M","$","M","R","B",null,"M","$","M","?","?","R","M","R","T","M","M","M","E","M","R","B",null,"M","?","M","M","?","E","R","M","T","M","?","M","R","$","R","B",null],"character_chosen":"DEFECT","items_purchased":["Loop","Happy Flower","Conserve Battery","DataDisk","Strength Potion","Toxic Egg 2","White Noise+1","Coolheaded+1"],"campfire_rested":1,"item_purchase_floors":[3,13,13,48,48,48,48,48],"current_hp_per_floor":[75,75,75,75,75,75,63,63,63,65,57,59,59,61,61,56,75,62,62,64,27,27,70,70,70,70,63,65,67,53,55,55,35,70,57,57,43,45,39,28,43,42,42,37,32,28,46,46,64,44],"gold":36,"neow_bonus":"","is_prod":false,"is_daily":true,"chose_seed":false,"campfire_upgraded":8,"win_rate":0,"timestamp":1541839700,"path_taken":["M","M","$","?","?","R","E","R","T","M","M","M","?","M","R","BOSS","M","$","M","?","?","R","M","R","T","M","M","M","E","?","R","BOSS","M","?","M","M","?","E","R","M","T","M","?","M","R","$","R","BOSS"],"build_version":"2018-11-08","purchased_purges":2,"victory":true,"max_hp_per_floor":[75,75,75,75,75,75,75,75,75,75,75,75,75,75,75,75,75,75,75,75,75,75,70,70,70,70,70,70,70,70,70,70,70,70,70,70,70,70,70,70,70,70,70,70,70,70,70,70,70,70],"card_choices":[{"not_picked":["Beam Cell","Sweeping Beam"],"picked":"Leap","floor":1},{"not_picked":["BootSequence","Steam"],"picked":"Auto Shields","floor":2},{"not_picked":["Barrage","Rainbow"],"picked":"Streamline","floor":7},{"not_picked":["Sweeping Beam","Beam Cell","Stack"],"picked":"SKIP","floor":10},{"not_picked":["Multi-Cast","Beam Cell","Consume"],"picked":"SKIP","floor":11},{"not_picked":["Cold Snap","Turbo","Steam"],"picked":"SKIP","floor":12},{"not_picked":["Stack","Steam","Cold Snap"],"picked":"SKIP","floor":14},{"not_picked":["Fission","Rainbow"],"picked":"Reboot","floor":16},{"not_picked":["Barrage","Turbo+1"],"picked":"Steam Power","floor":18},{"not_picked":["Ball Lightning+1","Loop"],"picked":"Beam Cell+1","floor":20},{"not_picked":["Loop+1","Sweeping Beam"],"picked":"Conserve Battery+1","floor":21},{"not_picked":["Ball Lightning","Fusion"],"picked":"Steam+1","floor":23},{"not_picked":["Chaos","Rip and Tear+1"],"picked":"Go for the Eyes+1","floor":24},{"not_picked":["Tempest","Fusion"],"picked":"Echo Form","floor":27},{"not_picked":["Compile Driver","Gash","Stack"],"picked":"SKIP","floor":28},{"not_picked":["Stack","Glacier+1"],"picked":"Ball Lightning+1","floor":29},{"not_picked":["Beam Cell+1","Doom and Gloom","Tempest"],"picked":"SKIP","floor":30},{"not_picked":["Chaos","Multi-Cast"],"picked":"Sweeping Beam+1","floor":31},{"not_picked":["Multi-Cast","Hyperbeam"],"picked":"Echo Form","floor":33},{"not_picked":["Conserve Battery+1","Sweeping Beam","Redo+1"],"picked":"SKIP","floor":35},{"not_picked":["Conserve Battery+1","Beam Cell"],"picked":"Streamline","floor":37},{"not_picked":["Genetic Algorithm","Steam"],"picked":"Defragment","floor":38},{"not_picked":["Beam Cell","Undo"],"picked":"Meteor Strike","floor":39},{"not_picked":["Barrage+1","Stack"],"picked":"Coolheaded+1","floor":40},{"not_picked":["Consume+1","Streamline"],"picked":"Heatsinks+1","floor":42},{"not_picked":["Steam+1","Rebound+1"],"picked":"White Noise","floor":44},{"not_picked":["Forethought","Purity"],"picked":"Bandage Up","floor":45},{"not_picked":["Swift Strike","Dramatic Entrance"],"picked":"Jack Of All Trades","floor":45},{"not_picked":["Barrage","Steam Power","Gash+1"],"picked":"SKIP","floor":46}],"player_experience":103931,"relics_obtained":[{"floor":7,"key":"Blood Vial"},{"floor":9,"key":"Dream Catcher"},{"floor":21,"key":"StoneCalendar"},{"floor":21,"key":"Gremlin Horn"},{"floor":26,"key":"War Paint"},{"floor":30,"key":"Dodecahedron"},{"floor":39,"key":"Gambling Chip"},{"floor":40,"key":"Potion Belt"},{"floor":43,"key":"Centennial Puzzle"}],"event_choices":[{"damage_healed":0,"gold_gain":0,"player_choice":"Grow","damage_taken":0,"max_hp_gain":0,"max_hp_loss":0,"event_name":"Living Wall","floor":4,"gold_loss":0,"cards_upgraded":["Streamline"]},{"damage_healed":0,"gold_gain":175,"player_choice":"AGREE","damage_taken":0,"max_hp_gain":0,"max_hp_loss":0,"event_name":"Liars Game","floor":5,"gold_loss":0,"cards_obtained":["Doubt"]},{"damage_healed":0,"gold_gain":0,"player_choice":"Fight","damage_taken":0,"max_hp_gain":0,"max_hp_loss":0,"event_name":"Colosseum","floor":21,"gold_loss":0},{"damage_healed":0,"gold_gain":0,"player_choice":"Fought Nobs","damage_taken":0,"max_hp_gain":0,"max_hp_loss":0,"event_name":"Colosseum","floor":21,"gold_loss":0},{"cards_removed":["Ball Lightning"],"damage_healed":0,"gold_gain":0,"player_choice":"Upgrade and Remove","damage_taken":0,"max_hp_gain":0,"max_hp_loss":0,"event_name":"Designer","floor":22,"gold_loss":90,"cards_upgraded":["Ball Lightning"]},{"damage_healed":0,"gold_gain":0,"player_choice":"Ignored","damage_taken":0,"max_hp_gain":0,"max_hp_loss":0,"event_name":"Tomb of Lord Red Mask","floor":36,"gold_loss":0},{"damage_healed":0,"gold_gain":0,"player_choice":"Fight","damage_taken":0,"max_hp_gain":0,"max_hp_loss":0,"event_name":"MindBloom","floor":39,"gold_loss":0},{"damage_healed":0,"gold_gain":0,"player_choice":"Memory 2","damage_taken":5,"max_hp_gain":0,"max_hp_loss":0,"event_name":"SensoryStone","floor":45,"gold_loss":0}],"is_beta":false,"boss_relics":[{"not_picked":["Tiny House","Pandora\u0027s Box"],"picked":"Philosopher\u0027s Stone"},{"not_picked":["Velvet Choker","Snecko Eye"],"picked":"Eternal Feather"}],"items_purged_floors":[13,48],"is_endless":false,"potions_floor_spawned":[2,10,12,14,20,21,27,28,30,35,37,44],"ascension_level":0}