{"gold_per_floor":[109,34,44,56,56,56,68,94,118,193,193,2,2,2,2,75,75,89,101,48,48,48,48,78,78,125,42,61,76,76],"floor_reached":30,"playtime":1527,"items_purged":["Injury","Strike_R"],"score":492,"play_id":"38e0623b-882e-4865-aa10-6dd39f447f56","local_time":"20190403152855","is_ascension_mode":true,"campfire_choices":[{"data":"Bash","floor":6,"key":"SMITH"},{"data":"Wild Strike","floor":11,"key":"SMITH"},{"data":"Iron Wave","floor":13,"key":"SMITH"},{"floor":15,"key":"REST"},{"floor":23,"key":"REST"},{"floor":25,"key":"REST"}],"neow_cost":"CURSE","seed_source_timestamp":1240987752926800,"circlet_count":0,"master_deck":["AscendersBane","Strike_R","Strike_R","Strike_R+1","Defend_R","Defend_R","Defend_R","Defend_R","Bash+1","Wild Strike+1","Twin Strike+1","Battle Trance","Iron Wave+1","Burning Pact","Combust","Double Tap","True Grit","Shrug It Off","RitualDagger","Demon Form","Whirlwind","Flame Barrier","Battle Trance","Havoc"],"relics":["Burning Blood","Mango","Dream Catcher","Whetstone","Velvet Choker","Oddly Smooth Stone","Vajra"],"potions_floor_usage":[8,24,24,29,30],"damage_taken":[{"damage":3,"enemies":"2 Louse","floor":1,"turns":4},{"damage":12,"enemies":"Jaw Worm","floor":3,"turns":2},{"damage":0,"enemies":"Small Slimes","floor":4,"turns":3},{"damage":19,"enemies":"Exordium Wildlife","floor":7,"turns":4},{"damage":35,"enemies":"Lagavulin","floor":8,"turns":5},{"damage":59,"enemies":"Slime Boss","floor":16,"turns":9},{"damage":23,"enemies":"2 Thieves","floor":18,"turns":4},{"damage":13,"enemies":"3 Byrds","floor":19,"turns":5},{"damage":52,"enemies":"Gremlin Leader","floor":24,"turns":7},{"damage":40,"enemies":"Shelled Parasite and Fungi","floor":28,"turns":5},{"damage":16,"enemies":"Centurion and Healer","floor":29,"turns":6},{"damage":22,"enemies":"Snake Plant","floor":30,"turns":4}],"seed_played":"-7279196172926995849","potions_obtained":[{"floor":4,"key":"Regen Potion"},{"floor":8,"key":"Strength Potion"},{"floor":28,"key":"Regen Potion"},{"floor":29,"key":"SneckoOil"}],"is_trial":false,"path_per_floor":["M","$","M","M","?","R","M","E","T","?","R","$","R","$","R","B",null,"M","M","$","?","?","R","E","R","T","$","M","M","M"],"character_chosen":"IRONCLAD","items_purchased":["Burning Pact","SpeedPotion","Shrug It Off","Battle Trance"],"campfire_rested":3,"item_purchase_floors":[12,12,20,27],"current_hp_per_floor":[85,85,79,85,78,78,65,50,50,39,39,39,39,39,65,12,70,53,46,46,40,40,66,20,46,46,46,12,17,0],"gold":76,"neow_bonus":"ONE_RARE_RELIC","is_prod":false,"is_daily":false,"chose_seed":false,"campfire_upgraded":3,"win_rate":0,"timestamp":1554301735,"path_taken":["M","$","M","M","?","R","M","E","T","?","R","$","R","$","R","BOSS","M","M","$","?","?","R","E","R","T","?","M","M","M"],"build_version":"2019-01-23","purchased_purges":2,"victory":false,"max_hp_per_floor":[89,89,89,89,89,89,89,89,89,89,89,89,89,89,89,89,89,89,89,89,89,89,89,89,89,89,89,89,89,89],"card_choices":[{"not_picked":["True Grit","Power Through"],"picked":"Wild Strike","floor":1},{"not_picked":["Warcry","Sword Boomerang"],"picked":"Twin Strike","floor":3},{"not_picked":["True Grit","Cleave"],"picked":"Battle Trance","floor":4},{"not_picked":["Exhume","Headbutt"],"picked":"Iron Wave","floor":7},{"not_picked":["Dual Wield","Blood for Blood","Dropkick"],"picked":"SKIP","floor":8},{"not_picked":["Body Slam","Evolve"],"picked":"Combust","floor":15},{"not_picked":["Exhume","Dark Embrace"],"picked":"Double Tap","floor":16},{"not_picked":["Clash","Hemokinesis"],"picked":"True Grit","floor":18},{"not_picked":["Armaments","Seeing Red","True Grit"],"picked":"SKIP","floor":19},{"not_picked":["Armaments","Seeing Red","True Grit"],"picked":"SKIP","floor":19},{"not_picked":["Evolve","Bloodletting"],"picked":"Whirlwind","floor":23},{"not_picked":["Iron Wave","Flex"],"picked":"Flame Barrier","floor":24},{"not_picked":["Battle Trance","Havoc","Blood for Blood"],"picked":"SKIP","floor":28},{"not_picked":["Uppercut","Pommel Strike"],"picked":"Havoc","floor":29}],"player_experience":2478877,"relics_obtained":[{"floor":8,"key":"Dream Catcher"},{"floor":9,"key":"Whetstone"},{"floor":24,"key":"Oddly Smooth Stone"},{"floor":26,"key":"Vajra"}],"event_choices":[{"cards_removed":["Strike_R"],"damage_healed":0,"gold_gain":0,"player_choice":"Card Removal","damage_taken":7,"max_hp_gain":0,"max_hp_loss":0,"event_name":"Golden Wing","floor":5,"gold_loss":0},{"damage_healed":0,"gold_gain":75,"player_choice":"Gather Gold","damage_taken":11,"max_hp_gain":0,"max_hp_loss":0,"event_name":"World of Goop","floor":10,"gold_loss":0},{"damage_healed":0,"gold_gain":0,"player_choice":"Joined the Cult","damage_taken":6,"max_hp_gain":0,"max_hp_loss":0,"event_name":"Nest","floor":21,"gold_loss":0,"cards_obtained":["RitualDagger"]},{"damage_healed":0,"gold_gain":0,"player_choice":"Read","damage_taken":0,"max_hp_gain":0,"max_hp_loss":0,"event_name":"The Library","floor":22,"gold_loss":0,"cards_obtained":["Demon Form"]}],"is_beta":false,"boss_relics":[{"not_picked":["White Beast Statue","Eternal Feather"],"picked":"Velvet Choker"}],"items_purged_floors":[2,12],"is_endless":false,"potions_floor_spawned":[4,8,16,28,29],"killed_by":"Snake Plant","ascension_level":20}