{"gold_per_floor":[219,24,24,24,41,41,75,93,142,167,167,20,40,53,53,124,124,136,136,26,41,41,41,54,79,79,79,94,3,3,15,15,94,94,107,107,121,47,60,60,92,92,92,192,207,219,25,57,57,57],"floor_reached":51,"playtime":2619,"items_purged":["Strike_G"],"score":1386,"play_id":"c8cf9ab9-bdd9-4853-9766-203ec0d89772","local_time":"20181108200544","is_ascension_mode":true,"campfire_choices":[{"data":"Neutralize","floor":6.0,"key":"SMITH"},{"data":"Noxious Fumes","floor":11,"key":"SMITH"},{"data":"Corpse Explosion","floor":15,"key":"SMITH"},{"floor":23,"key":"REST"},{"data":"Well Laid Plans","floor":27,"key":"SMITH"},{"data":"Sucker Punch","floor":30,"key":"SMITH"},{"floor":32,"key":"REST"},{"floor":40,"key":"REST"},{"data":"Cloak And Dagger","floor":42,"key":"SMITH"},{"floor":49,"key":"REST"}],"neow_cost":"NONE","seed_source_timestamp":42265551877278,"circlet_count":0,"master_deck":["AscendersBane","Defend_G","Defend_G","Defend_G","Defend_G+1","Defend_G","Strike_G","Survivor","Neutralize+1","Blur+1","Noxious Fumes+1","Corpse Explosion+1","Cloak And Dagger+1","Blur","Crippling Poison","Deflect","Backflip","Dash","Malaise","Deadly Poison","Outmaneuver","Envenom","Well Laid Plans+1","Prepared","Sucker Punch+1","Blur","Shame","Calculated Gamble","Finesse","PiercingWail","Adrenaline","Acrobatics","Backflip","Blur+1","Dodge and Roll+1","Escape Plan","Catalyst","Catalyst"],"special_seed":0,"relics":["Ring of the Snake","Happy Flower","Potion Belt","Mercury Hourglass","War Paint","Cursed Key","Dream Catcher","Shuriken","Philosopher\u0027s Stone","Thread and Needle","Ginger","ClockworkSouvenir","Prayer Wheel"],"potions_floor_usage":[7,25,37,41,50,50,50],"damage_taken":[{"damage":1.0,"enemies":"Small Slimes","floor":1.0,"turns":4.0},{"damage":0.0,"enemies":"Jaw Worm","floor":5.0,"turns":4.0},{"damage":0,"enemies":"Gremlin Nob","floor":7,"turns":5},{"damage":0,"enemies":"2 Louse","floor":8,"turns":4},{"damage":8,"enemies":"3 Sentries","floor":10,"turns":5},{"damage":6,"enemies":"Exordium Wildlife","floor":13,"turns":4},{"damage":0,"enemies":"Lots of Slimes","floor":14,"turns":1},{"damage":39,"enemies":"Slime Boss","floor":16,"turns":10},{"damage":12,"enemies":"2 Thieves","floor":18,"turns":3},{"damage":6,"enemies":"Spheric Guardian","floor":21,"turns":4},{"damage":6,"enemies":"Chosen and Byrds","floor":24,"turns":5},{"damage":22,"enemies":"Slavers","floor":25,"turns":2},{"damage":0,"enemies":"3 Cultists","floor":28,"turns":3},{"damage":0,"enemies":"Snecko","floor":31,"turns":6},{"damage":17,"enemies":"Champ","floor":33,"turns":16},{"damage":8,"enemies":"3 Darklings","floor":35,"turns":5},{"damage":0,"enemies":"3 Shapes","floor":37,"turns":6},{"damage":28,"enemies":"Transient","floor":39,"turns":5},{"damage":11,"enemies":"Nemesis","floor":41,"turns":11},{"damage":0,"enemies":"Mind Bloom Boss Battle","floor":44,"turns":8},{"damage":0,"enemies":"4 Shapes","floor":45,"turns":4},{"damage":0,"enemies":"Sphere and 2 Shapes","floor":46,"turns":6},{"damage":36,"enemies":"Giant Head","floor":48,"turns":12},{"damage":4,"enemies":"Donu and Deca","floor":50,"turns":8}],"seed_played":"3146298788658576535","potions_obtained":[{"floor":1.0,"key":"Weak Potion"},{"floor":5.0,"key":"AttackPotion"},{"floor":13,"key":"AttackPotion"},{"floor":21,"key":"Fire Potion"},{"floor":24,"key":"Strength Potion"},{"floor":31,"key":"SteroidPotion"},{"floor":35,"key":"FearPotion"},{"floor":39,"key":"SpeedPotion"},{"floor":46,"key":"Weak Potion"},{"floor":48,"key":"Fire Potion"}],"is_trial":false,"path_per_floor":["M","$","?","?","M","R","E","M","T","E","R","$","M","M","R","B",null,"M","?","$","M","?","R","M","E","T","R","M","$","R","M","R","B",null,"M","$","M","$","M","R","E","R","T","?","M","M","$","E","R","B",null],"character_chosen":"THE_SILENT","items_purchased":["Noxious Fumes","Corpse Explosion","Cloak And Dagger","War Paint","Well Laid Plans","Finesse","Regen Potion","ClockworkSouvenir"],"campfire_rested":4,"item_purchase_floors":[2,2,2,12,20,29,38,47],"current_hp_per_floor":[58,58,63,63,63,63,63,63,63,55,55,55,49,49,49,10,56,44,44,44,38,38,59,53,31,31,31,31,31,31,31,52,35,62,54,54,54,54,26,47,51,51,51,51,51,51,51,15,36,32],"gold":57,"neow_bonus":"HUNDRED_GOLD","is_prod":false,"is_daily":false,"chose_seed":false,"campfire_upgraded":6,"win_rate":0,"timestamp":1541736344,"path_taken":["M","$","?","?","M","R","E","M","T","E","R","?","M","M","R","BOSS","M","?","$","M","?","R","M","E","T","R","M","$","R","M","R","BOSS","M","$","M","?","M","R","E","R","T","?","M","M","$","E","R","BOSS"],"build_version":"2018-11-08","purchased_purges":1,"victory":true,"max_hp_per_floor":[66,66,71,71,71,71,71,71,71,71,71,71,71,71,71,71,71,71,71,71,71,71,71,71,71,71,71,71,71,71,71,71,71,71,71,71,71,71,71,71,71,71,71,71,71,71,71,71,71,71],"card_choices":[{"not_picked":["Infinite Blades","Deadly Poison"],"picked":"Blur","floor":1.0},{"not_picked":["Outmaneuver","Prepared"],"picked":"Blur","floor":5.0},{"not_picked":["Flying Knee","Deflect"],"picked":"Crippling Poison","floor":7},{"not_picked":["Crippling Poison","Caltrops"],"picked":"Deflect","floor":8},{"not_picked":["Quick Slash","Dagger Throw"],"picked":"Backflip","floor":10},{"not_picked":["Dagger Spray","Eviscerate","Reflex"],"picked":"SKIP","floor":13},{"not_picked":["Glass Knife","Flying Knee"],"picked":"Dash","floor":14},{"not_picked":["Corpse Explosion","Die Die Die"],"picked":"Malaise","floor":16},{"not_picked":["Deflect","Dagger Spray"],"picked":"Deadly Poison","floor":18},{"not_picked":["Deadly Poison","Dagger Throw"],"picked":"Prepared","floor":21},{"not_picked":["Eviscerate","Flying Knee+1"],"picked":"Sucker Punch","floor":24},{"not_picked":["Caltrops","Dodge and Roll"],"picked":"Blur","floor":25},{"not_picked":["Tactician","Setup"],"picked":"Calculated Gamble","floor":28},{"not_picked":["Underhanded Strike","Phantasmal Killer"],"picked":"PiercingWail","floor":31},{"not_picked":["Doppelganger","Venomology"],"picked":"Adrenaline","floor":33},{"not_picked":["Deflect","Underhanded Strike+1"],"picked":"Acrobatics","floor":35},{"not_picked":["Blade Dance","Dodge and Roll"],"picked":"Backflip","floor":37},{"not_picked":["Deadly Poison","Poisoned Stab+1"],"picked":"Blur+1","floor":39},{"not_picked":["Dagger Spray","Terror"],"picked":"Dodge and Roll+1","floor":41},{"not_picked":["Backflip","Heel Hook"],"picked":"Escape Plan","floor":45},{"not_picked":["Cloak And Dagger","Underhanded Strike+1"],"picked":"Catalyst","floor":46},{"not_picked":["Predator","Accuracy+1","Dagger Spray"],"picked":"SKIP","floor":48},{"not_picked":["Bane","Quick Slash"],"picked":"Catalyst","floor":49}],"player_experience":1605371,"relics_obtained":[{"floor":7,"key":"Happy Flower"},{"floor":9,"key":"Potion Belt"},{"floor":10,"key":"Mercury Hourglass"},{"floor":25,"key":"Dream Catcher"},{"floor":26,"key":"Shuriken"},{"floor":41,"key":"Thread and Needle"},{"floor":44,"key":"Ginger"},{"floor":48,"key":"Prayer Wheel"}],"event_choices":[{"damage_healed":0.0,"max_hp_gain":5.0,"max_hp_loss":0.0,"gold_gain":0.0,"event_name":"Big Fish","player_choice":"Donut","floor":3.0,"gold_loss":0.0,"damage_taken":0.0},{"damage_healed":0.0,"max_hp_gain":0.0,"max_hp_loss":0.0,"gold_gain":0.0,"event_name":"Liars Game","player_choice":"Ignored","floor":4.0,"gold_loss":0.0,"damage_taken":0.0},{"damage_healed":0,"gold_gain":0,"cards_transformed":["Strike_G","Strike_G"],"player_choice":"Became Test Subject","damage_taken":0,"max_hp_gain":0,"max_hp_loss":0,"event_name":"Drug Dealer","floor":19,"gold_loss":0,"cards_obtained":["Outmaneuver","Envenom"]},{"cards_removed":["Strike_G"],"damage_healed":0,"gold_gain":0,"player_choice":"Purged","damage_taken":0,"max_hp_gain":0,"max_hp_loss":0,"event_name":"Purifier","floor":22,"gold_loss":0},{"damage_healed":0,"gold_gain":0,"player_choice":"Fight","damage_taken":0,"max_hp_gain":0,"max_hp_loss":0,"event_name":"MindBloom","floor":44,"gold_loss":0}],"is_beta":false,"boss_relics":[{"not_picked":["Eternal Feather","Busted Crown"],"picked":"Cursed Key"},{"not_picked":["Velvet Choker","Calling Bell"],"picked":"Philosopher\u0027s Stone"}],"items_purged_floors":[20],"is_endless":false,"potions_floor_spawned":[1,5,13,21,24,31,35,39,46,48],"ascension_level":15}