{"gold_per_floor":[114,114,114,126,137,137,153,185,185,219,219,244,244,254,254,331,331,342,362,71,89,89,89,122,122,122,154,154,170,170],"floor_reached":30,"playtime":1023,"items_purged":[],"score":504,"play_id":"2d59f175-26c0-4496-b843-da7c2bda6f91","local_time":"20190507133917","is_ascension_mode":true,"campfire_choices":[{"data":"Streamline","floor":6.0,"key":"SMITH"},{"data":"Defragment","floor":13.0,"key":"SMITH"},{"data":"Zap","floor":15.0,"key":"SMITH"},{"data":"Meteor Strike","floor":23.0,"key":"SMITH"},{"data":"Undo","floor":25.0,"key":"SMITH"}],"neow_cost":"NONE","seed_source_timestamp":0,"circlet_count":0,"master_deck":["AscendersBane","Strike_B","Strike_B","Defend_B","Defend_B","Defend_B","Defend_B","Zap+1","Dualcast+1","Streamline+1","Rebound","Coolheaded+1","Gash","Chill","Defragment+1","Leap","Core Surge","Ball Lightning","Sunder","Meteor Strike+1","Biased Cognition","Doom and Gloom","Undo+1","Core Surge","Thunder Strike","Cold Snap"],"special_seed":0,"relics":["Cracked Core","FossilizedHelix","StoneCalendar","Mango","Calipers","War Paint","Snecko Eye","Du-Vu Doll","Dodecahedron","Turnip"],"potions_floor_usage":[30],"damage_taken":[{"damage":0.0,"enemies":"Cultist","floor":1.0,"turns":3.0},{"damage":0.0,"enemies":"Small Slimes","floor":4.0,"turns":2.0},{"damage":7.0,"enemies":"Jaw Worm","floor":5.0,"turns":3.0},{"damage":2.0,"enemies":"Blue Slaver","floor":7.0,"turns":4.0},{"damage":6.0,"enemies":"Gremlin Nob","floor":8.0,"turns":3.0},{"damage":18.0,"enemies":"Lagavulin","floor":10.0,"turns":5.0},{"damage":28.0,"enemies":"Gremlin Nob","floor":12.0,"turns":4.0},{"damage":0.0,"enemies":"2 Fungi Beasts","floor":14.0,"turns":3.0},{"damage":8.0,"enemies":"Hexaghost","floor":16.0,"turns":8.0},{"damage":0.0,"enemies":"Chosen","floor":18.0,"turns":4.0},{"damage":0.0,"enemies":"Spheric Guardian","floor":19.0,"turns":3.0},{"damage":5.0,"enemies":"Shelled Parasite and Fungi","floor":21.0,"turns":4.0},{"damage":19.0,"enemies":"Slavers","floor":24.0,"turns":4.0},{"damage":4.0,"enemies":"Book of Stabbing","floor":27.0,"turns":5.0},{"damage":0.0,"enemies":"Cultist and Chosen","floor":29.0,"turns":6.0},{"damage":47,"enemies":"Slavers","floor":30,"turns":3}],"seed_played":"-6170424651312377426","potions_obtained":[{"floor":0.0,"key":"Swift Potion"},{"floor":0.0,"key":"FearPotion"},{"floor":7.0,"key":"FocusPotion"},{"floor":10.0,"key":"SteroidPotion"},{"floor":14.0,"key":"Block Potion"},{"floor":16.0,"key":"PowerPotion"}],"is_trial":false,"path_per_floor":["M","$","?","M","M","R","M","E","T","E","T","E","R","M","R","B",null,"M","M","$","M","?","R","E","R","T","E","?","M","E"],"character_chosen":"DEFECT","items_purchased":["Meteor Strike","Biased Cognition"],"campfire_rested":0,"item_purchase_floors":[20,20],"current_hp_per_floor":[64,64,64,64,57,57,55,49,49,45,45,17,17,17,17,9,66,66,66,66,61,61,61,42,42,42,38,38,38,0],"gold":170,"neow_bonus":"THREE_SMALL_POTIONS","is_prod":false,"is_daily":false,"chose_seed":false,"campfire_upgraded":5,"win_rate":0,"timestamp":1557261557,"path_taken":["M","?","?","M","M","R","M","E","T","E","?","E","R","?","R","BOSS","M","M","$","M","?","R","E","R","T","E","?","M","E"],"build_version":"2019-01-23","purchased_purges":0,"victory":false,"max_hp_per_floor":[71,71,71,71,71,71,71,71,71,85,85,85,85,85,85,85,85,85,85,85,85,85,85,85,85,85,85,85,85,85],"card_choices":[{"not_picked":["White Noise","Force Field"],"picked":"Streamline","floor":1.0},{"not_picked":["White Noise","Streamline"],"picked":"Rebound","floor":4.0},{"not_picked":["Force Field","Static Discharge"],"picked":"Coolheaded","floor":5.0},{"not_picked":["Go for the Eyes","Aggregate"],"picked":"Gash","floor":7.0},{"not_picked":["Skim","Steam Power","Stack"],"picked":"SKIP","floor":8.0},{"not_picked":["Loop","Thunder Strike"],"picked":"Chill","floor":10.0},{"not_picked":["White Noise","Steam"],"picked":"Defragment","floor":12.0},{"not_picked":["Defragment","Gash"],"picked":"Leap","floor":14.0},{"not_picked":["Amplify","Creative AI"],"picked":"Core Surge","floor":16.0},{"not_picked":["Compile Driver","Cold Snap"],"picked":"Ball Lightning","floor":18.0},{"not_picked":["Ball Lightning","BootSequence"],"picked":"Sunder","floor":19.0},{"not_picked":["Compile Driver+1","Lockon"],"picked":"Doom and Gloom","floor":21.0},{"not_picked":["Cold Snap","Storm"],"picked":"Undo","floor":24.0},{"not_picked":["Ball Lightning","Storm","Redo"],"picked":"SKIP","floor":27.0},{"not_picked":["Gash","Hyperbeam"],"picked":"Cold Snap","floor":29.0}],"player_experience":2589602,"relics_obtained":[{"floor":8.0,"key":"FossilizedHelix"},{"floor":9.0,"key":"StoneCalendar"},{"floor":10.0,"key":"Mango"},{"floor":11.0,"key":"Calipers"},{"floor":12.0,"key":"War Paint"},{"floor":24.0,"key":"Du-Vu Doll"},{"floor":26.0,"key":"Dodecahedron"},{"floor":27.0,"key":"Turnip"}],"event_choices":[{"damage_healed":0.0,"max_hp_gain":0.0,"max_hp_loss":0.0,"gold_gain":0.0,"event_name":"The Cleric","player_choice":"Leave","floor":3.0,"gold_loss":0.0,"damage_taken":0.0},{"damage_healed":0.0,"max_hp_gain":0.0,"max_hp_loss":0.0,"gold_gain":0.0,"event_name":"The Mausoleum","player_choice":"Ignored","floor":22.0,"gold_loss":0.0,"damage_taken":0.0},{"damage_healed":0.0,"max_hp_gain":0.0,"max_hp_loss":0.0,"gold_gain":0.0,"cards_transformed":["Strike_B","Strike_B"],"event_name":"Drug Dealer","player_choice":"Became Test Subject","floor":28.0,"gold_loss":0.0,"damage_taken":0.0,"cards_obtained":["Core Surge","Thunder Strike"]}],"is_beta":false,"boss_relics":[{"not_picked":["Eternal Feather","Empty Cage"],"picked":"Snecko Eye"}],"items_purged_floors":[],"is_endless":false,"potions_floor_spawned":[7,10,14,16,18,19,24,29],"killed_by":"Slavers","ascension_level":15}