{"gold_per_floor":[118,133,144,162,175,175,203,203,228,241,166,185,185,204,204,281,281,299,299,319,336,353,353,380,41,41,76,89,102,102,27,27,101,101,118,118,27,38,54,54,80,80,80,0,0,29,39,66,66,66],"floor_reached":51,"playtime":3085,"items_purged":["Strike_G","Pain"],"score":1523,"play_id":"55fff3c3-7dff-4071-b331-7b9409db66ef","local_time":"20181023114442","is_ascension_mode":true,"campfire_choices":[{"data":"Glass Knife","floor":6,"key":"SMITH"},{"data":"Footwork","floor":8,"key":"SMITH"},{"data":"Neutralize","floor":15,"key":"SMITH"},{"floor":23,"key":"REST"},{"data":"Footwork","floor":30,"key":"SMITH"},{"floor":32,"key":"REST"},{"data":"PiercingWail","floor":40,"key":"SMITH"},{"data":"Blur","floor":42,"key":"SMITH"},{"floor":49,"key":"REST"}],"neow_cost":"NONE","seed_source_timestamp":11736311831971,"circlet_count":0,"master_deck":["Defend_G+1","Defend_G+1","Defend_G+1","Defend_G+1","Strike_G+1","Strike_G+1","Strike_G+1","Neutralize+1","AscendersBane","Quick Slash","All Out Attack","Footwork+1","Predator","Glass Knife+1","Concentrate","Dodge and Roll+1","Malaise+1","Predator+1","Sucker Punch+1","Footwork+1","Backflip","Cloak And Dagger","Bullet Time","Wraith Form v2+1","Footwork+1","Deadly Poison+1","Backflip","Dash","Terror+1","PiercingWail+1","Blur+1","Leg Sweep","Crippling Poison+1","Deadly Poison+1"],"relics":["Ring of the Snake","Lantern","Dream Catcher","Bronze Scales","WarpedTongs","Snecko Eye","Ancient Tea Set","Paper Crane","Mummified Hand","War Paint","Astrolabe","Letter Opener","Bottled Tornado","Red Mask","Dead Branch","Pen Nib","Frozen Egg 2"],"potions_floor_usage":[7,16,24,33,38,39,50],"damage_taken":[{"damage":1,"enemies":"Cultist","floor":1,"turns":4},{"damage":0,"enemies":"Jaw Worm","floor":2,"turns":4},{"damage":3,"enemies":"Small Slimes","floor":3,"turns":3},{"damage":0,"enemies":"Blue Slaver","floor":4,"turns":4},{"damage":0,"enemies":"Looter","floor":5,"turns":4},{"damage":28,"enemies":"Lagavulin","floor":7,"turns":10},{"damage":4,"enemies":"Red Slaver","floor":10,"turns":3},{"damage":0,"enemies":"Blue Slaver","floor":12,"turns":4},{"damage":4,"enemies":"3 Louse","floor":14,"turns":3},{"damage":10,"enemies":"Hexaghost","floor":16,"turns":10},{"damage":17,"enemies":"Spheric Guardian","floor":18,"turns":4},{"damage":3,"enemies":"3 Byrds","floor":20,"turns":3},{"damage":5,"enemies":"Snake Plant","floor":21,"turns":5},{"damage":1,"enemies":"Snecko","floor":22,"turns":5},{"damage":9,"enemies":"Book of Stabbing","floor":24,"turns":6},{"damage":0,"enemies":"Gremlin Leader","floor":27,"turns":8},{"damage":0,"enemies":"Centurion and Healer","floor":28,"turns":6},{"damage":2,"enemies":"Snake Plant","floor":29,"turns":3},{"damage":29,"enemies":"Champ","floor":33,"turns":20},{"damage":0,"enemies":"3 Shapes","floor":35,"turns":5},{"damage":0,"enemies":"3 Darklings","floor":38,"turns":4},{"damage":0,"enemies":"4 Shapes","floor":39,"turns":3},{"damage":9,"enemies":"Nemesis","floor":41,"turns":11},{"damage":0,"enemies":"Mind Bloom Boss Battle","floor":45,"turns":6},{"damage":0,"enemies":"Reptomancer","floor":46,"turns":8},{"damage":0,"enemies":"Transient","floor":47,"turns":5},{"damage":0,"enemies":"Nemesis","floor":48,"turns":7},{"damage":0,"enemies":"Awakened One","floor":50,"turns":16}],"seed_played":"-6201964413978247995","potions_obtained":[{"floor":2,"key":"SmokeBomb"},{"floor":4,"key":"Poison Potion"},{"floor":7,"key":"PowerPotion"},{"floor":14,"key":"Strength Potion"},{"floor":18,"key":"Poison Potion"},{"floor":21,"key":"Block Potion"},{"floor":27,"key":"Weak Potion"},{"floor":29,"key":"GhostInAJar"},{"floor":39,"key":"Fruit Juice"},{"floor":41,"key":"Fire Potion"},{"floor":48,"key":"GhostInAJar"}],"is_trial":false,"path_per_floor":["M","M","M","M","M","R","E","R","T","M","$","M","?","M","R","B",null,"M","?","M","M","M","R","E","$","T","E","M","M","R","?","R","B",null,"M","?","$","M","M","R","E","R","T","?","?","E","M","E","R","B"],"character_chosen":"THE_SILENT","items_purchased":["Paper Crane","Dash","SkillPotion"],"campfire_rested":3,"item_purchase_floors":[25,37,37],"current_hp_per_floor":[58,58,55,55,55,55,27,27,27,23,23,23,23,19,19,9,52,35,35,32,27,26,45,36,36,36,36,36,34,34,34,53,24,56,56,56,56,56,61,61,52,52,52,52,52,52,52,52,71,71],"gold":66,"neow_bonus":"RANDOM_COMMON_RELIC","is_prod":false,"is_daily":false,"chose_seed":false,"campfire_upgraded":6,"win_rate":0,"timestamp":1540320282,"path_taken":["M","M","M","?","M","R","E","R","T","M","$","M","?","M","R","BOSS","M","?","M","M","M","R","E","$","T","E","M","?","R","?","R","BOSS","M","?","$","M","M","R","E","R","T","?","?","E","M","E","R","BOSS"],"build_version":"2018-10-18","purchased_purges":2,"victory":true,"max_hp_per_floor":[66,66,66,66,66,66,66,66,66,66,66,66,66,66,66,66,66,66,66,66,66,66,66,66,66,66,66,66,66,66,66,66,66,66,66,66,66,66,71,71,71,71,71,71,71,71,71,71,71,71],"card_choices":[{"not_picked":["Slice","PiercingWail"],"picked":"Quick Slash","floor":1},{"not_picked":["Distraction","Acrobatics"],"picked":"All Out Attack","floor":2},{"not_picked":["Bane","Heel Hook"],"picked":"Footwork","floor":3},{"not_picked":["Escape Plan","Deadly Poison"],"picked":"Predator","floor":4},{"not_picked":["Acrobatics","Deflect"],"picked":"Glass Knife","floor":5},{"not_picked":["Underhanded Strike","Bullet Time"],"picked":"Deflect","floor":7},{"not_picked":["Escape Plan","Bouncing Flask"],"picked":"Concentrate","floor":10},{"not_picked":["Bane","Sucker Punch"],"picked":"Dodge and Roll","floor":12},{"not_picked":["Backflip","Blade Dance"],"picked":"Prepared","floor":14},{"not_picked":["Envenom","Corpse Explosion"],"picked":"Malaise","floor":16},{"not_picked":["Eviscerate","PiercingWail"],"picked":"Predator+1","floor":18},{"not_picked":["Escape Plan+1","Cloak And Dagger"],"picked":"Sucker Punch+1","floor":20},{"not_picked":["Infinite Blades","Underhanded Strike","Bane"],"picked":"SKIP","floor":21},{"not_picked":["Poisoned Stab","Phantasmal Killer","Blade Dance"],"picked":"SKIP","floor":22},{"not_picked":["Deflect","Outmaneuver","Concentrate"],"picked":"SKIP","floor":24},{"not_picked":["Dagger Throw","Die Die Die"],"picked":"Footwork","floor":27},{"not_picked":["Quick Slash","Prepared"],"picked":"Backflip","floor":28},{"not_picked":["Bane","Sucker Punch","Prepared"],"picked":"SKIP","floor":29},{"not_picked":["Blade Dance","Tools of the Trade"],"picked":"Cloak And Dagger","floor":32},{"not_picked":["Wraith Form v2","Burst"],"picked":"Bullet Time","floor":33},{"not_picked":["Sucker Punch","Calculated Gamble"],"picked":"Backflip","floor":35},{"not_picked":["Dagger Spray","Quick Slash+1"],"picked":"Terror+1","floor":38},{"not_picked":["Storm of Steel","Flechettes+1"],"picked":"PiercingWail","floor":39},{"not_picked":["Slice","PiercingWail"],"picked":"Blur","floor":41},{"not_picked":["Dagger Spray","Quick Slash"],"picked":"Leg Sweep","floor":45},{"not_picked":["Terror+1","Well Laid Plans+1","Slice"],"picked":"SKIP","floor":46},{"not_picked":["Prepared","Dagger Throw+1","Dodge and Roll"],"picked":"SKIP","floor":47},{"not_picked":["Bullet Time","PiercingWail"],"picked":"Crippling Poison+1","floor":48},{"not_picked":["Cloak And Dagger","Dodge and Roll"],"picked":"Deadly Poison+1","floor":49}],"player_experience":1436906,"relics_obtained":[{"floor":7,"key":"Dream Catcher"},{"floor":9,"key":"Bronze Scales"},{"floor":24,"key":"Ancient Tea Set"},{"floor":26,"key":"Mummified Hand"},{"floor":27,"key":"War Paint"},{"floor":41,"key":"Letter Opener"},{"floor":43,"key":"Bottled Tornado"},{"floor":45,"key":"Dead Branch"},{"floor":46,"key":"Pen Nib"},{"floor":48,"key":"Frozen Egg 2"}],"event_choices":[{"damage_healed":0,"gold_gain":0,"player_choice":"Rummage","damage_taken":0,"relics_obtained":["WarpedTongs"],"max_hp_gain":0,"max_hp_loss":0,"event_name":"Accursed Blacksmith","floor":13,"gold_loss":0,"cards_obtained":["Pain"]},{"damage_healed":0,"gold_gain":0,"player_choice":"Simplicity","damage_taken":0,"max_hp_gain":0,"max_hp_loss":0,"event_name":"Back to Basics","floor":19,"gold_loss":0,"cards_upgraded":["Defend_G","Defend_G","Defend_G","Defend_G","Defend_G","Strike_G","Strike_G","Strike_G","Strike_G"]},{"cards_removed":["Deflect"],"damage_healed":0,"gold_gain":0,"player_choice":"Gave Gold","damage_taken":0,"max_hp_gain":0,"max_hp_loss":0,"event_name":"Beggar","floor":31,"gold_loss":75},{"cards_removed":["Defend_G"],"damage_healed":0,"gold_gain":0,"player_choice":"Removed Skill","damage_taken":0,"max_hp_gain":0,"max_hp_loss":0,"event_name":"Falling","floor":36,"gold_loss":0},{"damage_healed":0,"gold_gain":0,"player_choice":"Paid","damage_taken":0,"relics_obtained":["Red Mask"],"max_hp_gain":0,"max_hp_loss":0,"event_name":"Tomb of Lord Red Mask","floor":44,"gold_loss":80},{"damage_healed":0,"gold_gain":0,"player_choice":"Fight","damage_taken":0,"max_hp_gain":0,"max_hp_loss":0,"event_name":"MindBloom","floor":45,"gold_loss":0}],"is_beta":false,"boss_relics":[{"not_picked":["Orrery","Empty Cage"],"picked":"Snecko Eye"},{"not_picked":["Runic Pyramid","Velvet Choker"],"picked":"Astrolabe"}],"items_purged_floors":[11,25],"is_endless":false,"potions_floor_spawned":[2,4,7,14,18,21,27,29,39,41,45,47,48],"ascension_level":15}