{"gold_per_floor":[212,224,239,239,12,12,39,50,76,5,5,32,32,59,59,133,133,145,145,161,161,175,175,189,189,213,213,213,241,256,275,275,350,350,364,344,357,53,65,65,17,45,45,75,75,86,86,86,86,86],"floor_reached":51,"playtime":2032,"items_purged":[],"score":1333,"play_id":"440b6ff5-9c47-41e3-921b-34cbe30c0edd","local_time":"20181003193132","is_ascension_mode":true,"campfire_choices":[{"data":"Neutralize","floor":6.0,"key":"SMITH"},{"data":"Noxious Fumes","floor":11.0,"key":"SMITH"},{"data":"Leg Sweep","floor":15.0,"key":"SMITH"},{"floor":23.0,"key":"REST"},{"floor":25.0,"key":"REST"},{"data":"Noxious Fumes","floor":27.0,"key":"SMITH"},{"floor":32.0,"key":"REST"},{"data":"After Image","floor":40.0,"key":"SMITH"},{"floor":45.0,"key":"REST"},{"data":"Cloak And Dagger","floor":47.0,"key":"SMITH"},{"data":"Wraith Form v2","floor":49,"key":"SMITH"}],"neow_cost":"NONE","seed_source_timestamp":126988483505220,"circlet_count":0,"master_deck":["Defend_G+1","Defend_G+1","Defend_G+1","Defend_G+1","Defend_G+1","Strike_G+1","Strike_G+1","Strike_G+1","Strike_G+1","Strike_G+1","Survivor","Neutralize+1","AscendersBane","Leg Sweep+1","Quick Slash+1","Dagger Throw","Backstab","Noxious Fumes+1","Backflip","Backstab","Escape Plan","Wraith Form v2+1","PiercingWail","RitualDagger","Bane+1","Noxious Fumes+1","Cloak And Dagger+1","Deflect","After Image+1","Footwork+1"],"special_seed":0,"relics":["Ring of the Snake","Snake Skull","Juzu Bracelet","Happy Flower","Whetstone","Omamori","Sozu","Strawberry","MutagenicStrength","Smiling Mask","Busted Crown","Unceasing Top","Boot","Frozen Egg 2","Oddly Smooth Stone"],"potions_floor_usage":[],"damage_taken":[{"damage":2.0,"enemies":"Jaw Worm","floor":1.0,"turns":6.0},{"damage":0.0,"enemies":"Cultist","floor":2.0,"turns":6.0},{"damage":0.0,"enemies":"2 Louse","floor":3.0,"turns":4.0},{"damage":5.0,"enemies":"Lagavulin","floor":7.0,"turns":9.0},{"damage":0.0,"enemies":"Red Slaver","floor":8.0,"turns":5.0},{"damage":13.0,"enemies":"3 Sentries","floor":12.0,"turns":7.0},{"damage":0.0,"enemies":"The Guardian","floor":16.0,"turns":11.0},{"damage":11.0,"enemies":"Chosen","floor":18.0,"turns":7.0},{"damage":21.0,"enemies":"3 Byrds","floor":20.0,"turns":5.0},{"damage":20.0,"enemies":"3 Cultists","floor":22.0,"turns":6.0},{"damage":0.0,"enemies":"Cultist and Chosen","floor":24.0,"turns":6.0},{"damage":20.0,"enemies":"Book of Stabbing","floor":29.0,"turns":6.0},{"damage":0.0,"enemies":"Chosen and Byrds","floor":30.0,"turns":4.0},{"damage":8.0,"enemies":"Snake Plant","floor":31.0,"turns":4.0},{"damage":32.0,"enemies":"Collector","floor":33.0,"turns":10.0},{"damage":0.0,"enemies":"3 Shapes","floor":35.0,"turns":6.0},{"damage":0.0,"enemies":"Orb Walker","floor":37.0,"turns":3.0},{"damage":3.0,"enemies":"Transient","floor":39.0,"turns":5.0},{"damage":3.0,"enemies":"Nemesis","floor":42.0,"turns":9.0},{"damage":2.0,"enemies":"2 Orb Walkers","floor":44.0,"turns":6.0},{"damage":6.0,"enemies":"4 Shapes","floor":46.0,"turns":5.0},{"damage":37,"enemies":"Awakened One","floor":50,"turns":19}],"seed_played":"-5555624962679731085","potions_obtained":[{"floor":1.0,"key":"Dexterity Potion"},{"floor":2.0,"key":"Dexterity Potion"},{"floor":3.0,"key":"Swift Potion"},{"floor":8.0,"key":"Fruit Juice"}],"is_trial":false,"path_per_floor":["M","M","M","?","$","R","E","M","T","$","R","E","$","T","R","B",null,"M","?","M","?","M","R","M","R","T","R","?","E","M","M","R","B",null,"M","?","M","$","M","R","$","E","T","E","R","M","R","?","R","B"],"character_chosen":"THE_SILENT","items_purchased":["Snake Skull","Noxious Fumes","Backstab","Unceasing Top","Backflip"],"campfire_rested":4,"item_purchase_floors":[5,5,10,38,41],"current_hp_per_floor":[57,57,57,57,57,57,52,57,57,57,57,44,44,44,44,44,64,53,47,26,26,6,27,27,48,55,55,55,35,35,27,50,18,63,63,63,63,63,60,60,60,57,57,55,78,72,72,72,72,35],"gold":86,"neow_bonus":"HUNDRED_GOLD","is_prod":false,"is_daily":false,"chose_seed":false,"campfire_upgraded":7,"win_rate":0,"timestamp":1538620292,"path_taken":["M","M","M","?","$","R","E","M","T","?","R","E","?","?","R","BOSS","M","?","M","?","M","R","M","R","T","R","?","E","M","M","R","BOSS","M","?","M","$","M","R","?","E","T","E","R","M","R","?","R","BOSS"],"build_version":"2018-09-27","purchased_purges":0,"victory":true,"max_hp_per_floor":[66,66,66,66,66,66,66,71,71,71,71,71,71,71,71,71,71,71,71,71,71,71,71,71,71,78,78,78,78,78,78,78,78,78,78,78,78,78,78,78,78,78,78,78,78,78,78,78,78,78],"card_choices":[{"not_picked":["Catalyst","Eviscerate"],"picked":"Leg Sweep","floor":1.0},{"not_picked":["Acrobatics","Flechettes"],"picked":"Quick Slash","floor":2.0},{"not_picked":["Endless Agony","Concentrate"],"picked":"Dagger Throw","floor":3.0},{"not_picked":["Bane","Dagger Throw","Leg Sweep"],"picked":"SKIP","floor":7.0},{"not_picked":["Storm of Steel","Leg Sweep"],"picked":"Backflip","floor":8.0},{"not_picked":["Concentrate","Endless Agony"],"picked":"Escape Plan","floor":12.0},{"not_picked":["Storm of Steel","Doppelganger"],"picked":"Wraith Form v2","floor":16.0},{"not_picked":["All Out Attack","Distraction"],"picked":"PiercingWail","floor":18.0},{"not_picked":["Quick Slash","Underhanded Strike","Poisoned Stab"],"picked":"SKIP","floor":20.0},{"not_picked":["Prepared","Choke"],"picked":"Bane+1","floor":22.0},{"not_picked":["Setup","Prepared"],"picked":"Noxious Fumes","floor":24.0},{"not_picked":["Reflex","Blade Dance"],"picked":"Cloak And Dagger","floor":29.0},{"not_picked":["Prepared","Heel Hook","Slice"],"picked":"SKIP","floor":30.0},{"not_picked":["Deadly Poison","Storm of Steel"],"picked":"Deflect","floor":31.0},{"not_picked":["Unload","Malaise"],"picked":"After Image","floor":33.0},{"not_picked":[],"picked":"Footwork+1","floor":35.0},{"not_picked":["Riddle With Holes+1"],"picked":"SKIP","floor":37.0},{"not_picked":["Reflex"],"picked":"SKIP","floor":39.0},{"not_picked":["Dagger Spray"],"picked":"SKIP","floor":42.0},{"not_picked":["Underhanded Strike"],"picked":"SKIP","floor":44.0},{"not_picked":["Masterful Stab"],"picked":"SKIP","floor":46.0}],"player_experience":1251597,"relics_obtained":[{"floor":7.0,"key":"Juzu Bracelet"},{"floor":9.0,"key":"Happy Flower"},{"floor":12.0,"key":"Whetstone"},{"floor":14.0,"key":"Omamori"},{"floor":26.0,"key":"Strawberry"},{"floor":29.0,"key":"Smiling Mask"},{"floor":42.0,"key":"Boot"},{"floor":43.0,"key":"Frozen Egg 2"},{"floor":44.0,"key":"Oddly Smooth Stone"}],"event_choices":[{"event_name":"Match and Keep!","player_choice":"1 cards matched","floor":4.0,"damage_taken":0.0},{"event_name":"Nest","player_choice":"Joined the Cult","floor":19.0,"damage_taken":0.0},{"event_name":"Back to Basics","player_choice":"Simplicity","floor":21.0,"damage_taken":0.0},{"event_name":"Drug Dealer","player_choice":"Inject Mutagens","floor":28.0,"damage_taken":0.0},{"event_name":"The Woman in Blue","player_choice":"Bought 1 Potion","floor":36.0,"damage_taken":0.0},{"event_name":"Falling","player_choice":"Removed Skill","floor":48,"damage_taken":0}],"is_beta":false,"boss_relics":[{"not_picked":["Empty Cage","Runic Dome"],"picked":"Sozu"},{"not_picked":["Velvet Choker","Black Star"],"picked":"Busted Crown"}],"items_purged_floors":[],"is_endless":false,"potions_floor_spawned":[1,2,3,8,18,22,30,33,35,37,42],"ascension_level":15}