{"gold_per_floor":[110,110,19,31,51,51,78,78,78,78,107,123,141,141,141,217,217,227,48,48,62,74,74,100,131,143,155,197,209,239,265,277,364,376,399,422,255,273,273,273],"floor_reached":40,"playtime":1443,"items_purged":["Strike_B"],"score":854,"play_id":"4dc72903-9ecc-4c74-aaf7-ff8cbb318852","local_time":"20181006210418","is_ascension_mode":true,"campfire_choices":[{"data":"Go for the Eyes","floor":6.0,"key":"SMITH"},{"data":"Dualcast","floor":8.0,"key":"SMITH"},{"data":"All For One","floor":10.0,"key":"SMITH"},{"data":"Hologram","floor":15.0,"key":"SMITH"},{"data":"Electrodynamics","floor":23.0,"key":"SMITH"},{"floor":27,"key":"REST"},{"data":"Steam","floor":29,"key":"SMITH"},{"floor":32,"key":"REST"}],"neow_cost":"NONE","seed_source_timestamp":47539790423087,"circlet_count":0,"master_deck":["Defend_B","Defend_B","Defend_B","Defend_B","Zap+1","Dualcast+1","AscendersBane","Streamline+1","Cold Snap","Steam+1","Go for the Eyes+1","Ball Lightning","All For One+1","Hologram+1","Electrodynamics+1","FTL+1","Self Repair","FTL","Steam","Gash","Capacitor","Beam Cell","Defragment","Chill"],"special_seed":0,"relics":["Cracked Core","Ornamental Fan","Regal Pillow","Singing Bowl","Sozu","MawBank","Cables","Meat on the Bone","Empty Cage"],"potions_floor_usage":[],"damage_taken":[{"damage":4.0,"enemies":"Small Slimes","floor":1.0,"turns":3.0},{"damage":0.0,"enemies":"Cultist","floor":4.0,"turns":3.0},{"damage":0.0,"enemies":"2 Louse","floor":5.0,"turns":2.0},{"damage":26.0,"enemies":"3 Sentries","floor":7.0,"turns":6.0},{"damage":12.0,"enemies":"Gremlin Nob","floor":11.0,"turns":3.0},{"damage":0.0,"enemies":"Gremlin Gang","floor":12.0,"turns":4.0},{"damage":0.0,"enemies":"Looter","floor":13.0,"turns":3.0},{"damage":0.0,"enemies":"Hexaghost","floor":16.0,"turns":9.0},{"damage":0.0,"enemies":"Spheric Guardian","floor":18.0,"turns":3.0},{"damage":7.0,"enemies":"Chosen","floor":21.0,"turns":4.0},{"damage":4.0,"enemies":"Centurion and Healer","floor":22.0,"turns":3.0},{"damage":34,"enemies":"Slavers","floor":24,"turns":3},{"damage":14,"enemies":"Cultist and Chosen","floor":25,"turns":5},{"damage":24,"enemies":"Book of Stabbing","floor":28,"turns":4},{"damage":2,"enemies":"Chosen and Byrds","floor":30,"turns":4},{"damage":20,"enemies":"Centurion and Healer","floor":31,"turns":6},{"damage":23,"enemies":"Champ","floor":33,"turns":9},{"damage":0,"enemies":"Orb Walker","floor":35,"turns":3},{"damage":1,"enemies":"3 Shapes","floor":36,"turns":2},{"damage":45,"enemies":"Spire Growth","floor":38,"turns":4},{"damage":67,"enemies":"Maw","floor":40,"turns":7}],"seed_played":"1511272114162818499","potions_obtained":[{"floor":5.0,"key":"Energy Potion"},{"floor":11.0,"key":"Dexterity Potion"},{"floor":12.0,"key":"EntropicBrew"}],"is_trial":false,"path_per_floor":["M","?","$","M","M","R","E","R","T","R","E","M","M","?","R","B",null,"M","$","?","M","M","R","E","M","T","R","E","R","M","M","R","B",null,"M","M","$","M","?"],"character_chosen":"DEFECT","items_purchased":["Cold Snap","Steam","FTL","Self Repair","Beam Cell","Defragment","Chill"],"campfire_rested":2,"item_purchase_floors":[3,3,19,19,37,37,37],"current_hp_per_floor":[60,60,60,60,60,60,34,34,34,34,24,26,26,19,19,19,61,63,63,63,63,68,68,43,38,38,77,60,60,67,54,85,71,83,87,88,88,62,62,0],"gold":273,"neow_bonus":"UPGRADE_CARD","is_prod":false,"is_daily":false,"chose_seed":false,"campfire_upgraded":6,"win_rate":0,"timestamp":1538885058,"path_taken":["M","?","$","?","M","R","E","R","T","R","E","M","M","?","R","BOSS","M","$","?","?","M","R","E","M","T","R","E","R","M","?","R","BOSS","M","M","$","?","?","M"],"build_version":"2018-10-04v2","purchased_purges":1,"victory":false,"max_hp_per_floor":[71,71,71,71,71,71,71,71,71,71,73,75,75,75,75,75,75,77,77,77,77,79,79,81,83,83,83,83,83,85,85,85,87,87,87,89,89,89,89,89],"card_choices":[{"not_picked":["Turbo","Sunder"],"picked":"Streamline","floor":1.0},{"not_picked":["Turbo","Steam"],"picked":"Go for the Eyes","floor":4.0},{"not_picked":["Consume","Compile Driver"],"picked":"Ball Lightning","floor":5.0},{"not_picked":["Beam Cell","Ball Lightning"],"picked":"All For One","floor":7.0},{"not_picked":["Creative AI","Cold Snap","Turbo"],"picked":"Singing Bowl","floor":11.0},{"not_picked":["Cold Snap","Stack","Darkness"],"picked":"Singing Bowl","floor":12.0},{"not_picked":["Melter","Leap"],"picked":"Hologram","floor":13.0},{"not_picked":["Reboot","Fission"],"picked":"Electrodynamics","floor":16.0},{"not_picked":["Streamline","Fusion","Stack"],"picked":"Singing Bowl","floor":18.0},{"not_picked":["Double Energy+1","Stack"],"picked":"FTL","floor":21.0},{"not_picked":["Barrage","Tempest","Go for the Eyes"],"picked":"Singing Bowl","floor":22.0},{"not_picked":["Fission","Barrage","Rainbow"],"picked":"Singing Bowl","floor":24},{"not_picked":["Stack","Cold Snap","Double Energy"],"picked":"Singing Bowl","floor":25},{"not_picked":["Go for the Eyes","Glacier"],"picked":"Steam","floor":28},{"not_picked":["Redo","Aggregate","Sweeping Beam"],"picked":"Singing Bowl","floor":30},{"not_picked":["Steam","Turbo"],"picked":"Gash","floor":31},{"not_picked":["Amplify","Multi-Cast","Rainbow"],"picked":"Singing Bowl","floor":33},{"not_picked":["Rip and Tear+1","Reprogram+1"],"picked":"Capacitor","floor":35},{"not_picked":["Sunder+1","Steam","Consume"],"picked":"Singing Bowl","floor":36},{"not_picked":["Rebound","Ball Lightning"],"picked":"Go for the Eyes","floor":38}],"player_experience":1289175,"relics_obtained":[{"floor":7.0,"key":"Ornamental Fan"},{"floor":9.0,"key":"Regal Pillow"},{"floor":11.0,"key":"Singing Bowl"},{"floor":24,"key":"MawBank"},{"floor":26,"key":"Cables"},{"floor":28,"key":"Meat on the Bone"}],"event_choices":[{"event_name":"Upgrade Shrine","player_choice":"Upgraded","floor":2.0,"damage_taken":0.0},{"event_name":"Golden Wing","player_choice":"Card Removal","floor":14.0,"damage_taken":0.0},{"event_name":"Upgrade Shrine","player_choice":"Upgraded","floor":20.0,"damage_taken":0.0},{"event_name":"Falling","player_choice":"Removed Attack","floor":39,"damage_taken":0}],"is_beta":false,"boss_relics":[{"not_picked":["Velvet Choker","White Beast Statue"],"picked":"Sozu"},{"not_picked":["Nuclear Battery","Black Star"],"picked":"Empty Cage"}],"items_purged_floors":[19],"is_endless":false,"potions_floor_spawned":[5,11,12,13,25,28,30,31,33],"killed_by":"Maw","ascension_level":15}