{"gold_per_floor":[113,113,38,50,64,64,74,74,123,123,133,159,26,83,83,158,158,178,196,111,111],"floor_reached":21,"playtime":965,"items_purged":["Decay"],"score":378,"play_id":"f45a2cc6-9dfe-4080-a2fa-10103ba6708e","local_time":"20190417210248","is_ascension_mode":true,"campfire_choices":[{"data":"True Grit","floor":6.0,"key":"SMITH"},{"data":"Whirlwind","floor":8.0,"key":"SMITH"},{"data":"ReplayTheSpireMod:Strike From Hell","floor":10.0,"key":"SMITH"}],"neow_cost":"TEN_PERCENT_HP_LOSS","seed_source_timestamp":11609687841600,"circlet_count":0,"master_deck":["AscendersBane","Defend_R","Bash","ReplayTheSpireMod:Strike From Hell+1","Whirlwind+1","True Grit+1","Burning Pact","ReplayTheSpireMod:Muscle Training","ReplayTheSpireMod:Brewmster","Finesse","Double Tap","Power Through","Limit Break","Clumsy","Parasite"],"special_seed":0,"relics":["Burning Blood","Anchor","Potion Belt","ReplayTheSpireMod:ShopPack","Tiny Chest","Kintsugi","ReplayTheSpireMod:Multitool"],"potions_floor_usage":[],"damage_taken":[{"damage":2.0,"enemies":"2 Louse","floor":1.0,"turns":4.0},{"damage":1.0,"enemies":"Cultist","floor":4.0,"turns":4.0},{"damage":0.0,"enemies":"Small Slimes","floor":5.0,"turns":2.0},{"damage":0.0,"enemies":"Exordium Wildlife","floor":7.0,"turns":2.0},{"damage":0.0,"enemies":"3 Louse","floor":11.0,"turns":2.0},{"damage":32.0,"enemies":"Erikyupuro","floor":12.0,"turns":7.0},{"damage":14.0,"enemies":"Lagavulin","floor":14.0,"turns":6.0},{"damage":54.0,"enemies":"Fading Forest","floor":16.0,"turns":13.0},{"damage":25.0,"enemies":"Chosen","floor":18.0,"turns":5.0},{"damage":10.0,"enemies":"Spheric Guardian","floor":19.0,"turns":6.0},{"damage":46,"enemies":"Centurion and Healer","floor":21,"turns":5}],"seed_played":"-6465282090542274862","potions_obtained":[{"floor":5.0,"key":"SpeedPotion"},{"floor":11.0,"key":"SteroidPotion"},{"floor":14.0,"key":"LiquidBronze"},{"floor":16.0,"key":"Adrenaline Potion"},{"floor":18.0,"key":"Reflective Coating"}],"is_trial":false,"path_per_floor":["M","?","$","M","M","R","M","R","T","R","M","E","$","E","R","B",null,"M","M","?","M"],"character_chosen":"IRONCLAD","items_purchased":["ReplayTheSpireMod:ShopPack"],"campfire_rested":0,"item_purchase_floors":[13],"current_hp_per_floor":[68,68,68,68,68,68,68,68,68,68,68,42,42,40,40,12,54,35,31,31,0],"gold":111,"neow_bonus":"REMOVE_TWO","is_prod":false,"is_daily":false,"chose_seed":false,"campfire_upgraded":3,"win_rate":0,"timestamp":1555506168,"path_taken":["M","?","$","?","M","R","M","R","T","R","M","E","$","E","R","BOSS","M","M","?","M"],"build_version":"2019-01-23","purchased_purges":1,"victory":false,"max_hp_per_floor":[68,68,68,68,68,68,68,68,68,68,68,68,68,68,68,68,68,68,68,68,68],"card_choices":[{"not_picked":["Armaments","Clothesline"],"picked":"ReplayTheSpireMod:Strike From Hell","floor":1.0},{"not_picked":["Replay:Undeath\u0027s Touch","Heavy Blade"],"picked":"Whirlwind","floor":4.0},{"not_picked":["Cleave","Armaments"],"picked":"True Grit","floor":5.0},{"not_picked":["Warcry","ReplayTheSpireMod:Strike From Hell"],"picked":"Burning Pact","floor":7.0},{"not_picked":["ReplayReversal","Body Slam"],"picked":"ReplayTheSpireMod:Muscle Training","floor":11.0},{"not_picked":["Pummel","Body Slam","ReplayTheSpireMod:Limb From Limb"],"picked":"SKIP","floor":12.0},{"not_picked":["Thinking Ahead","Secret Technique"],"picked":"ReplayTheSpireMod:Brewmster","floor":13.0},{"not_picked":["Good Instincts","ReplayTheSpireMod:Uncanny Aura"],"picked":"Finesse","floor":13.0},{"not_picked":["Anger","Sword Boomerang"],"picked":"Double Tap","floor":14.0},{"not_picked":["Immolate","Brutality"],"picked":"Limit Break","floor":16.0},{"not_picked":["Whirlwind","Iron Wave","Fire Breathing"],"picked":"SKIP","floor":18.0},{"not_picked":["Heavy Blade","Wild Strike","Life Link"],"picked":"SKIP","floor":19.0}],"player_experience":2999580,"relics_obtained":[{"floor":9.0,"key":"Anchor"},{"floor":12.0,"key":"Potion Belt"},{"floor":14.0,"key":"Tiny Chest"}],"event_choices":[{"damage_healed":0.0,"max_hp_gain":0.0,"max_hp_loss":0.0,"gold_gain":0.0,"event_name":"Wheel of Change","player_choice":"Cursed","floor":2.0,"gold_loss":0.0,"damage_taken":0.0,"cards_obtained":["Decay"]},{"damage_healed":0.0,"max_hp_gain":0.0,"max_hp_loss":0.0,"gold_gain":0.0,"event_name":"Addict","player_choice":"Obtained Relic","floor":20.0,"gold_loss":85.0,"damage_taken":0.0,"relics_obtained":["ReplayTheSpireMod:Multitool"]}],"is_beta":false,"boss_relics":[{"not_picked":["Velvet Choker","Painkiller Herb"],"picked":"Kintsugi"}],"items_purged_floors":[3],"is_endless":false,"potions_floor_spawned":[5,11,14,16,18],"killed_by":"Centurion and Healer","ascension_level":20}