{"gold_per_floor":[111,111,128,128,145,145,165,165,189,16,39,53,53,87,87,186,186,198,214,224,224,323,323,323,323,347,367,36,110,110,110],"floor_reached":31,"playtime":694,"items_purged":["Strike_R"],"score":260,"play_id":"77a3927f-958d-464e-9a3a-667d90012410","local_time":"25620323123910","is_ascension_mode":false,"campfire_choices":[{"data":"Sword Boomerang","floor":6.0,"key":"SMITH"},{"data":"Flex","floor":8.0,"key":"SMITH"},{"data":"Apotheosis","floor":13.0,"key":"SMITH"},{"data":"Inflame","floor":15.0,"key":"SMITH"},{"data":"Demon Form","floor":23.0,"key":"SMITH"},{"data":"Disarm","floor":25,"key":"SMITH"},{"floor":30,"key":"REST"}],"neow_cost":"NONE","seed_source_timestamp":4378534706770,"circlet_count":0,"master_deck":["Strike_R","Strike_R","Strike_R","Defend_R","Defend_R","Defend_R","Defend_R","Bash","Inflame+1","Twin Strike","Sword Boomerang+1","Flex+1","Apotheosis+1","Inflame+1","Impervious","Demon Form+1","Twin Strike","Shrug It Off","Disarm+1","Reckless Charge+1","Corruption","Discovery","Power Through","Armaments"],"special_seed":0,"relics":["White Beast Statue"],"potions_floor_usage":[31],"damage_taken":[{"damage":3.0,"enemies":"Small Slimes","floor":1.0,"turns":3.0},{"damage":8.0,"enemies":"Jaw Worm","floor":3.0,"turns":3.0},{"damage":0.0,"enemies":"Cultist","floor":5.0,"turns":4.0},{"damage":5.0,"enemies":"Looter","floor":7.0,"turns":2.0},{"damage":0.0,"enemies":"Exordium Wildlife","floor":12.0,"turns":2.0},{"damage":0.0,"enemies":"Gremlin Nob","floor":14.0,"turns":2.0},{"damage":23.0,"enemies":"The Guardian","floor":16.0,"turns":6.0},{"damage":25.0,"enemies":"2 Thieves","floor":18.0,"turns":3.0},{"damage":5.0,"enemies":"Chosen","floor":19.0,"turns":3.0},{"damage":2.0,"enemies":"Shelled Parasite and Fungi","floor":20.0,"turns":3.0},{"damage":6.0,"enemies":"Cultist and Chosen","floor":21.0,"turns":4.0},{"damage":32,"enemies":"Snake Plant","floor":27,"turns":5},{"damage":40,"enemies":"Gremlin Leader","floor":31,"turns":8}],"seed_played":"5395211852365976319","potions_obtained":[{"floor":1.0,"key":"SpeedPotion"},{"floor":3.0,"key":"Fire Potion"},{"floor":5.0,"key":"Strength Potion"},{"floor":7.0,"key":"AttackPotion"},{"floor":12.0,"key":"Ancient Potion"},{"floor":14.0,"key":"PowerPotion"},{"floor":16.0,"key":"SmokeBomb"},{"floor":18.0,"key":"PowerPotion"},{"floor":19.0,"key":"Block Potion"},{"floor":20.0,"key":"SneckoOil"},{"floor":27,"key":"SteroidPotion"}],"is_trial":false,"path_per_floor":["M","?","M","?","M","R","M","R","T","$","T","M","R","E","R","B",null,"M","M","M","M","?","R","?","R","T","M","$","T","R","E"],"character_chosen":"IRONCLAD","items_purchased":["Apotheosis","Corruption","Discovery","Power Through","Armaments"],"campfire_rested":1,"item_purchase_floors":[10,28,28,28,28],"current_hp_per_floor":[77,77,69,62,62,62,57,57,57,57,57,57,57,57,57,34,80,55,50,48,42,42,42,42,42,42,10,10,10,34,0],"gold":110,"neow_bonus":"BOSS_RELIC","is_prod":false,"is_daily":false,"chose_seed":false,"campfire_upgraded":6,"win_rate":0,"timestamp":1553319550,"path_taken":["M","?","M","?","M","R","M","R","T","?","?","M","R","E","R","BOSS","M","M","M","M","?","R","?","R","T","M","$","?","R","E"],"build_version":"2019-01-23","purchased_purges":1,"victory":false,"max_hp_per_floor":[80,80,80,80,80,80,80,80,80,80,80,80,80,80,80,80,80,80,80,80,80,80,80,80,80,80,80,80,80,80,80],"card_choices":[{"not_picked":["Wild Strike","Dual Wield"],"picked":"Inflame","floor":1.0},{"not_picked":["Iron Wave","Flex"],"picked":"Twin Strike","floor":3.0},{"not_picked":["Perfected Strike","Burning Pact"],"picked":"Sword Boomerang","floor":5.0},{"not_picked":["Wild Strike","Heavy Blade"],"picked":"Flex","floor":7.0},{"not_picked":["Armaments","Power Through"],"picked":"Inflame","floor":12.0},{"not_picked":["Thunderclap","Power Through"],"picked":"Impervious","floor":14.0},{"not_picked":["Brutality","Feed"],"picked":"Demon Form","floor":16.0},{"not_picked":["Rupture","Pommel Strike"],"picked":"Twin Strike","floor":18.0},{"not_picked":["Anger","Clothesline"],"picked":"Shrug It Off","floor":19.0},{"not_picked":["Armaments","Cleave+1"],"picked":"Disarm","floor":20.0},{"not_picked":["Burning Pact","Sever Soul"],"picked":"Reckless Charge+1","floor":27}],"player_experience":332772,"relics_obtained":[],"event_choices":[{"damage_healed":0.0,"max_hp_gain":0.0,"max_hp_loss":0.0,"gold_gain":0.0,"event_name":"Living Wall","player_choice":"Grow","floor":2.0,"gold_loss":0.0,"damage_taken":0.0,"cards_upgraded":["Inflame"]},{"cards_removed":["Strike_R"],"damage_healed":0.0,"max_hp_gain":0.0,"max_hp_loss":0.0,"gold_gain":0.0,"event_name":"Golden Wing","player_choice":"Card Removal","floor":4.0,"gold_loss":0.0,"damage_taken":7.0},{"damage_healed":0.0,"max_hp_gain":0.0,"max_hp_loss":0.0,"gold_gain":99.0,"event_name":"Nest","player_choice":"Stole From Cult","floor":22.0,"gold_loss":0.0,"damage_taken":0.0},{"damage_healed":0,"gold_gain":0,"player_choice":"Ignored","damage_taken":0,"max_hp_gain":0,"max_hp_loss":0,"event_name":"Cursed Tome","floor":24,"gold_loss":0}],"is_beta":false,"boss_relics":[{"not_picked":["Astrolabe","Orrery","Calling Bell"]}],"items_purged_floors":[28],"is_endless":false,"potions_floor_spawned":[1,3,5,7,12,14,16,18,19,20,21,27],"killed_by":"Gremlin Leader","ascension_level":0}