{"gold_per_floor":[110,35,50,68,68,68,98,98,98,112,112,142,156,156,156,156],"floor_reached":16,"playtime":966,"items_purged":["Strike_B"],"score":142,"play_id":"31613206-9e1a-4ac2-bc79-e33f13dd442f","local_time":"20190505121421","is_ascension_mode":true,"campfire_choices":[{"data":"Hello World","floor":6,"key":"SMITH"},{"floor":8,"key":"RECALL"},{"data":"Turbo","floor":11,"key":"SMITH"},{"floor":15,"key":"REST"}],"neow_cost":"NONE","seed_source_timestamp":1358775615823989,"circlet_count":0,"master_deck":["Strike_B","Strike_B","Strike_B","Defend_B","Defend_B","Defend_B","Defend_B","Zap","Dualcast","Stack","Coolheaded","Hello World+1","Turbo+1","Rainbow","Reinforced Body","Leap"],"relics":["Cracked Core","NeowsBlessing","Bottled Lightning","Strawberry","Golden Idol"],"potions_floor_usage":[],"damage_taken":[{"damage":0,"enemies":"Cultist","floor":1,"turns":1},{"damage":0,"enemies":"Small Slimes","floor":3,"turns":1},{"damage":0,"enemies":"Jaw Worm","floor":4,"turns":1},{"damage":0,"enemies":"3 Sentries","floor":7,"turns":11},{"damage":8,"enemies":"Exordium Thugs","floor":10,"turns":4},{"damage":49,"enemies":"Gremlin Nob","floor":12,"turns":5},{"damage":23,"enemies":"Gremlin Gang","floor":13,"turns":6},{"damage":30,"enemies":"The Guardian","floor":16,"turns":2}],"seed_played":"-7023234976406367788","potions_obtained":[{"floor":3,"key":"SkillPotion"},{"floor":12,"key":"Block Potion"}],"is_trial":false,"path_per_floor":["M","$","M","M","$","R","E","R","T","M","R","E","M","?","R","B"],"character_chosen":"DEFECT","items_purchased":[],"campfire_rested":1,"item_purchase_floors":[],"current_hp_per_floor":[75,75,75,75,75,75,75,75,75,67,67,25,2,2,24,0],"gold":156,"neow_bonus":"THREE_ENEMY_KILL","is_prod":false,"is_daily":false,"chose_seed":false,"campfire_upgraded":2,"win_rate":1,"timestamp":1557051261,"path_taken":["M","?","M","?","$","R","E","R","T","M","R","E","?","?","R","BOSS"],"build_version":"2019-01-23","purchased_purges":1,"victory":false,"max_hp_per_floor":[75,75,75,75,75,75,75,75,75,75,75,82,82,76,76,76],"card_choices":[{"not_picked":["Beam Cell","Darkness"],"picked":"Stack","floor":1},{"not_picked":["Barrage","Redo"],"picked":"Coolheaded","floor":3},{"not_picked":["Barrage","Stack"],"picked":"Hello World","floor":4},{"not_picked":["Go for the Eyes","Ball Lightning"],"picked":"Turbo","floor":7},{"not_picked":["Ball Lightning","Go for the Eyes"],"picked":"Rainbow","floor":10},{"not_picked":["White Noise","Coolheaded"],"picked":"Reinforced Body","floor":12},{"not_picked":["Compile Driver","Ball Lightning"],"picked":"Leap","floor":13}],"player_experience":56116,"relics_obtained":[{"floor":7,"key":"Bottled Lightning"},{"floor":12,"key":"Strawberry"}],"event_choices":[{"damage_healed":0,"gold_gain":0,"player_choice":"Lose Max HP","damage_taken":0,"relics_obtained":["Golden Idol"],"max_hp_gain":0,"max_hp_loss":6,"event_name":"Golden Idol","floor":14,"gold_loss":0}],"is_beta":false,"boss_relics":[],"items_purged_floors":[2],"is_endless":false,"potions_floor_spawned":[3,12],"killed_by":"The Guardian","ascension_level":1}