{"gold_per_floor":[113,126,137,137,137,137,171,171,171,171,96,84,84,98,98,193,193,209,225,225,47,47,47,47,65,65,108,122,122],"floor_reached":29,"playtime":777,"items_purged":["Writhe"],"score":425,"play_id":"cdc172f7-519d-423f-aaec-e398102c7e61","local_time":"25611115165010","is_ascension_mode":true,"campfire_choices":[{"floor":6,"key":"REST"},{"floor":8,"key":"REST"},{"floor":10,"key":"REST"},{"data":"Clash","floor":13,"key":"SMITH"},{"data":"Demon Form","floor":15,"key":"SMITH"},{"data":"Bash","floor":23,"key":"SMITH"},{"floor":24,"key":"REST"}],"neow_cost":"NONE","seed_source_timestamp":24657406133200,"circlet_count":0,"master_deck":["AscendersBane","Strike_R","Strike_R","Strike_R","Strike_R","Strike_R","Defend_R","Defend_R","Defend_R","Defend_R","Bash+1","True Grit","Shrug It Off","Clash+1","Metallicize","Clash","Demon Form+1","Reaper","Sword Boomerang+1","Shockwave","Fiend Fire"],"relics":["Burning Blood","Bag of Marbles","WingedGreaves","Golden Idol","Happy Flower","Bottled Flame","Velvet Choker","Omamori","NlothsMask","Peace Pipe"],"potions_floor_usage":[7,16,25,25,28,28],"damage_taken":[{"damage":3,"enemies":"Small Slimes","floor":1,"turns":4},{"damage":4,"enemies":"2 Louse","floor":2,"turns":3},{"damage":8,"enemies":"Jaw Worm","floor":3,"turns":7},{"damage":63,"enemies":"Gremlin Nob","floor":7,"turns":7},{"damage":3,"enemies":"Exordium Thugs","floor":12,"turns":4},{"damage":10,"enemies":"Blue Slaver","floor":14,"turns":2},{"damage":36,"enemies":"Hexaghost","floor":16,"turns":9},{"damage":15,"enemies":"Chosen","floor":18,"turns":6},{"damage":31,"enemies":"3 Byrds","floor":19,"turns":8},{"damage":25,"enemies":"Snecko","floor":25,"turns":6},{"damage":48,"enemies":"Book of Stabbing","floor":27,"turns":5},{"damage":18,"enemies":"Sentry and Sphere","floor":28,"turns":5},{"damage":32,"enemies":"Snake Plant","floor":29,"turns":2}],"seed_played":"-3713743860165785542","potions_obtained":[{"floor":3,"key":"EssenceOfSteel"},{"floor":12,"key":"Dexterity Potion"},{"floor":25,"key":"Explosive Potion"}],"is_trial":false,"path_per_floor":["M","M","M","?","?","R","E","R","T","R","?","M","R","M","R","B",null,"M","M","?","$","?","R","R","M","T","E","M","M"],"character_chosen":"IRONCLAD","items_purchased":["EntropicBrew"],"campfire_rested":4,"item_purchase_floors":[21],"current_hp_per_floor":[71,73,71,53,53,75,18,40,40,62,62,65,65,61,61,31,64,67,54,54,54,54,54,75,56,56,38,26,0],"gold":122,"neow_bonus":"RANDOM_COMMON_RELIC","is_prod":false,"is_daily":false,"chose_seed":false,"campfire_upgraded":3,"win_rate":0,"timestamp":1542275410,"path_taken":["M","M","M","?","?","R","E","R","T","R","?","M","R","M","R","BOSS","M","M","?","$","?","R","R","M","T","E","?","M"],"build_version":"2018-11-08","purchased_purges":1,"victory":false,"max_hp_per_floor":[75,75,75,75,75,75,75,75,75,75,75,75,75,75,75,75,75,75,75,75,75,75,75,75,75,75,75,75,75],"card_choices":[{"not_picked":["Power Through","Battle Trance"],"picked":"True Grit","floor":1},{"not_picked":["Headbutt","Pummel"],"picked":"Shrug It Off","floor":2},{"not_picked":["True Grit","Iron Wave"],"picked":"Clash","floor":3},{"not_picked":["Sword Boomerang","Twin Strike"],"picked":"Metallicize","floor":7},{"not_picked":["Sword Boomerang","Entrench"],"picked":"Clash","floor":12},{"not_picked":["Clothesline","Cleave"],"picked":"Demon Form","floor":14},{"not_picked":["Juggernaut","Berserk"],"picked":"Reaper","floor":16},{"not_picked":["Ghostly Armor","Wild Strike","Flex"],"picked":"SKIP","floor":18},{"not_picked":["Headbutt+1","Entrench"],"picked":"Sword Boomerang+1","floor":19},{"not_picked":["Whirlwind","Pommel Strike"],"picked":"Shockwave","floor":25},{"not_picked":["Iron Wave","Cleave"],"picked":"Fiend Fire","floor":27},{"not_picked":["True Grit","Perfected Strike","Armaments"],"picked":"SKIP","floor":28}],"player_experience":147421,"relics_obtained":[{"floor":7,"key":"Happy Flower"},{"floor":9,"key":"Bottled Flame"},{"floor":27,"key":"Peace Pipe"}],"event_choices":[{"damage_healed":0,"gold_gain":0,"player_choice":"Success","damage_taken":18,"relics_obtained":["WingedGreaves"],"max_hp_gain":0,"max_hp_loss":0,"event_name":"Scrap Ooze","floor":4,"gold_loss":0},{"damage_healed":0,"gold_gain":0,"player_choice":"Take Wound","damage_taken":0,"relics_obtained":["Golden Idol"],"max_hp_gain":0,"max_hp_loss":0,"event_name":"Golden Idol","floor":5,"gold_loss":0,"cards_obtained":["Injury"]},{"cards_removed":["Injury"],"damage_healed":0,"gold_gain":0,"player_choice":"Card Removal","damage_taken":0,"max_hp_gain":0,"max_hp_loss":0,"event_name":"The Cleric","floor":11,"gold_loss":75},{"damage_healed":0,"gold_gain":0,"player_choice":"Opened","damage_taken":0,"relics_obtained":["Omamori"],"max_hp_gain":0,"max_hp_loss":0,"event_name":"The Mausoleum","floor":20,"gold_loss":0,"cards_obtained":["Writhe"]},{"damage_healed":0,"gold_gain":0,"player_choice":"Trade","damage_taken":0,"relics_obtained":["NlothsMask"],"max_hp_gain":0,"max_hp_loss":0,"event_name":"FaceTrader","floor":22,"gold_loss":0}],"is_beta":false,"boss_relics":[{"not_picked":["Orrery","Runic Pyramid"],"picked":"Velvet Choker"}],"items_purged_floors":[21],"is_endless":false,"potions_floor_spawned":[3,12,25,27],"killed_by":"Snake Plant","ascension_level":15}