{"gold_per_floor":[116,128,178,189,189,189,217,231,303,322,355,373,393,422,422,501,501,511,530,530,543,468,495,495,526,552,97,127,144,144,203,203,280,280,294,294,312,322,322,322,357,357,357,388,388,399,417,451,451,451,451],"floor_reached":52,"playtime":3359,"items_purged":[],"score":2559,"play_id":"7f48f14b-3340-41a7-af76-d24be836686b","local_time":"20181130145955","daily_mods":["SealedDeck"],"is_ascension_mode":true,"campfire_choices":[{"data":"Crippling Poison","floor":6.0,"key":"SMITH"},{"data":"Tactician","floor":15.0,"key":"SMITH"},{"data":"Footwork","floor":24,"key":"SMITH"},{"data":"Apotheosis","floor":30,"key":"SMITH"},{"data":"Burst","floor":32,"key":"SMITH"},{"data":"Noxious Fumes","floor":40,"key":"SMITH"},{"data":"Catalyst","floor":42,"key":"SMITH"},{"data":"Dodge and Roll","floor":45,"key":"SMITH"},{"data":"Adrenaline","floor":49,"key":"SMITH"}],"neow_cost":"","seed_source_timestamp":21287659053683,"circlet_count":0,"master_deck":["AscendersBane","Tactician+1","Crippling Poison+1","Escape Plan+1","Dagger Throw","Backflip","Dodge and Roll+1","Deflect","Dagger Spray+1","Flying Knee+1","Blur","Leg Sweep","Adrenaline","Prepared","Well Laid Plans","Adrenaline+1","Terror","Cloak And Dagger","Footwork+1","Noxious Fumes+1","Apotheosis+1","Catalyst+1","Burst+1","Acrobatics","Adrenaline+1","Bouncing Flask+1"],"special_seed":0,"relics":["Ring of the Snake","Dead Branch","Paper Crane","Bronze Scales","Snake Skull","Black Star","War Paint","Juzu Bracelet","Ancient Tea Set","Happy Flower","Anchor","Bag of Preparation","The Courier","Pantograph","Tiny Chest","Lantern","Runic Dome","Singing Bowl","Smiling Mask","Oddly Smooth Stone","Toxic Egg 2","Whetstone","Dream Catcher","Orichalcum","Strawberry"],"potions_floor_usage":[23,25],"damage_taken":[{"damage":0.0,"enemies":"Jaw Worm","floor":1.0,"turns":3.0},{"damage":0.0,"enemies":"Cultist","floor":2.0,"turns":3.0},{"damage":0.0,"enemies":"2 Louse","floor":4.0,"turns":2.0},{"damage":8.0,"enemies":"Lagavulin","floor":7.0,"turns":5.0},{"damage":0.0,"enemies":"Looter","floor":8.0,"turns":3.0},{"damage":0.0,"enemies":"3 Louse","floor":10.0,"turns":3.0},{"damage":3.0,"enemies":"3 Sentries","floor":11.0,"turns":4.0},{"damage":0.0,"enemies":"Exordium Thugs","floor":12.0,"turns":3.0},{"damage":0.0,"enemies":"Looter","floor":13.0,"turns":2.0},{"damage":1.0,"enemies":"Lagavulin","floor":14.0,"turns":6.0},{"damage":45.0,"enemies":"Slime Boss","floor":16.0,"turns":13.0},{"damage":0.0,"enemies":"Chosen","floor":18.0,"turns":4.0},{"damage":0.0,"enemies":"Shell Parasite","floor":19.0,"turns":4.0},{"damage":0.0,"enemies":"Snake Plant","floor":21.0,"turns":3.0},{"damage":1,"enemies":"Slavers","floor":23,"turns":3},{"damage":0,"enemies":"Book of Stabbing","floor":25,"turns":5},{"damage":0,"enemies":"Gremlin Leader","floor":28,"turns":4},{"damage":0,"enemies":"Sentry and Sphere","floor":29,"turns":4},{"damage":0,"enemies":"Slavers","floor":31,"turns":2},{"damage":0,"enemies":"Collector","floor":33,"turns":4},{"damage":0,"enemies":"3 Shapes","floor":35,"turns":2},{"damage":0,"enemies":"Orb Walker","floor":37,"turns":2},{"damage":0,"enemies":"Sphere and 2 Shapes","floor":38,"turns":4},{"damage":0,"enemies":"Reptomancer","floor":41,"turns":3},{"damage":0,"enemies":"Giant Head","floor":44,"turns":3},{"damage":0,"enemies":"Jaw Worm Horde","floor":46,"turns":3},{"damage":0,"enemies":"3 Darklings","floor":47,"turns":1},{"damage":0,"enemies":"Reptomancer","floor":48,"turns":2},{"damage":2,"enemies":"Donu and Deca","floor":50,"turns":7},{"damage":12,"enemies":"Time Eater","floor":51,"turns":4}],"seed_played":"-226979123349093683","potions_obtained":[{"floor":2.0,"key":"Explosive Potion"},{"floor":8.0,"key":"Block Potion"},{"floor":19.0,"key":"PowerPotion"},{"floor":23,"key":"Dexterity Potion"},{"floor":28,"key":"GamblersBrew"},{"floor":29,"key":"GamblersBrew"},{"floor":31,"key":"Regen Potion"},{"floor":46,"key":"GhostInAJar"}],"is_trial":true,"path_per_floor":["M","M","?","M","?","R","E","M","T","M","E","M","M","E","R","B",null,"M","M","?","M","?","E","R","E","T","$","E","M","R","E","R","B",null,"M","?","M","M","T","R","E","R","T","E","R","M","M","E","R","B","B",null],"character_chosen":"THE_SILENT","items_purchased":["Noxious Fumes","Apotheosis","Bag of Preparation"],"campfire_rested":0,"item_purchase_floors":[27,27,27],"current_hp_per_floor":[59,59,59,59,66,66,58,58,58,58,55,55,55,54,54,9,52,52,52,52,52,52,51,51,51,51,51,51,51,51,51,51,66,66,66,63,63,63,63,63,65,65,65,65,65,67,69,78,78,76,66],"gold":451,"neow_bonus":"","is_prod":false,"is_daily":false,"chose_seed":false,"campfire_upgraded":9,"win_rate":0,"timestamp":1543618795,"path_taken":["M","M","?","?","?","R","E","M","T","M","E","M","M","E","R","BOSS","M","?","?","M","?","E","R","E","T","$","E","M","R","E","R","BOSS","M","?","M","M","?","R","E","R","T","E","R","M","M","E","R","BOSS","BOSS"],"build_version":"2018-11-15","purchased_purges":0,"victory":true,"max_hp_per_floor":[66,66,66,66,66,66,66,66,66,66,66,66,66,66,66,66,66,66,66,66,66,66,66,66,66,66,66,66,66,66,66,66,66,66,66,63,63,63,63,63,65,65,65,65,65,67,69,78,78,78,78],"card_choices":[{"not_picked":["Calculated Gamble","Quick Slash"],"picked":"Sucker Punch","floor":1.0},{"not_picked":["Poisoned Stab","Bouncing Flask","Outmaneuver"],"picked":"SKIP","floor":2.0},{"not_picked":["Eviscerate","All Out Attack","Quick Slash"],"picked":"SKIP","floor":4.0},{"not_picked":["Slice","Dodge and Roll","Burst"],"picked":"SKIP","floor":7.0},{"not_picked":["Dagger Spray","Concentrate"],"picked":"Leg Sweep","floor":8.0},{"not_picked":["Underhanded Strike","Acrobatics","Escape Plan"],"picked":"SKIP","floor":10.0},{"not_picked":["Prepared","Footwork"],"picked":"Adrenaline","floor":11.0},{"not_picked":["Predator","Backflip"],"picked":"Prepared","floor":12.0},{"not_picked":["Calculated Gamble","Underhanded Strike"],"picked":"Well Laid Plans","floor":13.0},{"not_picked":["Bane","Calculated Gamble","Well Laid Plans"],"picked":"SKIP","floor":14.0},{"not_picked":["Doppelganger","Night Terror"],"picked":"Adrenaline","floor":16.0},{"not_picked":["Bane","Prepared"],"picked":"Terror","floor":18.0},{"not_picked":["Dodge and Roll","Deflect"],"picked":"Cloak And Dagger","floor":19.0},{"not_picked":["Setup","Flying Knee","Caltrops"],"picked":"SKIP","floor":21.0},{"not_picked":["PiercingWail+1","Quick Slash"],"picked":"Footwork","floor":23},{"not_picked":["Flechettes","Tactician","Deadly Poison"],"picked":"SKIP","floor":25},{"not_picked":["Deadly Poison","Slice+1"],"picked":"Catalyst","floor":28},{"not_picked":["Dodge and Roll","Backflip"],"picked":"Burst","floor":29},{"not_picked":["Leg Sweep","Skewer+1"],"picked":"Acrobatics","floor":31},{"not_picked":["Tools of the Trade","Malaise"],"picked":"Adrenaline","floor":33},{"not_picked":["Skewer","Flying Knee","Bane"],"picked":"SKIP","floor":35},{"not_picked":["Poisoned Stab+1","Bane+1","Prepared"],"picked":"SKIP","floor":37},{"not_picked":["Dash","Accuracy","Dagger Throw+1"],"picked":"SKIP","floor":38},{"not_picked":["Underhanded Strike","Slice","Envenom"],"picked":"Singing Bowl","floor":41},{"not_picked":["Underhanded Strike","Flying Knee"],"picked":"Bouncing Flask+1","floor":44},{"not_picked":["Dodge and Roll+1","Bane","Slice"],"picked":"Singing Bowl","floor":46},{"not_picked":["Flying Knee","Dagger Spray+1","Deflect+1"],"picked":"Singing Bowl","floor":47},{"not_picked":["Quick Slash","Sucker Punch","Deadly Poison+1"],"picked":"Singing Bowl","floor":48}],"player_experience":1695895,"relics_obtained":[{"floor":7.0,"key":"Dead Branch"},{"floor":9.0,"key":"Paper Crane"},{"floor":11.0,"key":"Bronze Scales"},{"floor":14.0,"key":"Snake Skull"},{"floor":23,"key":"War Paint"},{"floor":23,"key":"Juzu Bracelet"},{"floor":25,"key":"Ancient Tea Set"},{"floor":25,"key":"Happy Flower"},{"floor":26,"key":"Anchor"},{"floor":28,"key":"The Courier"},{"floor":28,"key":"Pantograph"},{"floor":31,"key":"Tiny Chest"},{"floor":31,"key":"Lantern"},{"floor":39,"key":"Singing Bowl"},{"floor":41,"key":"Smiling Mask"},{"floor":41,"key":"Oddly Smooth Stone"},{"floor":43,"key":"Toxic Egg 2"},{"floor":44,"key":"Whetstone"},{"floor":44,"key":"Dream Catcher"},{"floor":48,"key":"Orichalcum"},{"floor":48,"key":"Strawberry"}],"event_choices":[{"damage_healed":0.0,"max_hp_gain":0.0,"max_hp_loss":0.0,"gold_gain":50.0,"event_name":"Golden Shrine","player_choice":"Pray","floor":3.0,"gold_loss":0.0,"damage_taken":0.0},{"damage_healed":7.0,"max_hp_gain":0.0,"max_hp_loss":0.0,"gold_gain":0.0,"event_name":"Wheel of Change","player_choice":"Full Heal","floor":5.0,"gold_loss":0.0,"damage_taken":0.0},{"damage_healed":0.0,"max_hp_gain":0.0,"max_hp_loss":0.0,"gold_gain":0.0,"event_name":"The Mausoleum","player_choice":"Ignored","floor":20.0,"gold_loss":0.0,"damage_taken":0.0},{"cards_removed":["Sucker Punch"],"damage_healed":0.0,"max_hp_gain":0.0,"max_hp_loss":0.0,"gold_gain":0.0,"event_name":"Beggar","player_choice":"Gave Gold","floor":22.0,"gold_loss":75.0,"damage_taken":0.0},{"damage_healed":0,"gold_gain":0,"player_choice":"Max HP","damage_taken":0,"max_hp_gain":0,"max_hp_loss":3,"event_name":"Winding Halls","floor":36,"gold_loss":0}],"is_beta":false,"boss_relics":[{"not_picked":["WristBlade","Calling Bell"],"picked":"Black Star"},{"not_picked":["White Beast Statue","Astrolabe"],"picked":"Runic Dome"}],"items_purged_floors":[],"is_endless":false,"potions_floor_spawned":[2,8,10,11,13,19,23,28,29,31,38,46,47,48],"ascension_level":20}