{"gold_per_floor":[116,129,142,67,67,67,52,52,123,138,63,78,102,116,116,116],"floor_reached":16,"playtime":650,"items_purged":["Strike_G"],"score":192,"play_id":"85ba34bb-d5b8-49a8-9b31-463ca0020f2a","local_time":"20190309172140","is_ascension_mode":true,"campfire_choices":[{"data":"Well Laid Plans","floor":6,"key":"SMITH"},{"data":"Calculated Gamble","floor":15,"key":"SMITH"}],"neow_cost":"NONE","seed_source_timestamp":6958673419900,"circlet_count":0,"master_deck":["AscendersBane","Defend_G","Defend_G","Defend_G","Defend_G","Defend_G","Strike_G","Strike_G","Strike_G","Strike_G","Survivor","Neutralize","Tactician","Well Laid Plans+1","Calculated Gamble+1","Heel Hook","Quick Slash"],"relics":["Eternal Feather","Golden Idol","Vajra","Letter Opener"],"potions_floor_usage":[10,12,16],"damage_taken":[{"damage":9,"enemies":"Cultist","floor":1,"turns":5},{"damage":13,"enemies":"Small Slimes","floor":2,"turns":5},{"damage":0,"enemies":"Jaw Worm","floor":3,"turns":6},{"damage":11,"enemies":"Exordium Thugs","floor":7,"turns":5},{"damage":4,"enemies":"Blue Slaver","floor":10,"turns":5},{"damage":1,"enemies":"Looter","floor":12,"turns":4},{"damage":4,"enemies":"2 Fungi Beasts","floor":13,"turns":4},{"damage":7,"enemies":"Large Slime","floor":14,"turns":6},{"damage":6,"enemies":"Hexaghost","floor":16,"turns":7}],"seed_played":"4196985991833194482","potions_obtained":[{"floor":1,"key":"Weak Potion"},{"floor":7,"key":"Explosive Potion"},{"floor":10,"key":"Fruit Juice"},{"floor":14,"key":"EssenceOfSteel"}],"is_trial":false,"path_per_floor":["M","M","M","$","?","R","M","?","T","M","$","M","M","M","R","B"],"character_chosen":"THE_SILENT","items_purchased":["Heel Hook"],"campfire_rested":0,"item_purchase_floors":[11],"current_hp_per_floor":[50,37,37,37,37,43,32,32,32,33,33,32,28,21,30,24],"gold":116,"neow_bonus":"BOSS_RELIC","is_prod":false,"is_daily":false,"chose_seed":false,"campfire_upgraded":2,"win_rate":0,"timestamp":1552123300,"path_taken":["M","?","M","$","?","R","M","?","T","?","?","M","M","M","R","BOSS"],"build_version":"2019-01-23","purchased_purges":1,"victory":false,"max_hp_per_floor":[66,66,66,66,60,60,60,60,60,65,65,65,65,65,65,65],"card_choices":[{"not_picked":["Deadly Poison","Dagger Spray"],"picked":"Tactician","floor":1},{"not_picked":["Dagger Spray","Dodge and Roll"],"picked":"Well Laid Plans","floor":2},{"not_picked":["Blur","Dodge and Roll","Accuracy"],"picked":"SKIP","floor":3},{"not_picked":["Blade Dance","Blur","Prepared"],"picked":"SKIP","floor":7},{"not_picked":["Well Laid Plans","Quick Slash"],"picked":"Calculated Gamble","floor":10},{"not_picked":["PiercingWail","Dagger Throw"],"picked":"Quick Slash","floor":12},{"not_picked":["Crippling Poison","Dagger Throw","Bane"],"picked":"SKIP","floor":13},{"not_picked":["Outmaneuver","Quick Slash","Choke"],"picked":"SKIP","floor":14},{"not_picked":["Outmaneuver","Quick Slash","Choke"],"picked":"SKIP","floor":14}],"player_experience":2762916,"relics_obtained":[{"floor":9,"key":"Letter Opener"}],"event_choices":[{"damage_healed":0,"gold_gain":0,"player_choice":"Lose Max HP","damage_taken":0,"relics_obtained":["Golden Idol"],"max_hp_gain":0,"max_hp_loss":6,"event_name":"Golden Idol","floor":5,"gold_loss":0},{"damage_healed":0,"gold_gain":0,"player_choice":"Searched \u00271\u0027 times","damage_taken":0,"relics_obtained":["Vajra"],"max_hp_gain":0,"max_hp_loss":0,"event_name":"Dead Adventurer","floor":8,"gold_loss":0}],"is_beta":false,"boss_relics":[],"items_purged_floors":[4],"is_endless":false,"potions_floor_spawned":[1,7,10,14],"killed_by":"Hexaghost","ascension_level":20}