{"gold_per_floor":[117,117,132,132,152,152,179,179,179,205,205,239,258,5,5,78,78,94,94,119,131,141,167,183,183,183,212,30,56,56,82,82,159,159,173,135,155,165,13,41,60,95,95,120,135,160,160,260,260,260,260,260,260,38,64,64],"floor_reached":57,"playtime":3219,"items_purged":["Pommel Strike"],"score":3897,"play_id":"3f9585b7-2b84-4f8d-a7b4-e5a818cb2ad1","local_time":"20190104122448","daily_mods":["SealedDeck","DeadlyEvents","Elite Swarm"],"is_ascension_mode":true,"campfire_choices":[{"data":"Armaments","floor":6.0,"key":"SMITH"},{"data":"Disarm","floor":8.0,"key":"SMITH"},{"data":"Corruption","floor":15.0,"key":"SMITH"},{"floor":25,"key":"REST"},{"floor":30,"key":"RECALL"},{"data":"Spot Weakness","floor":32,"key":"SMITH"},{"data":"Havoc","floor":47,"key":"SMITH"},{"data":"Second Wind","floor":49,"key":"SMITH"},{"data":"Flame Barrier","floor":53,"key":"SMITH"}],"neow_cost":"","seed_source_timestamp":0,"circlet_count":0,"master_deck":["AscendersBane","Iron Wave+1","Heavy Blade+1","Body Slam+1","Flame Barrier+1","Spot Weakness+1","Disarm+1","Havoc+1","Second Wind+1","Shrug It Off","Armaments+1","Fiend Fire+1","Impervious+1","Limit Break+1","Corruption+1","Impervious+1","Entrench+1","Exhume+1","Exhume+1","Shrug It Off+1","Impervious+1","Corruption+1","Havoc+1","Juggernaut+1","Exhume+1","Barricade+1","Seeing Red+1","Armaments+1","Feel No Pain+1","Feel No Pain+1","Offering+1","Barricade+1","Warcry+1","Offering+1","Intimidate+1","Evolve+1","Entrench+1","Impervious+1"],"special_seed":0,"relics":["Burning Blood","Pear","Toxic Egg 2","Kunai","Anchor","Membership Card","Sozu","Paper Frog","Dead Branch","Molten Egg 2","Omamori","Frozen Egg 2","Pen Nib","Nunchaku","Snecko Eye","Medical Kit","Whetstone","Smiling Mask","Bottled Tornado","Champion Belt","Ginger","Mummified Hand","Art of War"],"potions_floor_usage":[],"damage_taken":[{"damage":2.0,"enemies":"Jaw Worm","floor":1.0,"turns":4.0},{"damage":0.0,"enemies":"Small Slimes","floor":3.0,"turns":3.0},{"damage":0.0,"enemies":"2 Louse","floor":5.0,"turns":2.0},{"damage":22.0,"enemies":"Gremlin Nob","floor":7.0,"turns":4.0},{"damage":15.0,"enemies":"3 Sentries","floor":10.0,"turns":6.0},{"damage":0.0,"enemies":"Lagavulin","floor":12.0,"turns":7.0},{"damage":0.0,"enemies":"Large Slime","floor":13.0,"turns":5.0},{"damage":4,"enemies":"The Guardian","floor":16,"turns":9},{"damage":0,"enemies":"3 Byrds","floor":18,"turns":4},{"damage":0,"enemies":"Book of Stabbing","floor":20,"turns":4},{"damage":0,"enemies":"2 Thieves","floor":21,"turns":4},{"damage":18,"enemies":"Chosen and Byrds","floor":22,"turns":5},{"damage":28,"enemies":"Slavers","floor":23,"turns":7},{"damage":18,"enemies":"Cultist and Chosen","floor":24,"turns":5},{"damage":0,"enemies":"Gremlin Leader","floor":27,"turns":3},{"damage":2,"enemies":"Book of Stabbing","floor":29,"turns":3},{"damage":6,"enemies":"Slavers","floor":31,"turns":5},{"damage":4,"enemies":"Collector","floor":33,"turns":4},{"damage":25,"enemies":"3 Darklings","floor":35,"turns":5},{"damage":0,"enemies":"Orb Walker","floor":37,"turns":2},{"damage":12,"enemies":"Transient","floor":38,"turns":5},{"damage":0,"enemies":"Giant Head","floor":40,"turns":2},{"damage":0,"enemies":"Sphere and 2 Shapes","floor":41,"turns":3},{"damage":0,"enemies":"Nemesis","floor":42,"turns":3},{"damage":0,"enemies":"Reptomancer","floor":44,"turns":3},{"damage":0,"enemies":"Jaw Worm Horde","floor":45,"turns":3},{"damage":6,"enemies":"Giant Head","floor":46,"turns":2},{"damage":6,"enemies":"Mind Bloom Boss Battle","floor":48,"turns":4},{"damage":15,"enemies":"Awakened One","floor":50,"turns":4},{"damage":12,"enemies":"Donu and Deca","floor":51,"turns":4},{"damage":6,"enemies":"Shield and Spear","floor":55,"turns":2},{"damage":0,"enemies":"The Heart","floor":56,"turns":6}],"seed_played":"899793681915615474","potions_obtained":[{"floor":1.0,"key":"Dexterity Potion"},{"floor":5.0,"key":"Energy Potion"},{"floor":10.0,"key":"BloodPotion"}],"is_trial":true,"path_per_floor":["M","$","M","?","M","R","E","R","T","E","?","E","M","$","R","B",null,"M","?","E","M","M","E","M","R","T","E","$","E","R","E","R","B",null,"M","$","M","M","$","E","M","E","T","E","M","E","R","?","R","B","B",null,"R","$","E","B",null],"character_chosen":"IRONCLAD","items_purchased":["Membership Card","Corruption","Frozen Egg 2","Corruption+1","Havoc+1","Feel No Pain+1","Medical Kit","Mummified Hand","Evolve+1","Entrench+1"],"campfire_rested":1,"item_purchase_floors":[14,14,28,28,28,39,39,54,54,54],"current_hp_per_floor":[72,72,75,52,58,58,52,52,52,43,48,54,60,60,60,62,83,89,89,90,90,78,56,44,71,71,77,77,81,81,81,81,83,88,69,69,75,69,69,75,81,87,87,90,90,90,90,90,90,81,75,86,86,86,86,90],"gold":64,"neow_bonus":"","is_prod":false,"is_daily":false,"chose_seed":true,"campfire_upgraded":7,"win_rate":0,"timestamp":1546633488,"path_taken":["M","$","M","?","M","R","E","R","T","E","?","E","?","$","R","BOSS","M","?","?","M","M","E","M","R","T","E","$","E","R","E","R","BOSS","M","$","M","M","$","E","M","E","T","E","M","E","R","?","R","BOSS","BOSS","R","$","E","BOSS"],"build_version":"2019-01-03v3","purchased_purges":1,"victory":true,"max_hp_per_floor":[75,75,75,75,75,75,85,85,85,85,90,90,90,90,90,90,90,90,90,90,90,90,90,90,90,90,90,90,90,90,90,90,90,90,90,90,90,90,90,90,90,90,90,90,90,90,90,90,90,90,90,90,90,90,90,90],"card_choices":[{"not_picked":["Evolve","Anger"],"picked":"Armaments","floor":1.0},{"not_picked":["Wild Strike","Iron Wave","Sentinel"],"picked":"SKIP","floor":3.0},{"not_picked":["Body Slam","Sever Soul","Warcry"],"picked":"SKIP","floor":5.0},{"not_picked":["Feed","Reaper"],"picked":"Fiend Fire","floor":7.0},{"not_picked":["Brutality","Offering+1"],"picked":"Impervious+1","floor":10.0},{"not_picked":["Offering+1","Brutality"],"picked":"Limit Break+1","floor":12.0},{"not_picked":["Bloodletting+1","Body Slam","Reckless Charge"],"picked":"SKIP","floor":13.0},{"not_picked":["Double Tap+1","Bludgeon"],"picked":"Impervious+1","floor":16},{"not_picked":["Ghostly Armor+1","Bloodletting+1"],"picked":"Entrench+1","floor":18},{"not_picked":["Feed","Limit Break+1"],"picked":"Exhume+1","floor":20},{"not_picked":["Metallicize","Havoc+1","Combust"],"picked":"SKIP","floor":21},{"not_picked":["Clothesline","Headbutt","Corruption"],"picked":"SKIP","floor":22},{"not_picked":["Demon Form","Feed"],"picked":"Exhume+1","floor":23},{"not_picked":["Inflame","Anger+1"],"picked":"Shrug It Off+1","floor":24},{"not_picked":["Demon Form","Brutality"],"picked":"Impervious+1","floor":27},{"not_picked":["Berserk+1","Brutality+1"],"picked":"Juggernaut+1","floor":29},{"not_picked":["Impervious+1","Demon Form+1"],"picked":"Exhume+1","floor":31},{"not_picked":["Feed+1","Bludgeon+1"],"picked":"Barricade+1","floor":33},{"not_picked":["Reckless Charge+1","Clothesline+1"],"picked":"Seeing Red+1","floor":35},{"not_picked":["Heavy Blade+1","Thunderclap+1"],"picked":"Armaments+1","floor":37},{"not_picked":["Sword Boomerang+1","Headbutt+1"],"picked":"Feel No Pain+1","floor":38},{"not_picked":["Juggernaut+1","Demon Form+1"],"picked":"Offering+1","floor":40},{"not_picked":["Sword Boomerang+1","Clothesline+1","Pommel Strike+1"],"picked":"SKIP","floor":41},{"not_picked":["Brutality+1","Juggernaut+1","Double Tap+1"],"picked":"SKIP","floor":42},{"not_picked":["Immolate+1","Berserk+1"],"picked":"Barricade+1","floor":44},{"not_picked":["Wild Strike+1","Armaments+1"],"picked":"Warcry+1","floor":45},{"not_picked":["Barricade+1","Limit Break+1"],"picked":"Offering+1","floor":46},{"not_picked":["Corruption+1","Pummel+1"],"picked":"Intimidate+1","floor":48},{"not_picked":["Feed+1","Demon Form+1"],"picked":"Impervious+1","floor":55}],"player_experience":1948418,"relics_obtained":[{"floor":7.0,"key":"Pear"},{"floor":9.0,"key":"Toxic Egg 2"},{"floor":10.0,"key":"Kunai"},{"floor":12.0,"key":"Anchor"},{"floor":20,"key":"Paper Frog"},{"floor":23,"key":"Dead Branch"},{"floor":26,"key":"Molten Egg 2"},{"floor":27,"key":"Omamori"},{"floor":29,"key":"Pen Nib"},{"floor":31,"key":"Nunchaku"},{"floor":40,"key":"Whetstone"},{"floor":42,"key":"Smiling Mask"},{"floor":44,"key":"Bottled Tornado"},{"floor":46,"key":"Champion Belt"},{"floor":48,"key":"Ginger"},{"floor":55,"key":"Art of War"}],"event_choices":[{"damage_healed":0.0,"max_hp_gain":0.0,"max_hp_loss":0.0,"gold_gain":0.0,"event_name":"Shining Light","player_choice":"Entered Light","floor":4.0,"gold_loss":0.0,"damage_taken":23.0,"cards_upgraded":["Iron Wave","Body Slam"]},{"damage_healed":0.0,"max_hp_gain":5.0,"max_hp_loss":0.0,"gold_gain":0.0,"event_name":"Big Fish","player_choice":"Donut","floor":11.0,"gold_loss":0.0,"damage_taken":0.0},{"damage_healed":0,"gold_gain":0,"player_choice":"Ignored","damage_taken":0,"max_hp_gain":0,"max_hp_loss":0,"event_name":"Transmorgrifier","floor":19,"gold_loss":0},{"damage_healed":0,"gold_gain":0,"player_choice":"Fight","damage_taken":0,"max_hp_gain":0,"max_hp_loss":0,"event_name":"MindBloom","floor":48,"gold_loss":0}],"is_beta":false,"boss_relics":[{"not_picked":["Runic Cube","Eternal Feather"],"picked":"Sozu"},{"not_picked":["Velvet Choker","Tiny House"],"picked":"Snecko Eye"}],"items_purged_floors":[36],"is_endless":false,"potions_floor_spawned":[1,5,10,18,24,33,37,41,44,45,46],"ascension_level":20}