{"gold_per_floor":[359,89,100,113,133,133,133,147,172,187,187,203,229,229,229,229],"floor_reached":16,"playtime":1122,"items_purged":["Strike_R"],"score":104,"play_id":"0fa9ec44-da54-4bc4-9e0e-c2e8f1e55121","local_time":"20190503234713","is_ascension_mode":false,"campfire_choices":[{"data":"Body Slam","floor":7,"key":"SMITH"},{"data":"Shrug It Off","floor":11,"key":"SMITH"},{"data":"Power Through","floor":15,"key":"SMITH"}],"neow_cost":"PERCENT_DAMAGE","seed_source_timestamp":1227388303634568,"circlet_count":0,"master_deck":["Strike_R","Strike_R","Strike_R","Strike_R","Defend_R","Defend_R","Defend_R","Defend_R","Bash","Ghostly Armor","Body Slam+1","Shrug It Off+1","Power Through","Power Through+1"],"relics":["Burning Blood","Membership Card","Blood Vial","Pen Nib","Omamori"],"potions_floor_usage":[16,16,16],"damage_taken":[{"damage":7,"enemies":"Cultist","floor":1,"turns":6},{"damage":0,"enemies":"2 Louse","floor":3,"turns":3},{"damage":0,"enemies":"Small Slimes","floor":4,"turns":3},{"damage":7,"enemies":"2 Fungi Beasts","floor":5,"turns":6},{"damage":7,"enemies":"Blue Slaver","floor":8,"turns":4},{"damage":22,"enemies":"Exordium Thugs","floor":10,"turns":8},{"damage":0,"enemies":"2 Fungi Beasts","floor":12,"turns":3},{"damage":30,"enemies":"3 Sentries","floor":13,"turns":9},{"damage":81,"enemies":"Slime Boss","floor":16,"turns":22}],"seed_played":"2231156360429129016","potions_obtained":[{"floor":1,"key":"Fire Potion"},{"floor":10,"key":"Ancient Potion"},{"floor":13,"key":"SkillPotion"}],"is_trial":false,"path_per_floor":["M","$","M","M","M","?","R","M","T","M","R","M","E","?","R","B"],"character_chosen":"IRONCLAD","items_purchased":["Membership Card"],"campfire_rested":0,"item_purchase_floors":[2],"current_hp_per_floor":[55,55,61,67,66,59,59,60,60,46,46,54,32,80,80,0],"gold":229,"neow_bonus":"TWO_FIFTY_GOLD","is_prod":false,"is_daily":false,"chose_seed":false,"campfire_upgraded":3,"win_rate":0.0,"timestamp":1556920033,"path_taken":["M","$","M","?","M","?","R","M","T","M","R","M","E","?","R","BOSS"],"build_version":"2019-01-23","purchased_purges":1,"victory":false,"max_hp_per_floor":[80,80,80,80,80,80,80,80,80,80,80,80,80,80,80,80],"card_choices":[{"not_picked":["Feel No Pain","Perfected Strike"],"picked":"Ghostly Armor","floor":1},{"not_picked":["Heavy Blade","Iron Wave","Twin Strike"],"picked":"SKIP","floor":3},{"not_picked":["Clothesline","Thunderclap","Anger"],"picked":"SKIP","floor":4},{"not_picked":["Thunderclap","Twin Strike"],"picked":"Body Slam","floor":5},{"not_picked":["Double Tap","Sword Boomerang","Heavy Blade"],"picked":"SKIP","floor":8},{"not_picked":["Anger","Disarm"],"picked":"Shrug It Off","floor":10},{"not_picked":["Pummel","Blood for Blood"],"picked":"Power Through","floor":12},{"not_picked":["Perfected Strike","Corruption"],"picked":"Power Through","floor":13}],"player_experience":33428,"relics_obtained":[{"floor":9,"key":"Pen Nib"},{"floor":13,"key":"Omamori"}],"event_choices":[{"damage_healed":0,"gold_gain":0,"player_choice":"Success","damage_taken":7,"relics_obtained":["Blood Vial"],"max_hp_gain":0,"max_hp_loss":0,"event_name":"Scrap Ooze","floor":6,"gold_loss":0},{"damage_healed":48,"gold_gain":0,"player_choice":"Full Heal","damage_taken":0,"max_hp_gain":0,"max_hp_loss":0,"event_name":"Wheel of Change","floor":14,"gold_loss":0}],"is_beta":false,"boss_relics":[],"items_purged_floors":[2],"is_endless":false,"potions_floor_spawned":[1,10,13],"killed_by":"Slime Boss","ascension_level":0}