{"gold_per_floor":[116,132,132,17,30,57,57,90,136,136,166,182,199,233,233,330,330,349,349,368,382,382,407,425,443,443,457,477,477],"floor_reached":29,"playtime":1282,"items_purged":["Strike_R"],"score":307,"play_id":"08b665ee-2d4a-45c7-b2f9-f91810c948e8","local_time":"20190326222943","is_ascension_mode":true,"campfire_choices":[{"data":"Inflame","floor":7,"key":"SMITH"},{"floor":10,"key":"REST"},{"floor":15,"key":"REST"}],"neow_cost":"NONE","seed_source_timestamp":1000233058321900,"circlet_count":0,"master_deck":["Strike_R","Strike_R","Strike_R","Strike_R","Defend_R","Defend_R","Defend_R","Defend_R","Bash","Inflame+1","Whirlwind","Twin Strike","Bloodletting","Offering","Heavy Blade","Bludgeon","Cleave+1","Writhe","Twin Strike+1"],"relics":["Burning Blood","Blue Candle","Bronze Scales","Bottled Tornado","Oddly Smooth Stone","Dodecahedron","Happy Flower","Coffee Dripper","MutagenicStrength","Prayer Wheel","Self Forming Clay"],"potions_floor_usage":[5,8,12,13,14,18,23,23,27],"damage_taken":[{"damage":9,"enemies":"Small Slimes","floor":1,"turns":5},{"damage":13,"enemies":"Jaw Worm","floor":2,"turns":5},{"damage":7,"enemies":"2 Louse","floor":5,"turns":2},{"damage":43,"enemies":"3 Sentries","floor":6,"turns":8},{"damage":34,"enemies":"Lagavulin","floor":8,"turns":4},{"damage":18,"enemies":"3 Sentries","floor":11,"turns":5},{"damage":5,"enemies":"Looter","floor":12,"turns":3},{"damage":2,"enemies":"Red Slaver","floor":13,"turns":2},{"damage":15,"enemies":"Gremlin Nob","floor":14,"turns":3},{"damage":37,"enemies":"Hexaghost","floor":16,"turns":8},{"damage":10,"enemies":"Shell Parasite","floor":18,"turns":2},{"damage":24,"enemies":"2 Thieves","floor":20,"turns":2},{"damage":5,"enemies":"Centurion and Healer","floor":21,"turns":3},{"damage":19,"enemies":"Book of Stabbing","floor":23,"turns":2},{"damage":6,"enemies":"3 Cultists","floor":24,"turns":1},{"damage":27,"enemies":"Cultist and Chosen","floor":25,"turns":4},{"damage":12,"enemies":"Snecko","floor":27,"turns":3},{"damage":14,"enemies":"Centurion and Healer","floor":28,"turns":2},{"damage":21,"enemies":"Gremlin Leader","floor":29,"turns":2}],"seed_played":"1700783662403633809","potions_obtained":[{"floor":2,"key":"Strength Potion"},{"floor":6,"key":"SteroidPotion"},{"floor":11,"key":"BloodPotion"},{"floor":12,"key":"AttackPotion"},{"floor":13,"key":"Swift Potion"},{"floor":16,"key":"AttackPotion"},{"floor":18,"key":"SkillPotion"},{"floor":21,"key":"Fire Potion"},{"floor":25,"key":"PowerPotion"}],"is_trial":false,"path_per_floor":["M","M","?","$","M","E","R","E","T","R","E","M","M","E","R","B",null,"M","?","M","M","?","E","M","M","T","M","M","E"],"character_chosen":"IRONCLAD","items_purchased":["Whirlwind"],"campfire_rested":2,"item_purchase_floors":[4],"current_hp_per_floor":[85,78,75,75,74,37,37,9,9,35,23,32,36,27,53,22,88,84,84,66,67,67,54,54,33,33,27,19,0],"gold":477,"neow_bonus":"TEN_PERCENT_HP_BONUS","is_prod":false,"is_daily":false,"chose_seed":false,"campfire_upgraded":1,"win_rate":0,"timestamp":1553632183,"path_taken":["M","M","?","$","M","E","R","E","T","R","E","M","M","E","R","BOSS","M","?","M","M","?","E","M","M","T","M","M","E"],"build_version":"2019-01-23","purchased_purges":1,"victory":false,"max_hp_per_floor":[88,88,88,88,88,88,88,88,88,88,88,88,88,88,88,88,88,88,88,88,88,88,88,88,88,88,88,88,88],"card_choices":[{"not_picked":["Clash","Clothesline"],"picked":"Inflame","floor":1},{"not_picked":["Searing Blow","Pommel Strike","Flame Barrier"],"picked":"SKIP","floor":2},{"not_picked":["Seeing Red","Disarm"],"picked":"Twin Strike","floor":5},{"not_picked":["Disarm","Sword Boomerang"],"picked":"Bloodletting","floor":6},{"not_picked":["Blood for Blood","Flame Barrier"],"picked":"Offering","floor":8},{"not_picked":["Power Through","Flame Barrier","Shockwave"],"picked":"SKIP","floor":11},{"not_picked":["Wild Strike","Sword Boomerang"],"picked":"Heavy Blade","floor":12},{"not_picked":["Havoc","Pommel Strike","Body Slam"],"picked":"SKIP","floor":13},{"not_picked":["Hemokinesis","Fiend Fire","Fire Breathing"],"picked":"SKIP","floor":14},{"not_picked":["Immolate","Brutality"],"picked":"Bludgeon","floor":16},{"not_picked":["Dual Wield+1","Dropkick"],"picked":"Cleave+1","floor":18},{"not_picked":["Intimidate","Metallicize","Perfected Strike"],"picked":"SKIP","floor":20},{"not_picked":["Armaments","Hemokinesis","Sentinel+1"],"picked":"SKIP","floor":21},{"not_picked":["Clothesline","Shrug It Off","Bloodletting"],"picked":"SKIP","floor":23},{"not_picked":["Wild Strike","Heavy Blade","True Grit"],"picked":"SKIP","floor":24},{"not_picked":["Anger","Blood for Blood","Iron Wave"],"picked":"SKIP","floor":24},{"not_picked":["Anger","Blood for Blood"],"picked":"Twin Strike+1","floor":25},{"not_picked":["Iron Wave+1","Warcry","Sword Boomerang"],"picked":"SKIP","floor":25},{"not_picked":["Perfected Strike+1","Power Through","Bludgeon"],"picked":"SKIP","floor":27},{"not_picked":["Body Slam","Uppercut","Ghostly Armor"],"picked":"SKIP","floor":27},{"not_picked":["Twin Strike+1","Armaments","Shrug It Off"],"picked":"SKIP","floor":28},{"not_picked":["Havoc","Heavy Blade","Pommel Strike+1"],"picked":"SKIP","floor":28}],"player_experience":110873,"relics_obtained":[{"floor":6,"key":"Bronze Scales"},{"floor":8,"key":"Bottled Tornado"},{"floor":9,"key":"Oddly Smooth Stone"},{"floor":11,"key":"Dodecahedron"},{"floor":14,"key":"Happy Flower"},{"floor":23,"key":"Self Forming Clay"}],"event_choices":[{"damage_healed":0,"gold_gain":0,"player_choice":"Success","damage_taken":3,"relics_obtained":["Blue Candle"],"max_hp_gain":0,"max_hp_loss":0,"event_name":"Scrap Ooze","floor":3,"gold_loss":0},{"damage_healed":0,"gold_gain":0,"player_choice":"Inject Mutagens","damage_taken":0,"relics_obtained":["MutagenicStrength"],"max_hp_gain":0,"max_hp_loss":0,"event_name":"Drug Dealer","floor":19,"gold_loss":0},{"damage_healed":0,"gold_gain":0,"player_choice":"Opened","damage_taken":0,"relics_obtained":["Prayer Wheel"],"max_hp_gain":0,"max_hp_loss":0,"event_name":"The Mausoleum","floor":22,"gold_loss":0,"cards_obtained":["Writhe"]}],"is_beta":false,"boss_relics":[{"not_picked":["Sozu","Runic Dome"],"picked":"Coffee Dripper"}],"items_purged_floors":[4],"is_endless":false,"potions_floor_spawned":[2,6,11,12,13,16,18,21,25],"killed_by":"Gremlin Leader","ascension_level":2}