{"gold_per_floor":[144,201,87,120,69,147,147,252,552,477,477,552,612,624],"floor_reached":14,"playtime":267,"items_purged":[],"score":366,"play_id":"d14b06d0-d50b-4355-ac5f-a95590b9fea9","local_time":"20190101233511","daily_mods":["DeadlyEvents","Binary","Cursed Run","Elite Swarm","Lethality","Midas","Night Terrors","Terminal","Uncertain Future","Binary"],"is_ascension_mode":true,"campfire_choices":[{"data":"1","floor":7.0,"key":"LIFT"}],"neow_cost":"","seed_source_timestamp":0,"circlet_count":0,"master_deck":["AscendersBane","Defend_G","Defend_G","Defend_G","Defend_G","Defend_G","Strike_G","Strike_G","Strike_G","Strike_G","Strike_G","Survivor","Neutralize","Blade Dance","Blade Dance"],"special_seed":0,"relics":["Cursed Key","Darkstone Periapt","Du-Vu Doll","Busted Crown","Girya","Pocketwatch","Old Coin","MawBank"],"potions_floor_usage":[],"damage_taken":[{"damage":0.0,"enemies":"Cultist","floor":1.0,"turns":3.0},{"damage":0.0,"enemies":"2 Louse","floor":2.0,"turns":2.0},{"damage":0.0,"enemies":"Small Slimes","floor":4.0,"turns":2.0},{"damage":0.0,"enemies":"Gremlin Nob","floor":6.0,"turns":3.0},{"damage":0.0,"enemies":"Lagavulin","floor":8.0,"turns":4.0},{"damage":0.0,"enemies":"Gremlin Nob","floor":12.0,"turns":3.0},{"damage":0.0,"enemies":"3 Louse","floor":13.0,"turns":2.0},{"damage":2,"enemies":"Red Slaver","floor":14,"turns":1}],"seed_played":"8570344749235799767","potions_obtained":[{"floor":1.0,"key":"Poison Potion"},{"floor":2.0,"key":"EntropicBrew"},{"floor":13.0,"key":"Regen Potion"}],"is_trial":true,"path_per_floor":["M","M","$","M","$","E","R","E","T","?","?","E","M"],"character_chosen":"THE_SILENT","items_purchased":["Blade Dance","SteroidPotion","Blade Dance"],"campfire_rested":0,"item_purchase_floors":[3,3,5],"current_hp_per_floor":[1,1,1,1,1,1,1,1,6,5,4,3,2,0],"gold":624,"neow_bonus":"","is_prod":false,"is_daily":false,"chose_seed":false,"campfire_upgraded":0,"win_rate":0,"timestamp":1546356911,"path_taken":["M","M","?","M","$","E","R","E","T","?","?","E","M","M"],"build_version":"2018-12-25","purchased_purges":0,"victory":false,"max_hp_per_floor":[1,1,1,1,1,1,1,1,6,5,4,3,2,2],"card_choices":[],"player_experience":1223770,"relics_obtained":[{"floor":6.0,"key":"Girya"},{"floor":8.0,"key":"Pocketwatch"},{"floor":9.0,"key":"Old Coin"},{"floor":12.0,"key":"MawBank"}],"event_choices":[{"cards_removed":["Shame"],"damage_healed":0.0,"max_hp_gain":0.0,"max_hp_loss":0.0,"gold_gain":0.0,"event_name":"The Cleric","player_choice":"Card Removal","floor":10.0,"gold_loss":75.0,"damage_taken":0.0},{"damage_healed":0.0,"max_hp_gain":0.0,"max_hp_loss":0.0,"gold_gain":0.0,"event_name":"Scrap Ooze","player_choice":"Fled","floor":11.0,"gold_loss":0.0,"damage_taken":0.0}],"is_beta":true,"boss_relics":[],"items_purged_floors":[],"is_endless":false,"potions_floor_spawned":[1,2,13],"killed_by":"Red Slaver","ascension_level":20}