{"gold_per_floor":[111,127,142,157,157,157,187,187,212,212,223,253,253,253,253,328,328,339,357,369,369,384,384,417,205,205,205,222,238,238],"floor_reached":30,"playtime":957,"items_purged":["Strike_R"],"score":624,"play_id":"3a2bbabf-85ce-4df6-88ae-99f8adac2b5f","local_time":"20181227160017","is_ascension_mode":true,"campfire_choices":[{"data":"Hemokinesis","floor":6.0,"key":"SMITH"},{"data":"Combust","floor":10.0,"key":"SMITH"},{"floor":13.0,"key":"REST"},{"data":"Heavy Blade","floor":15.0,"key":"SMITH"},{"floor":23.0,"key":"REST"},{"floor":27.0,"key":"REST"}],"neow_cost":"NONE","seed_source_timestamp":4666592423111,"circlet_count":0,"master_deck":["AscendersBane","Strike_R","Strike_R","Strike_R","Defend_R","Defend_R","Defend_R","Defend_R","Bash","Combust+1","Hemokinesis+1","Flex","Shrug It Off","Offering","Rupture","Heavy Blade+1","Feed","Dual Wield+1","Sword Boomerang","Shockwave","Limit Break"],"special_seed":0,"relics":["Burning Blood","Bronze Scales","PreservedInsect","Boot","Velvet Choker","Darkstone Periapt","Anchor"],"potions_floor_usage":[29,30],"damage_taken":[{"damage":2.0,"enemies":"Cultist","floor":1.0,"turns":4.0},{"damage":15.0,"enemies":"Small Slimes","floor":2.0,"turns":4.0},{"damage":3.0,"enemies":"2 Louse","floor":3.0,"turns":2.0},{"damage":15.0,"enemies":"Looter","floor":4.0,"turns":3.0},{"damage":40.0,"enemies":"Gremlin Nob","floor":7.0,"turns":4.0},{"damage":6.0,"enemies":"Gremlin Gang","floor":11.0,"turns":3.0},{"damage":21.0,"enemies":"Lagavulin","floor":12.0,"turns":5.0},{"damage":13.0,"enemies":"Slime Boss","floor":16.0,"turns":3.0},{"damage":34.0,"enemies":"Shell Parasite","floor":18.0,"turns":4.0},{"damage":11.0,"enemies":"Chosen","floor":19.0,"turns":2.0},{"damage":32.0,"enemies":"Centurion and Healer","floor":20.0,"turns":4.0},{"damage":0.0,"enemies":"Snake Plant","floor":22.0,"turns":1.0},{"damage":49.0,"enemies":"Slavers","floor":24.0,"turns":4.0},{"damage":9.0,"enemies":"Sentry and Sphere","floor":28.0,"turns":3.0},{"damage":28,"enemies":"Snecko","floor":29,"turns":3},{"damage":17,"enemies":"Centurion and Healer","floor":30,"turns":2}],"seed_played":"3958253619064192421","potions_obtained":[{"floor":4.0,"key":"PowerPotion"},{"floor":7.0,"key":"PowerPotion"},{"floor":12.0,"key":"GamblersBrew"},{"floor":16.0,"key":"Energy Potion"},{"floor":20.0,"key":"AttackPotion"},{"floor":21.0,"key":"SteroidPotion"},{"floor":24.0,"key":"SkillPotion"},{"floor":29,"key":"Strength Potion"}],"is_trial":false,"path_per_floor":["M","M","M","M","?","R","?","T","R","M","E","R","?","R","B",null,"M","M","M","?","R","E","$","T","R","M","M"],"character_chosen":"IRONCLAD","items_purchased":["Shockwave","Strength Potion"],"campfire_rested":3,"item_purchase_floors":[25,25],"current_hp_per_floor":[79,70,73,64,64,64,30,30,30,30,30,15,39,27,27,20,67,42,37,14,14,23,50,7,7,7,34,34,12,0],"gold":238,"neow_bonus":"TEN_PERCENT_HP_BONUS","is_prod":false,"is_daily":false,"chose_seed":false,"campfire_upgraded":3,"win_rate":0,"timestamp":1545897617,"path_taken":["M","M","?","M","?","R","E","?","T","R","M","E","R","?","R","BOSS","M","M","?","?","?","R","E","$","T","R","M","M","M"],"build_version":"2018-12-25","purchased_purges":1,"victory":false,"max_hp_per_floor":[82,82,82,82,82,82,82,82,82,82,82,82,82,82,82,82,82,85,85,88,88,91,91,91,91,91,91,94,94,94],"card_choices":[{"not_picked":["Body Slam","Iron Wave","Combust"],"picked":"SKIP","floor":1.0},{"not_picked":["Body Slam","Iron Wave"],"picked":"Combust","floor":1.0},{"not_picked":["Heavy Blade","Intimidate"],"picked":"Hemokinesis","floor":2.0},{"not_picked":["Thunderclap","Heavy Blade"],"picked":"Flex","floor":3.0},{"not_picked":["Flex","Dual Wield","Warcry"],"picked":"SKIP","floor":4.0},{"not_picked":["True Grit","Bloodletting"],"picked":"Shrug It Off","floor":7.0},{"not_picked":["Carnage","Warcry"],"picked":"Rupture","floor":11.0},{"not_picked":["Havoc","Clash"],"picked":"Heavy Blade","floor":12.0},{"not_picked":["Offering","Barricade"],"picked":"Feed","floor":16.0},{"not_picked":["Thunderclap","Body Slam"],"picked":"Dual Wield+1","floor":18.0},{"not_picked":["Havoc","Bloodletting+1","Twin Strike"],"picked":"SKIP","floor":19.0},{"not_picked":["Blood for Blood","Flex","Metallicize"],"picked":"SKIP","floor":20.0},{"not_picked":["Blood for Blood","Flex","Metallicize"],"picked":"SKIP","floor":20.0},{"not_picked":["Blood for Blood","Flex","Metallicize"],"picked":"SKIP","floor":20.0},{"not_picked":["Headbutt","Armaments"],"picked":"Sword Boomerang","floor":22.0},{"not_picked":["Corruption","Heavy Blade","Armaments"],"picked":"SKIP","floor":24.0},{"not_picked":["True Grit","Clothesline"],"picked":"Limit Break","floor":28.0},{"not_picked":["Perfected Strike","Offering","Inflame"],"picked":"SKIP","floor":29}],"player_experience":1187070,"relics_obtained":[{"floor":7.0,"key":"Bronze Scales"},{"floor":9.0,"key":"PreservedInsect"},{"floor":12.0,"key":"Boot"},{"floor":24.0,"key":"Darkstone Periapt"},{"floor":26.0,"key":"Anchor"}],"event_choices":[{"damage_healed":0.0,"max_hp_gain":0.0,"max_hp_loss":0.0,"gold_gain":0.0,"event_name":"Liars Game","player_choice":"Ignored","floor":5.0,"gold_loss":0.0,"damage_taken":0.0},{"damage_healed":0.0,"max_hp_gain":0.0,"max_hp_loss":0.0,"gold_gain":0.0,"cards_transformed":["Strike_R"],"event_name":"Living Wall","player_choice":"Change","floor":8.0,"gold_loss":0.0,"damage_taken":0.0,"cards_obtained":["Offering"]},{"damage_healed":0.0,"max_hp_gain":0.0,"max_hp_loss":0.0,"gold_gain":0.0,"event_name":"Wheel of Change","player_choice":"Damaged","floor":14.0,"gold_loss":0.0,"damage_taken":12.0},{"damage_healed":0.0,"max_hp_gain":0.0,"max_hp_loss":0.0,"gold_gain":0.0,"event_name":"Lab","player_choice":"Got Potions","floor":21.0,"gold_loss":0.0,"damage_taken":0.0}],"is_beta":true,"boss_relics":[{"not_picked":["Astrolabe","Fusion Hammer"],"picked":"Velvet Choker"}],"items_purged_floors":[25],"is_endless":false,"potions_floor_spawned":[4,7,12,16,20,24,29],"killed_by":"Centurion and Healer","ascension_level":20}