{"gold_per_floor":[432,5,124,241,361,361,22,22,139,139],"floor_reached":10,"playtime":722,"items_purged":["Chen:Strike"],"score":358,"play_id":"73a2f3e9-9d7e-48f5-99e8-f4344def5af4","local_time":"25620421152401","daily_mods":["CTS - Silver Difficulty","CTS - Boss Rush","Uncertain Future"],"is_ascension_mode":false,"campfire_choices":[{"floor":8,"key":"REST"}],"neow_cost":"","seed_source_timestamp":0,"circlet_count":0,"master_deck":["Chen:Strike","Chen:Strike","Chen:Strike","Chen:Strike","Chen:Defend","Chen:Defend","Chen:Defend","Chen:Defend","Chen:PounceTurnTail","Chen:GlitterPoke","Chen:RecklessLeap+1","Chen:Knockout+1","Chen:Sweep+1","Chen:Sneak+1","Chen:StudySharpen+1","Chen:Panic+1","Chen:PentagramFlight+1","Chen:Instinct+1","Chen:GuardCounter+1","Chen:Shot+1","Chen:EmergencyEscape+1","Chen:RecklessLeap+1","Chen:Deceitful+1","Chen:Unpredictable+1","Chen:SelfConfidence+1","Chen:Spray+1","Chen:Spray+1","Chen:Impale+1","Chen:Impale+1"],"relics":["Chen:Catnip","The Courier","Molten Egg 2","Toxic Egg 2","Frozen Egg 2","ShirouKen","halation:Sosunser","Bottled Flame","aspiration:Lifesprig","strawberrySpire:Treaders","aspiration:PoetsPen_weak","Vajra","infinitespire:Lucky Rock","aspiration:FetidBarrel"],"potions_floor_usage":[9],"damage_taken":[{"damage":17,"enemies":"Slime Boss","floor":3,"turns":6},{"damage":18,"enemies":"Hexaghost","floor":4,"turns":10},{"damage":6,"enemies":"The Guardian","floor":5,"turns":8},{"damage":17,"enemies":"Champ","floor":9,"turns":11},{"damage":44,"enemies":"Collector","floor":10,"turns":3}],"seed_played":"-3092642812069191358","potions_obtained":[{"floor":5,"key":"SkillPotion"},{"floor":9,"key":"Elixir"}],"is_trial":true,"path_per_floor":["$","$","M","M","M","T","$","R","M","M"],"character_chosen":"CHEN","items_purchased":["Chen:RecklessLeap+1","Chen:Knockout+1","Chen:Sweep+1","Chen:Sneak+1","Chen:StudySharpen+1","Chen:Panic+1","Chen:PentagramFlight+1","Chen:Instinct+1","Chen:GuardCounter+1","Chen:Shot+1","Chen:EmergencyEscape+1","ShirouKen","halation:Sosunser","Chen:RecklessLeap+1","Chen:Spray+1","Chen:Impale+1","Vajra","infinitespire:Lucky Rock"],"campfire_rested":1,"item_purchase_floors":[1,1,1,1,1,1,1,1,1,1,1,2,2,2,7,7,7,7],"current_hp_per_floor":[63,63,46,28,24,24,24,45,34,0],"gold":139,"neow_bonus":"","is_prod":false,"is_daily":false,"chose_seed":false,"campfire_upgraded":0,"win_rate":1,"timestamp":1555835041,"path_taken":["$","$","M","M","M","T","$","R","M","M"],"build_version":"2019-01-23","purchased_purges":1,"victory":false,"max_hp_per_floor":[70,70,70,70,70,70,70,70,70,70],"card_choices":[{"not_picked":["Chen:Adaptability+1","Chen:CatPunch+1"],"picked":"Chen:Deceitful+1","floor":3},{"not_picked":["Chen:Tear+1","Chen:PentagramFlight+1"],"picked":"Chen:Unpredictable+1","floor":4},{"not_picked":["Chen:TauntHiss+1","Chen:PentagramFlight+1"],"picked":"Chen:SelfConfidence+1","floor":5},{"not_picked":["Chen:Frivolous+1","Chen:EmergencyEscape+1"],"picked":"Chen:Impale+1","floor":9}],"player_experience":528610,"relics_obtained":[{"floor":3,"key":"Bottled Flame"},{"floor":4,"key":"aspiration:Lifesprig"},{"floor":5,"key":"strawberrySpire:Treaders"},{"floor":9,"key":"aspiration:FetidBarrel"}],"event_choices":[],"is_beta":false,"boss_relics":[{"not_picked":["halation:PinkAlligatorPlush","Coffee Dripper"],"picked":"aspiration:PoetsPen_weak"}],"items_purged_floors":[1],"is_endless":false,"potions_floor_spawned":[5,9],"killed_by":"Collector","ascension_level":9}