{"gold_per_floor":[117,117,117,117,117,117,132,161,161,187,217,246,246,276,276,348,348,360,376,150,250,250,282,282,311,336,364,364,398,733,762,762,837,837,847,487,487,519,534,567,567,594,594,620,633,195,230,245,245,245,245,245,245,2,29,29],"floor_reached":57,"playtime":3644,"items_purged":["Dagger Spray","Blur"],"score":4292,"play_id":"b5ad3ba0-3097-4296-8c20-773f517c59ae","local_time":"20190116125057","daily_mods":["SealedDeck","DeadlyEvents","Elite Swarm"],"is_ascension_mode":true,"campfire_choices":[{"data":"Cloak And Dagger","floor":6,"key":"SMITH"},{"data":"A Thousand Cuts","floor":13,"key":"SMITH"},{"data":"Burst","floor":15,"key":"SMITH"},{"data":"Malaise","floor":24,"key":"SMITH"},{"data":"After Image","floor":28,"key":"SMITH"},{"data":"Adrenaline","floor":32,"key":"SMITH"},{"data":"Envenom","floor":41,"key":"SMITH"},{"floor":49,"key":"RECALL"},{"data":"Well Laid Plans","floor":53,"key":"SMITH"}],"neow_cost":"","seed_source_timestamp":0,"circlet_count":0,"master_deck":["AscendersBane","Deflect","Dodge and Roll","Backflip","PiercingWail","Dagger Spray","Infinite Blades","Cloak And Dagger+1","Terror+1","Well Laid Plans+1","After Image+1","Burst+1","A Thousand Cuts+1","Malaise+1","Cloak And Dagger+1","Cloak And Dagger+1","Adrenaline","Adrenaline+1","After Image","Backflip","Envenom+1","PiercingWail+1","Leg Sweep","Finisher","Cloak And Dagger+1"],"relics":["Ring of the Snake","Vajra","Lantern","Bag of Preparation","Ornamental Fan","Kunai","Calipers","Du-Vu Doll","Philosopher\u0027s Stone","DollysMirror","WingedGreaves","Mercury Hourglass","Prayer Wheel","Art of War","Bronze Scales","Incense Burner","Blood Vial","Old Coin","Boot","WristBlade","Gremlin Horn","Regal Pillow","Oddly Smooth Stone","Pocketwatch","Singing Bowl","Pantograph","Potion Belt","Happy Flower"],"potions_floor_usage":[12,21,27,33,56,56],"damage_taken":[{"damage":0,"enemies":"2 Louse","floor":1,"turns":2},{"damage":0,"enemies":"Jaw Worm","floor":7,"turns":3},{"damage":7,"enemies":"3 Sentries","floor":8,"turns":4},{"damage":0,"enemies":"Gremlin Nob","floor":10,"turns":3},{"damage":0,"enemies":"Lagavulin","floor":11,"turns":4},{"damage":0,"enemies":"3 Sentries","floor":12,"turns":5},{"damage":0,"enemies":"Lagavulin","floor":14,"turns":4},{"damage":0,"enemies":"Hexaghost","floor":16,"turns":6},{"damage":0,"enemies":"3 Byrds","floor":18,"turns":4},{"damage":2,"enemies":"2 Thieves","floor":19,"turns":2},{"damage":2,"enemies":"Colosseum Slavers","floor":21,"turns":3},{"damage":20,"enemies":"Colosseum Nobs","floor":21,"turns":4},{"damage":0,"enemies":"Slavers","floor":23,"turns":3},{"damage":0,"enemies":"Gremlin Leader","floor":25,"turns":4},{"damage":0,"enemies":"Book of Stabbing","floor":27,"turns":3},{"damage":0,"enemies":"Slavers","floor":29,"turns":2},{"damage":0,"enemies":"Gremlin Leader","floor":30,"turns":4},{"damage":0,"enemies":"Book of Stabbing","floor":31,"turns":3},{"damage":0,"enemies":"Automaton","floor":33,"turns":5},{"damage":0,"enemies":"3 Darklings","floor":35,"turns":2},{"damage":0,"enemies":"Reptomancer","floor":38,"turns":2},{"damage":0,"enemies":"Orb Walker","floor":39,"turns":2},{"damage":0,"enemies":"Nemesis","floor":40,"turns":5},{"damage":0,"enemies":"Reptomancer","floor":42,"turns":3},{"damage":0,"enemies":"Nemesis","floor":44,"turns":5},{"damage":0,"enemies":"Jaw Worm Horde","floor":45,"turns":3},{"damage":0,"enemies":"Giant Head","floor":47,"turns":5},{"damage":0,"enemies":"Sphere and 2 Shapes","floor":48,"turns":2},{"damage":0,"enemies":"Awakened One","floor":50,"turns":9},{"damage":0,"enemies":"Donu and Deca","floor":51,"turns":7},{"damage":45,"enemies":"Shield and Spear","floor":55,"turns":11},{"damage":0,"enemies":"The Heart","floor":56,"turns":8}],"seed_played":"8203637004691418436","potions_obtained":[{"floor":11,"key":"EssenceOfSteel"},{"floor":12,"key":"SkillPotion"},{"floor":16,"key":"Fire Potion"},{"floor":21,"key":"LiquidBronze"},{"floor":27,"key":"PowerPotion"},{"floor":38,"key":"PowerPotion"},{"floor":44,"key":"Energy Potion"}],"is_trial":true,"path_per_floor":["M","?","$","?","T","R","M","E","T","E","E","E","R","E","R","B",null,"M","M","$","?","?","E","R","E","T","E","R","E","E","E","R","B",null,"M","$","?","E","M","E","R","E","T","E","M","$","E","M","R","B","B",null,"R","$","E","B",null],"character_chosen":"THE_SILENT","items_purchased":["DollysMirror","Gremlin Horn","Pantograph","Potion Belt","Regen Potion","Fire Potion"],"campfire_rested":0,"item_purchase_floors":[20,36,46,46,54,54],"current_hp_per_floor":[59,59,59,59,59,59,59,52,52,52,52,52,52,52,52,52,63,63,61,61,39,52,52,52,52,52,52,52,52,54,56,56,58,64,66,66,66,66,66,66,66,66,66,68,68,68,70,72,72,72,72,72,72,72,29,71],"gold":29,"neow_bonus":"","is_prod":false,"is_daily":false,"chose_seed":false,"campfire_upgraded":8,"win_rate":0,"timestamp":1547671857,"path_taken":["M","?","$","?","?","R","M","E","T","?","E","?","R","E","R","BOSS","M","M","$","?","?","E","R","E","T","E","R","E","E","E","R","BOSS","M","$","?","?","M","E","R","E","T","E","M","$","E","M","R","BOSS","BOSS","R","$","E","BOSS"],"build_version":"2019-01-10","purchased_purges":2,"victory":true,"max_hp_per_floor":[66,66,66,66,66,66,66,66,66,66,66,66,66,66,66,66,66,66,66,66,66,66,66,66,66,66,66,66,66,66,66,66,66,66,66,66,66,66,66,66,66,66,66,68,68,68,70,72,72,72,72,72,72,72,74,74],"card_choices":[{"not_picked":["Slice","Underhanded Strike"],"picked":"Terror","floor":1},{"not_picked":["Sucker Punch","Endless Agony"],"picked":"Well Laid Plans","floor":7},{"not_picked":["Doppelganger","Grand Finale"],"picked":"After Image","floor":8},{"not_picked":["Wraith Form v2","Night Terror"],"picked":"Burst","floor":10},{"not_picked":["Glass Knife","Bullet Time","Tools of the Trade"],"picked":"SKIP","floor":11},{"not_picked":["Storm of Steel","Phantasmal Killer"],"picked":"A Thousand Cuts","floor":12},{"not_picked":["Envenom","Grand Finale","A Thousand Cuts"],"picked":"SKIP","floor":14},{"not_picked":["Adrenaline","Storm of Steel"],"picked":"Malaise","floor":16},{"not_picked":["Skewer","Concentrate","Accuracy"],"picked":"SKIP","floor":18},{"not_picked":["Setup","Dagger Throw+1","Sucker Punch"],"picked":"SKIP","floor":19},{"not_picked":["Concentrate","Dodge and Roll"],"picked":"Cloak And Dagger+1","floor":21},{"not_picked":["Bullet Time","Malaise","Glass Knife"],"picked":"SKIP","floor":23},{"not_picked":["A Thousand Cuts","Night Terror"],"picked":"Adrenaline","floor":25},{"not_picked":["Unload","Doppelganger"],"picked":"Adrenaline","floor":27},{"not_picked":["Malaise","Unload","Phantasmal Killer"],"picked":"SKIP","floor":29},{"not_picked":["Corpse Explosion","Wraith Form v2","Phantasmal Killer"],"picked":"SKIP","floor":30},{"not_picked":["After Image","Night Terror","Bullet Time"],"picked":"SKIP","floor":31},{"not_picked":["Night Terror","Malaise"],"picked":"After Image","floor":33},{"not_picked":["Dagger Spray","Footwork"],"picked":"Backflip","floor":35},{"not_picked":["Slice+1","Reflex+1","Eviscerate"],"picked":"SKIP","floor":35},{"not_picked":["Storm of Steel","Tools of the Trade"],"picked":"Envenom","floor":38},{"not_picked":["Quick Slash","Underhanded Strike"],"picked":"PiercingWail+1","floor":39},{"not_picked":["Riddle With Holes","Slice+1","PiercingWail"],"picked":"SKIP","floor":39},{"not_picked":["Grand Finale","Glass Knife","Malaise"],"picked":"SKIP","floor":40},{"not_picked":["Venomology","Burst","Doppelganger"],"picked":"SKIP","floor":42},{"not_picked":["Doppelganger","Wraith Form v2","Envenom"],"picked":"Singing Bowl","floor":44},{"not_picked":["Prepared","Bane"],"picked":"Leg Sweep","floor":45},{"not_picked":["Dagger Throw","Prepared"],"picked":"Finisher","floor":45},{"not_picked":["Malaise","Bullet Time","Venomology"],"picked":"Singing Bowl","floor":47},{"not_picked":["Poisoned Stab","Deadly Poison"],"picked":"Cloak And Dagger+1","floor":48},{"not_picked":["Backflip","Quick Slash","Bane+1"],"picked":"Singing Bowl","floor":48},{"not_picked":["Corpse Explosion","Glass Knife","Grand Finale"],"picked":"Singing Bowl","floor":55}],"player_experience":1989461,"relics_obtained":[{"floor":5,"key":"Vajra"},{"floor":8,"key":"Lantern"},{"floor":9,"key":"Bag of Preparation"},{"floor":10,"key":"Ornamental Fan"},{"floor":11,"key":"Kunai"},{"floor":12,"key":"Calipers"},{"floor":14,"key":"Du-Vu Doll"},{"floor":21,"key":"WingedGreaves"},{"floor":21,"key":"Mercury Hourglass"},{"floor":23,"key":"Prayer Wheel"},{"floor":25,"key":"Art of War"},{"floor":26,"key":"Bronze Scales"},{"floor":27,"key":"Incense Burner"},{"floor":29,"key":"Blood Vial"},{"floor":30,"key":"Old Coin"},{"floor":31,"key":"Boot"},{"floor":38,"key":"Regal Pillow"},{"floor":40,"key":"Oddly Smooth Stone"},{"floor":42,"key":"Pocketwatch"},{"floor":44,"key":"Singing Bowl"},{"floor":55,"key":"Happy Flower"}],"event_choices":[{"damage_healed":0,"gold_gain":0,"player_choice":"Ignored","damage_taken":0,"max_hp_gain":0,"max_hp_loss":0,"event_name":"Golden Wing","floor":2,"gold_loss":0},{"damage_healed":0,"gold_gain":0,"player_choice":"Grow","damage_taken":0,"max_hp_gain":0,"max_hp_loss":0,"event_name":"Living Wall","floor":4,"gold_loss":0,"cards_upgraded":["Terror"]},{"damage_healed":0,"gold_gain":0,"player_choice":"Fight","damage_taken":0,"max_hp_gain":0,"max_hp_loss":0,"event_name":"Colosseum","floor":21,"gold_loss":0},{"damage_healed":0,"gold_gain":0,"player_choice":"Fought Nobs","damage_taken":0,"max_hp_gain":0,"max_hp_loss":0,"event_name":"Colosseum","floor":21,"gold_loss":0},{"damage_healed":13,"gold_gain":0,"player_choice":"Heal","damage_taken":0,"max_hp_gain":0,"max_hp_loss":0,"event_name":"The Library","floor":22,"gold_loss":0},{"cards_removed":["Poisoned Stab"],"damage_healed":0,"gold_gain":0,"player_choice":"Purged","damage_taken":0,"max_hp_gain":0,"max_hp_loss":0,"event_name":"Purifier","floor":37,"gold_loss":0}],"is_beta":false,"boss_relics":[{"not_picked":["Lizard Tail","Calling Bell"],"picked":"Philosopher\u0027s Stone"},{"not_picked":["Velvet Choker","White Beast Statue"],"picked":"WristBlade"}],"items_purged_floors":[36,54],"is_endless":false,"potions_floor_spawned":[11,12,16,21,23,27,29,30,38,39,44,45],"ascension_level":20}