{"gold_per_floor":[211,226,226,236,246,246,246,279,304,315,326,169,188,218,218,294,294,314,314,214,226,28,28,78,78],"floor_reached":25,"playtime":885,"items_purged":["Strike_R","Strike_R","Strike_R"],"score":417,"play_id":"48a26e87-b77c-4746-9c59-2d3e1a41e9aa","local_time":"20190225114624","is_ascension_mode":true,"campfire_choices":[{"data":"Iron Wave","floor":6.0,"key":"SMITH"},{"data":"Whirlwind","floor":15.0,"key":"SMITH"},{"data":"Feel No Pain","floor":23,"key":"SMITH"}],"neow_cost":"NONE","seed_source_timestamp":14795681070918,"circlet_count":0,"master_deck":["AscendersBane","Strike_R","Strike_R","Defend_R","Defend_R","Defend_R","Defend_R","Bash+1","Iron Wave+1","Heavy Blade+1","Shrug It Off","Feel No Pain+1","Impervious","Sword Boomerang","Whirlwind+1","Warcry","Corruption","Demon Form","Pommel Strike","Exhume"],"special_seed":0,"relics":["Burning Blood","Pen Nib","Boot","Blood Vial","Philosopher\u0027s Stone"],"potions_floor_usage":[],"damage_taken":[{"damage":8.0,"enemies":"Small Slimes","floor":1.0,"turns":5.0},{"damage":6.0,"enemies":"Cultist","floor":2.0,"turns":3.0},{"damage":4.0,"enemies":"Jaw Worm","floor":4.0,"turns":3.0},{"damage":13.0,"enemies":"Gremlin Gang","floor":5.0,"turns":7.0},{"damage":46.0,"enemies":"Lagavulin","floor":8.0,"turns":9.0},{"damage":0.0,"enemies":"Exordium Wildlife","floor":10.0,"turns":4.0},{"damage":5.0,"enemies":"2 Fungi Beasts","floor":11.0,"turns":4.0},{"damage":0.0,"enemies":"Blue Slaver","floor":13.0,"turns":5.0},{"damage":8.0,"enemies":"3 Sentries","floor":14.0,"turns":9.0},{"damage":4.0,"enemies":"Slime Boss","floor":16.0,"turns":10.0},{"damage":11,"enemies":"Chosen","floor":18,"turns":3},{"damage":20,"enemies":"Shell Parasite","floor":21,"turns":6},{"damage":54,"enemies":"Book of Stabbing","floor":25,"turns":6}],"seed_played":"-6636326649605102108","potions_obtained":[{"floor":2.0,"key":"SteroidPotion"},{"floor":5.0,"key":"Swift Potion"},{"floor":8.0,"key":"FearPotion"},{"floor":11.0,"key":"EssenceOfSteel"},{"floor":18,"key":"Energy Potion"}],"is_trial":false,"path_per_floor":["M","M","?","M","M","R","?","E","T","M","M","$","M","E","R","B",null,"M","?","$","M","$","R","?","E"],"character_chosen":"IRONCLAD","items_purchased":["Whirlwind","Fire Potion","Exhume"],"campfire_rested":0,"item_purchase_floors":[12,12,22],"current_hp_per_floor":[66,66,66,68,61,61,61,21,21,27,28,28,34,32,32,36,65,62,62,62,50,50,50,50,0],"gold":78,"neow_bonus":"HUNDRED_GOLD","is_prod":false,"is_daily":false,"chose_seed":false,"campfire_upgraded":3,"win_rate":0,"timestamp":1551123984,"path_taken":["M","M","?","?","M","R","?","E","T","?","M","$","M","E","R","BOSS","M","?","$","M","$","R","?","E"],"build_version":"2019-01-23","purchased_purges":3,"victory":false,"max_hp_per_floor":[75,75,75,75,75,75,75,75,75,75,75,75,75,75,75,75,75,75,75,75,75,75,75,75,75],"card_choices":[{"not_picked":["Pummel","Armaments"],"picked":"Iron Wave","floor":1.0},{"not_picked":["Iron Wave","Thunderclap"],"picked":"Heavy Blade","floor":2.0},{"not_picked":["Sever Soul","Disarm"],"picked":"Shrug It Off","floor":4.0},{"not_picked":["Iron Wave","Twin Strike"],"picked":"Feel No Pain","floor":5.0},{"not_picked":["Pommel Strike","Carnage"],"picked":"Impervious","floor":8.0},{"not_picked":["Perfected Strike","Armaments"],"picked":"Sword Boomerang","floor":10.0},{"not_picked":["Searing Blow","Clash","Rampage"],"picked":"SKIP","floor":11.0},{"not_picked":["Dropkick","Rage"],"picked":"Warcry","floor":13.0},{"not_picked":["Intimidate","Fire Breathing"],"picked":"Corruption","floor":14.0},{"not_picked":["Feed","Fiend Fire"],"picked":"Demon Form","floor":16.0},{"not_picked":["Body Slam","Sword Boomerang","Corruption"],"picked":"SKIP","floor":18},{"not_picked":["Sword Boomerang","Corruption"],"picked":"Pommel Strike","floor":21}],"player_experience":2260369,"relics_obtained":[{"floor":8.0,"key":"Pen Nib"},{"floor":9.0,"key":"Boot"},{"floor":14.0,"key":"Blood Vial"}],"event_choices":[{"damage_healed":0.0,"max_hp_gain":0.0,"max_hp_loss":0.0,"gold_gain":0.0,"event_name":"Upgrade Shrine","player_choice":"Upgraded","floor":3.0,"gold_loss":0.0,"damage_taken":0.0,"cards_upgraded":["Bash"]},{"damage_healed":0.0,"max_hp_gain":0.0,"max_hp_loss":0.0,"gold_gain":0.0,"event_name":"Upgrade Shrine","player_choice":"Upgraded","floor":7.0,"gold_loss":0.0,"damage_taken":0.0,"cards_upgraded":["Heavy Blade"]},{"damage_healed":0,"gold_gain":0,"player_choice":"Ignored","damage_taken":0,"max_hp_gain":0,"max_hp_loss":0,"event_name":"The Mausoleum","floor":19,"gold_loss":0},{"damage_healed":0,"gold_gain":50,"player_choice":"Stole From Cult","damage_taken":0,"max_hp_gain":0,"max_hp_loss":0,"event_name":"Nest","floor":24,"gold_loss":0}],"is_beta":false,"boss_relics":[{"not_picked":["Runic Pyramid","Fusion Hammer"],"picked":"Philosopher\u0027s Stone"}],"items_purged_floors":[12,20,22],"is_endless":false,"potions_floor_spawned":[2,5,8,11,13,18],"killed_by":"Book of Stabbing","ascension_level":15}