{"gold_per_floor":[10,26,26,36,36,36,65,65,65,65,65,65,91,106,106,203,203,219,134,154,154,52,52,67,92,92,92,122,72,72,88,88,187,187,205,217,217,20,36,36,53,53,53,0,16,16,36,55,55,55],"floor_reached":51,"playtime":1944,"items_purged":["Strike_R","Strike_R","Strike_R"],"score":939,"play_id":"051bee63-0170-44a5-a1a6-43c4d5b2fddf","local_time":"25611105174938","is_ascension_mode":true,"campfire_choices":[{"data":"Inflame","floor":6,"key":"SMITH"},{"data":"Armaments","floor":8,"key":"SMITH"},{"data":"Seeing Red","floor":10,"key":"SMITH"},{"floor":15,"key":"REST"},{"data":"Shrug It Off","floor":23,"key":"SMITH"},{"floor":27,"key":"REST"},{"data":"Heavy Blade","floor":30,"key":"SMITH"},{"data":"Rage","floor":32,"key":"SMITH"},{"data":"Spot Weakness","floor":40,"key":"SMITH"},{"data":"Immolate","floor":42,"key":"SMITH"},{"floor":49,"key":"REST"}],"neow_cost":"NO_GOLD","seed_source_timestamp":9979425945834,"circlet_count":0,"master_deck":["Strike_R","Strike_R","Defend_R","Defend_R","Defend_R","Bash","Purity","Impatience+1","Clothesline+1","Armaments+1","Inflame+1","Seeing Red+1","Feed","Exhume+1","Twin Strike+1","Heavy Blade+1","Shrug It Off+1","True Grit+1","Uppercut+1","Rage+1","Burning Pact+1","Spot Weakness+1","Power Through+1","Dual Wield+1","Pommel Strike+1","Immolate+1","Writhe","Shrug It Off+1","Corruption+1","Clothesline+1","Warcry+1","Thunderclap+1"],"relics":["Burning Blood","Incense Burner","Pear","Gambling Chip","Mercury Hourglass","Letter Opener","Sozu","Smiling Mask","Prayer Wheel","War Paint","Lantern","Cursed Key","Bag of Marbles","Calipers","Red Mask"],"potions_floor_usage":[7,16,25],"damage_taken":[{"damage":7,"enemies":"Jaw Worm","floor":1,"turns":3},{"damage":10,"enemies":"Small Slimes","floor":2,"turns":4},{"damage":6,"enemies":"Cultist","floor":4,"turns":4},{"damage":17,"enemies":"3 Sentries","floor":7,"turns":7},{"damage":17,"enemies":"Lagavulin","floor":13,"turns":4},{"damage":12,"enemies":"2 Fungi Beasts","floor":14,"turns":3},{"damage":15,"enemies":"Slime Boss","floor":16,"turns":8},{"damage":16,"enemies":"3 Byrds","floor":18,"turns":5},{"damage":4,"enemies":"Shell Parasite","floor":20,"turns":4},{"damage":15,"enemies":"3 Cultists","floor":24,"turns":5},{"damage":18,"enemies":"Slavers","floor":25,"turns":4},{"damage":8,"enemies":"Book of Stabbing","floor":28,"turns":5},{"damage":12,"enemies":"Cultist and Chosen","floor":31,"turns":5},{"damage":80,"enemies":"Champ","floor":33,"turns":12},{"damage":6,"enemies":"3 Shapes","floor":35,"turns":6},{"damage":24,"enemies":"3 Darklings","floor":36,"turns":5},{"damage":0,"enemies":"Spire Growth","floor":39,"turns":4},{"damage":0,"enemies":"4 Shapes","floor":41,"turns":4},{"damage":3,"enemies":"Transient","floor":45,"turns":5},{"damage":0,"enemies":"3 Darklings","floor":47,"turns":2},{"damage":25,"enemies":"Sphere and 2 Shapes","floor":48,"turns":4},{"damage":84,"enemies":"Donu and Deca","floor":50,"turns":8}],"seed_played":"-5242516925812020865","potions_obtained":[{"floor":4,"key":"AttackPotion"},{"floor":14,"key":"GamblersBrew"},{"floor":16,"key":"Explosive Potion"}],"is_trial":false,"path_per_floor":["M","M","?","M","T","R","E","R","T","R","?","?","E","M","R","B",null,"M","?","M","?","$","R","M","E","T","R","E","$","R","M","R","B",null,"M","M","?","$","M","R","M","R","T","?","M","$","M","M","R","B",null],"character_chosen":"IRONCLAD","items_purchased":["Shrug It Off","Bag of Marbles"],"campfire_rested":3,"item_purchase_floors":[22,38],"current_hp_per_floor":[71,67,64,64,74,74,63,63,63,63,68,68,57,54,83,74,92,85,85,91,81,81,81,75,66,66,99,97,97,97,91,91,17,88,88,70,70,70,76,76,85,85,85,85,88,88,94,75,109,31],"gold":55,"neow_bonus":"RANDOM_COLORLESS_2","is_prod":false,"is_daily":false,"chose_seed":false,"campfire_upgraded":8,"win_rate":0,"timestamp":1541414978,"path_taken":["M","M","?","M","?","R","E","R","T","R","?","?","E","M","R","BOSS","M","?","M","?","$","R","M","E","T","R","E","$","R","?","R","BOSS","M","M","?","$","M","R","M","R","T","?","M","$","M","M","R","BOSS"],"build_version":"2018-11-01","purchased_purges":3,"victory":true,"max_hp_per_floor":[80,80,80,80,90,90,90,90,90,90,95,95,95,98,98,98,98,101,101,105,105,105,105,108,111,111,111,111,111,111,111,111,111,111,111,111,111,111,111,111,114,114,114,114,114,114,114,114,114,114],"card_choices":[{"not_picked":["Wild Strike","Havoc"],"picked":"Clothesline","floor":1},{"not_picked":["Perfected Strike","Dual Wield"],"picked":"Armaments","floor":2},{"not_picked":["Twin Strike","Headbutt"],"picked":"Inflame","floor":4},{"not_picked":["Perfected Strike","Cleave"],"picked":"Seeing Red","floor":7},{"not_picked":["Entrench","Corruption"],"picked":"Feed","floor":13},{"not_picked":["Body Slam","Perfected Strike","Sentinel"],"picked":"SKIP","floor":14},{"not_picked":["Feed","Demon Form"],"picked":"Exhume","floor":16},{"not_picked":["Pommel Strike","Evolve+1"],"picked":"Twin Strike+1","floor":18},{"not_picked":["Infernal Blade","Wild Strike"],"picked":"Heavy Blade","floor":20},{"not_picked":["Offering","Clash","Searing Blow"],"picked":"SKIP","floor":24},{"not_picked":["Inflame","Warcry"],"picked":"True Grit+1","floor":25},{"not_picked":["Dark Embrace","Dropkick","Seeing Red"],"picked":"SKIP","floor":28},{"not_picked":["Wild Strike","Rupture"],"picked":"Uppercut+1","floor":31},{"not_picked":["Iron Wave","Metallicize+1"],"picked":"Rage","floor":31},{"not_picked":["Dropkick+1","Headbutt"],"picked":"Burning Pact+1","floor":35},{"not_picked":["Metallicize","Wild Strike","Anger"],"picked":"SKIP","floor":35},{"not_picked":["Searing Blow","Wild Strike+1"],"picked":"Spot Weakness","floor":36},{"not_picked":["Havoc+1","Heavy Blade+1"],"picked":"Power Through+1","floor":36},{"not_picked":["Burning Pact","Armaments"],"picked":"Dual Wield+1","floor":39},{"not_picked":["Body Slam","Thunderclap","Anger"],"picked":"SKIP","floor":39},{"not_picked":["Searing Blow","Twin Strike+1"],"picked":"Pommel Strike+1","floor":41},{"not_picked":["Headbutt+1","Fire Breathing+1"],"picked":"Immolate","floor":41},{"not_picked":["Entrench+1","Cleave"],"picked":"Shrug It Off+1","floor":45},{"not_picked":["Searing Blow","Feel No Pain+1","Havoc"],"picked":"SKIP","floor":45},{"not_picked":["Clothesline","Iron Wave+1"],"picked":"Corruption+1","floor":47},{"not_picked":["Heavy Blade+1","Entrench+1"],"picked":"Clothesline+1","floor":47},{"not_picked":["Sentinel","Bloodletting+1"],"picked":"Warcry+1","floor":48},{"not_picked":["Clothesline+1","Clash+1"],"picked":"Thunderclap+1","floor":48}],"player_experience":66983,"relics_obtained":[{"floor":5,"key":"Pear"},{"floor":7,"key":"Gambling Chip"},{"floor":9,"key":"Mercury Hourglass"},{"floor":13,"key":"Letter Opener"},{"floor":25,"key":"Prayer Wheel"},{"floor":26,"key":"War Paint"},{"floor":28,"key":"Lantern"},{"floor":43,"key":"Calipers"}],"event_choices":[{"damage_healed":0,"gold_gain":0,"player_choice":"Success","damage_taken":3,"relics_obtained":["Incense Burner"],"max_hp_gain":0,"max_hp_loss":0,"event_name":"Scrap Ooze","floor":3,"gold_loss":0},{"damage_healed":0,"gold_gain":0,"player_choice":"Donut","damage_taken":0,"max_hp_gain":5,"max_hp_loss":0,"event_name":"Big Fish","floor":11,"gold_loss":0},{"damage_healed":0,"gold_gain":0,"player_choice":"Grow","damage_taken":0,"max_hp_gain":0,"max_hp_loss":0,"event_name":"Living Wall","floor":12,"gold_loss":0,"cards_upgraded":["Clothesline"]},{"damage_healed":0,"gold_gain":0,"player_choice":"Obtained Relic","damage_taken":0,"relics_obtained":["Smiling Mask"],"max_hp_gain":0,"max_hp_loss":0,"event_name":"Addict","floor":19,"gold_loss":85},{"damage_healed":0,"gold_gain":0,"player_choice":"","damage_taken":10,"max_hp_gain":0,"max_hp_loss":0,"event_name":"Knowing Skull","floor":21,"potions_obtained":[],"gold_loss":0,"cards_obtained":[]},{"cards_removed":["Defend_R"],"damage_healed":0,"gold_gain":0,"player_choice":"Removed Skill","damage_taken":0,"max_hp_gain":0,"max_hp_loss":0,"event_name":"Falling","floor":37,"gold_loss":0},{"damage_healed":0,"gold_gain":0,"player_choice":"Paid","damage_taken":0,"relics_obtained":["Red Mask"],"max_hp_gain":0,"max_hp_loss":0,"event_name":"Tomb of Lord Red Mask","floor":44,"gold_loss":53}],"is_beta":false,"boss_relics":[{"not_picked":["White Beast Statue","Coffee Dripper"],"picked":"Sozu"},{"not_picked":["Snecko Eye","Pandora\u0027s Box"],"picked":"Cursed Key"}],"items_purged_floors":[22,29,38],"is_endless":false,"potions_floor_spawned":[4,14,16,20,25,39,41,48],"ascension_level":6}