{"gold_per_floor":[117,117,117,117,48,78,78,94,120,149,168,168,25,25,25,124,124,138,138,126,225,32,32,49,76,76,109,125,125,143,118,118,220,220,238,238,143,0,12,44,44,73,150,180,197,197,0,17,17,17],"floor_reached":51,"playtime":2898,"items_purged":["Strike_G","Strike_G","Writhe"],"score":1511,"play_id":"57b79137-fff4-4a42-aaf0-8ffbd0592513","local_time":"20190104144822","is_ascension_mode":true,"campfire_choices":[{"data":"Blade Dance","floor":7,"key":"SMITH"},{"data":"Accuracy","floor":12,"key":"SMITH"},{"data":"Cloak And Dagger","floor":15,"key":"SMITH"},{"data":"Storm of Steel","floor":23,"key":"SMITH"},{"data":"Accuracy","floor":29,"key":"SMITH"},{"data":"Blade Dance","floor":32,"key":"SMITH"},{"data":"Burst","floor":41,"key":"SMITH"},{"floor":49,"key":"REST"}],"neow_cost":"NONE","seed_source_timestamp":1249276015396575,"circlet_count":0,"master_deck":["AscendersBane","Defend_G","Defend_G","Defend_G","Defend_G","Defend_G","Strike_G","Strike_G","Survivor+1","Neutralize+1","Blade Dance+1","Accuracy+1","Well Laid Plans","Poisoned Stab","Cloak And Dagger+1","Dagger Throw","Accuracy+1","Storm of Steel+1","Footwork+1","Tactician+1","Cloak And Dagger","Leg Sweep","Prepared","Escape Plan","Malaise","Cloak And Dagger","Blade Dance+1","Burst+1","Prepared","PiercingWail","Accuracy","Corpse Explosion","Dodge and Roll"],"relics":["Ring of the Snake","NeowsBlessing","Kunai","Anchor","Regal Pillow","Tough Bandages","CultistMask","Black Star","Question Card","Lantern","Meat on the Bone","Bag of Preparation","Ornamental Fan","Bottled Lightning","Busted Crown","Red Mask","Ancient Tea Set","Singing Bowl","Centennial Puzzle","Dodecahedron","Mercury Hourglass","Tingsha","Bronze Scales"],"potions_floor_usage":[10,18,25,33,33,50,50],"damage_taken":[{"damage":0,"enemies":"Jaw Worm","floor":1,"turns":1},{"damage":0,"enemies":"Lagavulin","floor":6,"turns":1},{"damage":0,"enemies":"Small Slimes","floor":8,"turns":1},{"damage":3,"enemies":"3 Sentries","floor":10,"turns":7},{"damage":0,"enemies":"Cultist","floor":11,"turns":3},{"damage":6,"enemies":"Hexaghost","floor":16,"turns":10},{"damage":2,"enemies":"Shell Parasite","floor":18,"turns":6},{"damage":0,"enemies":"2 Thieves","floor":20,"turns":4},{"damage":2,"enemies":"Snecko","floor":24,"turns":4},{"damage":5,"enemies":"Book of Stabbing","floor":25,"turns":6},{"damage":0,"enemies":"Gremlin Leader","floor":27,"turns":6},{"damage":9,"enemies":"Snake Plant","floor":28,"turns":6},{"damage":0,"enemies":"Centurion and Healer","floor":30,"turns":4},{"damage":23,"enemies":"Champ","floor":33,"turns":11},{"damage":0,"enemies":"3 Darklings","floor":35,"turns":6},{"damage":0,"enemies":"Orb Walker","floor":39,"turns":2},{"damage":0,"enemies":"Nemesis","floor":40,"turns":7},{"damage":0,"enemies":"Giant Head","floor":42,"turns":6},{"damage":0,"enemies":"Nemesis","floor":44,"turns":5},{"damage":0,"enemies":"Spire Growth","floor":45,"turns":6},{"damage":18,"enemies":"Transient","floor":48,"turns":5},{"damage":0,"enemies":"Donu and Deca","floor":50,"turns":6}],"seed_played":"5734186057595237840","potions_obtained":[{"floor":6,"key":"AttackPotion"},{"floor":10,"key":"LiquidBronze"},{"floor":11,"key":"GhostInAJar"},{"floor":18,"key":"Ancient Potion"},{"floor":28,"key":"SpeedPotion"},{"floor":35,"key":"Weak Potion"},{"floor":39,"key":"LiquidBronze"}],"is_trial":false,"path_per_floor":["M","?","?","?","$","E","R","M","T","E","M","R","$","?","R","B",null,"M","T","M","?","$","R","M","E","T","E","M","R","M","$","R","B",null,"M","?","$","?","M","E","R","E","T","E","M","?","$","M","R","B",null],"character_chosen":"THE_SILENT","items_purchased":["Accuracy","Accuracy","Cloak And Dagger","Leg Sweep","Blade Dance","PiercingWail","Accuracy","GhostInAJar"],"campfire_rested":1,"item_purchase_floors":[5,13,22,22,31,37,37,47],"current_hp_per_floor":[63,63,56,42,42,42,42,42,42,39,39,39,39,39,39,33,61,59,59,59,59,59,59,57,52,52,52,43,43,43,43,43,32,61,61,61,61,61,61,61,61,63,63,63,65,74,74,58,76,76],"gold":17,"neow_bonus":"THREE_ENEMY_KILL","is_prod":false,"is_daily":false,"chose_seed":false,"campfire_upgraded":7,"win_rate":0,"timestamp":1546609702,"path_taken":["M","?","?","?","$","E","R","M","T","E","M","R","$","?","R","BOSS","M","?","M","?","$","R","M","E","T","E","M","R","M","$","R","BOSS","M","?","$","?","M","E","R","E","T","E","M","?","$","M","R","BOSS"],"build_version":"2019-01-03v3","purchased_purges":3,"victory":true,"max_hp_per_floor":[70,70,70,70,70,70,70,70,70,70,70,70,70,70,70,70,70,70,70,70,70,70,70,70,70,70,70,70,70,70,70,70,70,70,70,70,70,70,70,70,70,72,72,72,74,74,74,76,76,76],"card_choices":[{"not_picked":["Expertise","Distraction"],"picked":"Blade Dance","floor":1},{"not_picked":["Deflect","Terror"],"picked":"Well Laid Plans","floor":6},{"not_picked":["Prepared","Bouncing Flask"],"picked":"Poisoned Stab","floor":8},{"not_picked":["Heel Hook","Flying Knee"],"picked":"Cloak And Dagger","floor":10},{"not_picked":["Dash","Sucker Punch"],"picked":"Dagger Throw","floor":11},{"not_picked":["Grand Finale","Bullet Time"],"picked":"Storm of Steel","floor":16},{"not_picked":["Dodge and Roll","Quick Slash"],"picked":"Footwork+1","floor":18},{"not_picked":["Reflex","Bane","Dash+1"],"picked":"Tactician+1","floor":20},{"not_picked":["Endless Agony","Sucker Punch+1","Bane"],"picked":"Prepared","floor":24},{"not_picked":["Choke","Bouncing Flask","Caltrops"],"picked":"Escape Plan","floor":25},{"not_picked":["Dash","Deflect","Acrobatics"],"picked":"Malaise","floor":27},{"not_picked":["Backstab+1","Prepared","Backflip+1"],"picked":"Cloak And Dagger","floor":28},{"not_picked":["Underhanded Strike","Flying Knee","Dagger Throw","Finisher"],"picked":"SKIP","floor":30},{"not_picked":["After Image","Malaise","Adrenaline"],"picked":"Burst","floor":33},{"not_picked":["Flying Knee+1"],"picked":"Prepared","floor":35},{"not_picked":["Sucker Punch","Deflect"],"picked":"SKIP","floor":39},{"not_picked":["Quick Slash"],"picked":"Corpse Explosion","floor":40},{"not_picked":["All Out Attack","Dagger Throw"],"picked":"Singing Bowl","floor":42},{"not_picked":["Noxious Fumes"],"picked":"Dodge and Roll","floor":44},{"not_picked":["Dagger Spray","Backstab"],"picked":"Singing Bowl","floor":45},{"not_picked":["Prepared","Acrobatics+1"],"picked":"Singing Bowl","floor":48}],"player_experience":404169,"relics_obtained":[{"floor":6,"key":"Anchor"},{"floor":9,"key":"Regal Pillow"},{"floor":10,"key":"Tough Bandages"},{"floor":19,"key":"Question Card"},{"floor":25,"key":"Lantern"},{"floor":25,"key":"Meat on the Bone"},{"floor":26,"key":"Bag of Preparation"},{"floor":27,"key":"Ornamental Fan"},{"floor":27,"key":"Bottled Lightning"},{"floor":40,"key":"Ancient Tea Set"},{"floor":40,"key":"Singing Bowl"},{"floor":42,"key":"Centennial Puzzle"},{"floor":42,"key":"Dodecahedron"},{"floor":43,"key":"Mercury Hourglass"},{"floor":44,"key":"Tingsha"},{"floor":44,"key":"Bronze Scales"}],"event_choices":[{"damage_healed":0,"gold_gain":0,"player_choice":"Box","damage_taken":0,"relics_obtained":["Kunai"],"max_hp_gain":0,"max_hp_loss":0,"event_name":"Big Fish","floor":2,"gold_loss":0,"cards_obtained":["Regret"]},{"cards_removed":["Regret"],"damage_healed":0,"gold_gain":0,"player_choice":"Card Removal","damage_taken":7,"max_hp_gain":0,"max_hp_loss":0,"event_name":"Golden Wing","floor":3,"gold_loss":0},{"damage_healed":0,"gold_gain":0,"player_choice":"Entered Light","damage_taken":14,"max_hp_gain":0,"max_hp_loss":0,"event_name":"Shining Light","floor":4,"gold_loss":0,"cards_upgraded":["Neutralize","Survivor"]},{"damage_healed":0,"gold_gain":0,"player_choice":"Trade","damage_taken":0,"relics_obtained":["CultistMask"],"max_hp_gain":0,"max_hp_loss":0,"event_name":"FaceTrader","floor":14,"gold_loss":0},{"damage_healed":0,"gold_gain":99,"player_choice":"Stole From Cult","damage_taken":0,"max_hp_gain":0,"max_hp_loss":0,"event_name":"Nest","floor":21,"gold_loss":0},{"cards_removed":["Strike_G"],"damage_healed":0,"gold_gain":0,"player_choice":"Removed Attack","damage_taken":0,"max_hp_gain":0,"max_hp_loss":0,"event_name":"Falling","floor":36,"gold_loss":0},{"damage_healed":0,"gold_gain":0,"player_choice":"Paid","damage_taken":0,"relics_obtained":["Red Mask"],"max_hp_gain":0,"max_hp_loss":0,"event_name":"Tomb of Lord Red Mask","floor":38,"gold_loss":143},{"damage_healed":19,"gold_gain":0,"player_choice":"Writhe","damage_taken":0,"max_hp_gain":0,"max_hp_loss":0,"event_name":"Winding Halls","floor":46,"gold_loss":0,"cards_obtained":["Writhe"]}],"is_beta":false,"boss_relics":[{"not_picked":["Runic Dome","Snecko Eye"],"picked":"Black Star"},{"not_picked":["Lizard Tail","Calling Bell"],"picked":"Busted Crown"}],"items_purged_floors":[13,22,47],"is_endless":false,"potions_floor_spawned":[6,10,11,18,20,28,35,39,44],"ascension_level":12}