{"gold_per_floor":[114,134,59,24,37,37,63,63,113,113,131,131],"floor_reached":12,"playtime":347,"items_purged":["Strike_R"],"score":156,"play_id":"58ccb794-c06d-4e5c-82a5-2ddbc3f4d42e","local_time":"20181201185825","is_ascension_mode":true,"campfire_choices":[{"data":"Armaments","floor":6,"key":"SMITH"},{"floor":10,"key":"REST"}],"neow_cost":"PERCENT_DAMAGE","seed_source_timestamp":8263379046835,"circlet_count":0,"master_deck":["AscendersBane","Strike_R","Strike_R","Strike_R","Strike_R","Defend_R","Defend_R","Defend_R","Defend_R","Bash","Enlightenment","Chrysalis","Dropkick","Armaments+1","Battle Trance","Barricade+1"],"relics":["Burning Blood","Orichalcum","Pen Nib"],"potions_floor_usage":[7],"damage_taken":[{"damage":4,"enemies":"Small Slimes","floor":1,"turns":4},{"damage":14,"enemies":"Jaw Worm","floor":2,"turns":6},{"damage":11,"enemies":"Cultist","floor":5,"turns":5},{"damage":44,"enemies":"Gremlin Nob","floor":7,"turns":4},{"damage":18,"enemies":"Exordium Thugs","floor":11,"turns":8},{"damage":35,"enemies":"3 Sentries","floor":12,"turns":4}],"seed_played":"2177651464350420304","potions_obtained":[{"floor":2,"key":"Fire Potion"}],"is_trial":false,"path_per_floor":["M","M","$","?","M","R","E","?","T","R","M","E"],"character_chosen":"IRONCLAD","items_purchased":[],"campfire_rested":1,"item_purchase_floors":[],"current_hp_per_floor":[52,44,44,62,57,57,19,19,19,41,29,0],"gold":131,"neow_bonus":"RANDOM_COLORLESS_2","is_prod":false,"is_daily":false,"chose_seed":false,"campfire_upgraded":1,"win_rate":0,"timestamp":1543661905,"path_taken":["M","M","$","?","M","R","E","?","T","R","M","E"],"build_version":"2018-11-15","purchased_purges":1,"victory":false,"max_hp_per_floor":[75,75,75,75,75,75,75,75,75,75,75,75],"card_choices":[{"not_picked":["Anger","Sentinel"],"picked":"Dropkick","floor":1},{"not_picked":["Thunderclap","Warcry"],"picked":"Armaments","floor":2},{"not_picked":["Warcry","Body Slam"],"picked":"Battle Trance","floor":5},{"not_picked":["Headbutt","Armaments"],"picked":"Barricade","floor":7},{"not_picked":["Armaments","Anger","Clothesline"],"picked":"SKIP","floor":11}],"player_experience":2239035,"relics_obtained":[{"floor":7,"key":"Orichalcum"},{"floor":9,"key":"Pen Nib"}],"event_choices":[{"damage_healed":18,"gold_gain":0,"player_choice":"Healed","damage_taken":0,"max_hp_gain":0,"max_hp_loss":0,"event_name":"The Cleric","floor":4,"gold_loss":35},{"damage_healed":0,"gold_gain":0,"player_choice":"Upgraded","damage_taken":0,"max_hp_gain":0,"max_hp_loss":0,"event_name":"Upgrade Shrine","floor":8,"gold_loss":0,"cards_upgraded":["Barricade"]}],"is_beta":false,"boss_relics":[],"items_purged_floors":[3],"is_endless":false,"potions_floor_spawned":[2],"killed_by":"3 Sentries","ascension_level":20}