{"gold_per_floor":[110,60,72,82,82,114,114,133,133,165,184,215,227,257,269,376,388,381,403,415,438,463,475,487],"floor_reached":24,"playtime":1316,"items_purged":[],"score":352,"play_id":"071d8571-bc3c-423e-a09e-f5ace1e0415f","local_time":"20190416230543","is_ascension_mode":true,"campfire_choices":[{"data":"Body Slam","floor":7,"key":"SMITH"},{"floor":13,"key":"REST"},{"data":"Rampage","floor":15,"key":"SMITH"},{"floor":23,"key":"REST"}],"neow_cost":"NONE","seed_source_timestamp":395104977433000,"circlet_count":0,"master_deck":["AscendersBane","Strike_R","Defend_R","Defend_R","Defend_R","Defend_R","Bash","Ghostly Armor","Body Slam+1","Rampage+1","Reckless Charge","Spot Weakness","Impervious","Cleave","Ghostly Armor","Fiend Fire","Heavy Blade","Shrug It Off"],"relics":["Burning Blood","Orichalcum","PreservedInsect","Mummified Hand","MawBank","Mark of Pain"],"potions_floor_usage":[3,6,12,16,18,22,22],"damage_taken":[{"damage":19,"enemies":"2 Louse","floor":1,"turns":3},{"damage":3,"enemies":"Jaw Worm","floor":3,"turns":5},{"damage":5,"enemies":"Cultist","floor":4,"turns":5},{"damage":26,"enemies":"Gremlin Nob","floor":6,"turns":5},{"damage":0,"enemies":"Exordium Wildlife","floor":8,"turns":3},{"damage":4,"enemies":"3 Sentries","floor":10,"turns":4},{"damage":0,"enemies":"Looter","floor":11,"turns":4},{"damage":31,"enemies":"Gremlin Nob","floor":12,"turns":4},{"damage":7,"enemies":"Red Slaver","floor":14,"turns":3},{"damage":38,"enemies":"The Guardian","floor":16,"turns":9},{"damage":13,"enemies":"2 Thieves","floor":18,"turns":4},{"damage":7,"enemies":"Shell Parasite","floor":19,"turns":4},{"damage":40,"enemies":"Snake Plant","floor":21,"turns":6},{"damage":4,"enemies":"Snecko","floor":22,"turns":4},{"damage":55,"enemies":"Centurion and Healer","floor":24,"turns":10}],"seed_played":"-6175518473927958981","potions_obtained":[{"floor":1,"key":"Strength Potion"},{"floor":3,"key":"Dexterity Potion"},{"floor":10,"key":"Ancient Potion"},{"floor":11,"key":"PowerPotion"},{"floor":12,"key":"Dexterity Potion"},{"floor":16,"key":"Weak Potion"},{"floor":21,"key":"Poison Potion"},{"floor":22,"key":"Poison Potion"}],"is_trial":false,"path_per_floor":["M","?","M","M","?","E","R","M","T","E","M","E","R","M","R","B",null,"M","M","?","M","M","R","M"],"character_chosen":"IRONCLAD","items_purchased":[],"campfire_rested":2,"item_purchase_floors":[],"current_hp_per_floor":[59,59,62,63,63,43,43,49,49,51,57,32,56,55,55,23,66,59,58,58,24,26,50,0],"gold":487,"neow_bonus":"REMOVE_CARD","is_prod":false,"is_daily":false,"chose_seed":false,"campfire_upgraded":2,"win_rate":0,"timestamp":1555445143,"path_taken":["M","?","M","M","?","E","R","M","T","E","M","E","R","M","R","BOSS","M","?","?","M","M","R","M"],"build_version":"2019-01-23","purchased_purges":0,"victory":false,"max_hp_per_floor":[80,80,80,80,80,80,80,80,80,80,80,80,80,80,80,80,80,80,80,80,80,80,80,80],"card_choices":[{"not_picked":["Sentinel","Perfected Strike"],"picked":"Ghostly Armor","floor":1},{"not_picked":["Armaments","Dropkick"],"picked":"Body Slam","floor":3},{"not_picked":["Heavy Blade","Headbutt"],"picked":"Rampage","floor":4},{"not_picked":["Reckless Charge","Clash","Warcry"],"picked":"SKIP","floor":6},{"not_picked":["Headbutt","Second Wind"],"picked":"Spot Weakness","floor":8},{"not_picked":["Iron Wave","Hemokinesis"],"picked":"Impervious","floor":10},{"not_picked":["Wild Strike","Perfected Strike"],"picked":"Cleave","floor":11},{"not_picked":["Burning Pact","Anger","Warcry"],"picked":"SKIP","floor":12},{"not_picked":["Warcry","Sword Boomerang"],"picked":"Ghostly Armor","floor":14},{"not_picked":["Exhume","Dark Embrace"],"picked":"Fiend Fire","floor":16},{"not_picked":["Cleave","Spot Weakness"],"picked":"Heavy Blade","floor":18},{"not_picked":["Body Slam","Sword Boomerang"],"picked":"Shrug It Off","floor":19},{"not_picked":["Thunderclap","Seeing Red+1","Uppercut"],"picked":"SKIP","floor":21},{"not_picked":["Thunderclap","Havoc","Seeing Red"],"picked":"SKIP","floor":22}],"player_experience":279076,"relics_obtained":[{"floor":6,"key":"Orichalcum"},{"floor":9,"key":"PreservedInsect"},{"floor":10,"key":"Mummified Hand"},{"floor":12,"key":"MawBank"}],"event_choices":[{"cards_removed":["Strike_R"],"damage_healed":0,"gold_gain":0,"player_choice":"Card Removal","damage_taken":0,"max_hp_gain":0,"max_hp_loss":0,"event_name":"The Cleric","floor":2,"gold_loss":50},{"damage_healed":0,"gold_gain":0,"cards_transformed":["Strike_R"],"player_choice":"Transformed","damage_taken":0,"max_hp_gain":0,"max_hp_loss":0,"event_name":"Transmorgrifier","floor":5,"gold_loss":0,"cards_obtained":["Reckless Charge"]},{"cards_removed":["Strike_R"],"damage_healed":0,"gold_gain":0,"player_choice":"Elegance","damage_taken":0,"max_hp_gain":0,"max_hp_loss":0,"event_name":"Back to Basics","floor":20,"gold_loss":0}],"is_beta":false,"boss_relics":[{"not_picked":["Lizard Tail","Ectoplasm"],"picked":"Mark of Pain"}],"items_purged_floors":[],"is_endless":false,"potions_floor_spawned":[1,3,10,11,12,16,21,22],"killed_by":"Centurion and Healer","ascension_level":12}