{"gold_per_floor":[111,186,206,206,206,239,239,1,1,1,14,44,64,97,97,173,173,173,133,133,33,33,33,33,33,33,33,33,33,33,33,33,33,33,33,0,0,0,0,0,0,0],"floor_reached":42,"playtime":1625,"items_purged":["Regret","Strike_R"],"score":1132,"play_id":"70e18025-c259-43ff-8b5b-1429ff3d8b44","local_time":"20181201220051","is_ascension_mode":true,"campfire_choices":[{"data":"Armaments","floor":7.0,"key":"SMITH"},{"data":"Defend_R","floor":10.0,"key":"PURGE"},{"data":"Body Slam","floor":15.0,"key":"SMITH"},{"floor":23.0,"key":"REST"},{"floor":25.0,"key":"REST"},{"data":"Strike_R","floor":30.0,"key":"PURGE"},{"floor":32.0,"key":"REST"},{"floor":41,"key":"REST"}],"neow_cost":"NONE","seed_source_timestamp":17664921614187,"circlet_count":0,"master_deck":["AscendersBane","Strike_R","Defend_R","Defend_R","Defend_R","Bash","Armaments+1","Demon Form","Power Through","Headbutt","Body Slam+1","Second Wind","Offering","Seeing Red+1","Flex","Entrench+1","Disarm","Reaper"],"special_seed":0,"relics":["Burning Blood","NeowsBlessing","PreservedInsect","Mercury Hourglass","Vajra","Peace Pipe","Bird Faced Urn","Dream Catcher","Ectoplasm","Enchiridion","Bag of Preparation","Busted Crown","Red Mask","Happy Flower"],"potions_floor_usage":[40],"damage_taken":[{"damage":0.0,"enemies":"2 Louse","floor":1.0,"turns":2.0},{"damage":0.0,"enemies":"Cultist","floor":3.0,"turns":1.0},{"damage":2.0,"enemies":"3 Sentries","floor":6.0,"turns":2.0},{"damage":12.0,"enemies":"Jaw Worm","floor":11.0,"turns":2.0},{"damage":15.0,"enemies":"Lagavulin","floor":12.0,"turns":6.0},{"damage":15.0,"enemies":"Large Slime","floor":13.0,"turns":4.0},{"damage":8.0,"enemies":"Gremlin Nob","floor":14.0,"turns":3.0},{"damage":53.0,"enemies":"The Guardian","floor":16.0,"turns":14.0},{"damage":22.0,"enemies":"Spheric Guardian","floor":18.0,"turns":4.0},{"damage":0.0,"enemies":"2 Thieves","floor":19.0,"turns":3.0},{"damage":29.0,"enemies":"Snake Plant","floor":24.0,"turns":4.0},{"damage":43.0,"enemies":"Book of Stabbing","floor":27.0,"turns":5.0},{"damage":6.0,"enemies":"Sentry and Sphere","floor":29.0,"turns":4.0},{"damage":32.0,"enemies":"Cultist and Chosen","floor":31.0,"turns":8.0},{"damage":6.0,"enemies":"Collector","floor":33.0,"turns":8.0},{"damage":25.0,"enemies":"3 Darklings","floor":35.0,"turns":7.0},{"damage":12.0,"enemies":"Orb Walker","floor":37.0,"turns":5.0},{"damage":37.0,"enemies":"Maw","floor":38.0,"turns":8.0},{"damage":13.0,"enemies":"Transient","floor":39.0,"turns":6.0},{"damage":75,"enemies":"Nemesis","floor":40,"turns":9},{"damage":51,"enemies":"Reptomancer","floor":42,"turns":2}],"seed_played":"8537226999935584753","potions_obtained":[{"floor":11.0,"key":"Regen Potion"},{"floor":12.0,"key":"EssenceOfSteel"},{"floor":18.0,"key":"Swift Potion"},{"floor":19.0,"key":"AttackPotion"},{"floor":31.0,"key":"LiquidBronze"},{"floor":37.0,"key":"Swift Potion"},{"floor":38.0,"key":"AttackPotion"}],"is_trial":false,"path_per_floor":["M","?","M","?","?","E","R","$","T","R","M","E","M","E","R","B",null,"M","M","?","$","?","R","M","R","T","E","?","M","R","M","R","B",null,"M","?","M","M","M","E","R","E"],"character_chosen":"IRONCLAD","items_purchased":["Vajra"],"campfire_rested":4,"item_purchase_floors":[8],"current_hp_per_floor":[74,63,69,69,69,73,73,73,73,73,67,58,51,49,49,9,59,45,51,30,30,30,52,31,53,53,18,18,30,30,18,40,42,67,75,75,71,60,62,11,33,0],"gold":0,"neow_bonus":"THREE_ENEMY_KILL","is_prod":false,"is_daily":false,"chose_seed":false,"campfire_upgraded":2,"win_rate":0,"timestamp":1543672851,"path_taken":["M","?","M","?","?","E","R","$","T","R","?","E","M","E","R","BOSS","M","M","?","$","?","R","?","R","T","E","?","M","R","M","R","BOSS","M","?","M","M","M","E","R","E"],"build_version":"2018-11-15","purchased_purges":2,"victory":false,"max_hp_per_floor":[75,75,75,75,75,75,75,75,75,75,75,75,75,75,75,75,75,75,75,75,75,75,75,75,75,75,75,75,75,75,75,75,75,75,75,75,75,75,75,75,75,75],"card_choices":[{"not_picked":["Anger","Thunderclap"],"picked":"Armaments","floor":1.0},{"not_picked":["Seeing Red","Bloodletting","Iron Wave"],"picked":"SKIP","floor":3.0},{"not_picked":["Inflame","Clash"],"picked":"Power Through","floor":6.0},{"not_picked":["Searing Blow","Flex"],"picked":"Headbutt","floor":11.0},{"not_picked":["Power Through","Corruption"],"picked":"Body Slam","floor":12.0},{"not_picked":["Rage","Body Slam","Perfected Strike"],"picked":"SKIP","floor":13.0},{"not_picked":["Shrug It Off","Flex"],"picked":"Second Wind","floor":14.0},{"not_picked":["Demon Form","Limit Break"],"picked":"Offering","floor":16.0},{"not_picked":["Warcry+1","Twin Strike"],"picked":"Seeing Red+1","floor":18.0},{"not_picked":["Perfected Strike+1","True Grit","Pommel Strike"],"picked":"SKIP","floor":19.0},{"not_picked":["Body Slam","Perfected Strike+1"],"picked":"Entrench+1","floor":24.0},{"not_picked":["Second Wind","Clash"],"picked":"Disarm","floor":25.0},{"not_picked":["Twin Strike","Anger"],"picked":"Reaper","floor":27.0},{"not_picked":["Clash","Ghostly Armor","Perfected Strike"],"picked":"SKIP","floor":29.0},{"not_picked":["Warcry","Sentinel","True Grit"],"picked":"SKIP","floor":31.0},{"not_picked":["Havoc+1"],"picked":"SKIP","floor":35.0},{"not_picked":["Pummel+1"],"picked":"SKIP","floor":37.0},{"not_picked":["Ghostly Armor"],"picked":"SKIP","floor":38.0},{"not_picked":["Body Slam"],"picked":"SKIP","floor":39.0},{"not_picked":["Perfected Strike"],"picked":"SKIP","floor":40}],"player_experience":2247994,"relics_obtained":[{"floor":6.0,"key":"Mercury Hourglass"},{"floor":9.0,"key":"Peace Pipe"},{"floor":12.0,"key":"Bird Faced Urn"},{"floor":14.0,"key":"Dream Catcher"},{"floor":20.0,"key":"Enchiridion"},{"floor":27.0,"key":"Bag of Preparation"},{"floor":40,"key":"Happy Flower"}],"event_choices":[{"damage_healed":0.0,"max_hp_gain":0.0,"max_hp_loss":0.0,"gold_gain":75.0,"event_name":"World of Goop","player_choice":"Gather Gold","floor":2.0,"gold_loss":0.0,"damage_taken":11.0},{"damage_healed":0.0,"max_hp_gain":0.0,"max_hp_loss":0.0,"gold_gain":0.0,"event_name":"Big Fish","player_choice":"Box","floor":4.0,"gold_loss":0.0,"damage_taken":0.0,"relics_obtained":["PreservedInsect"],"cards_obtained":["Regret"]},{"damage_healed":0.0,"max_hp_gain":0.0,"max_hp_loss":0.0,"gold_gain":0.0,"event_name":"Match and Keep!","player_choice":"1 cards matched","floor":5.0,"gold_loss":0.0,"damage_taken":0.0,"cards_obtained":["Demon Form"]},{"damage_healed":0.0,"max_hp_gain":0.0,"max_hp_loss":0.0,"gold_gain":0.0,"event_name":"Cursed Tome","player_choice":"Obtained Book","floor":20.0,"gold_loss":0.0,"damage_taken":21.0},{"damage_healed":0.0,"max_hp_gain":0.0,"max_hp_loss":0.0,"gold_gain":0.0,"cards_transformed":["Strike_R"],"event_name":"Transmorgrifier","player_choice":"Transformed","floor":22.0,"gold_loss":0.0,"damage_taken":0.0,"cards_obtained":["Flex"]},{"cards_removed":["Strike_R"],"damage_healed":0.0,"max_hp_gain":0.0,"max_hp_loss":0.0,"gold_gain":0.0,"event_name":"Back to Basics","player_choice":"Elegance","floor":28.0,"gold_loss":0.0,"damage_taken":0.0},{"damage_healed":0.0,"max_hp_gain":0.0,"max_hp_loss":0.0,"gold_gain":0.0,"event_name":"Tomb of Lord Red Mask","player_choice":"Paid","floor":36.0,"gold_loss":33.0,"damage_taken":0.0,"relics_obtained":["Red Mask"]}],"is_beta":false,"boss_relics":[{"not_picked":["Eternal Feather","Fusion Hammer"],"picked":"Ectoplasm"},{"not_picked":["Pandora\u0027s Box","Lizard Tail"],"picked":"Busted Crown"}],"items_purged_floors":[8,21],"is_endless":false,"potions_floor_spawned":[11,12,13,14,18,19,31,37,38],"killed_by":"Reptomancer","ascension_level":20}