{"gold_per_floor":[118,118,118,18,37,37,62,62,62,62,62,62,72,48,48,123,153,173,173,189,37,37,37,68,68,68,99,111,129,129,99,99,99],"floor_reached":33,"playtime":2318,"items_purged":["Regret","Pain"],"score":655,"play_id":"e075d885-0bcc-4a68-a539-ec8c56c73f51","local_time":"20190305013542","is_ascension_mode":true,"campfire_choices":[{"data":"Zap","floor":6.0,"key":"SMITH"},{"data":"Hyperbeam","floor":10.0,"key":"SMITH"},{"data":"Beam Cell","floor":12.0,"key":"SMITH"},{"data":"Redo","floor":15.0,"key":"SMITH"},{"data":"Dualcast","floor":23.0,"key":"SMITH"},{"floor":25.0,"key":"REST"},{"floor":30,"key":"REST"},{"floor":32,"key":"REST"}],"neow_cost":"NONE","seed_source_timestamp":100208938513475,"circlet_count":0,"master_deck":["AscendersBane","Strike_B","Strike_B","Strike_B","Defend_B","Defend_B","Defend_B","Defend_B","Zap+1","Dualcast+1","Rebound","Gash","Beam Cell+1","Hyperbeam+1","Redo+1","All For One","White Noise","Coolheaded","Undo","Hologram","Go for the Eyes"],"special_seed":0,"relics":["Cracked Core","NeowsBlessing","Cables","Singing Bowl","Blue Candle","Bottled Lightning","Calling Bell","Tiny Chest","Meat on the Bone","WingedGreaves","Gambling Chip","Smiling Mask","Darkstone Periapt","Omamori"],"potions_floor_usage":[29,33,33],"damage_taken":[{"damage":0.0,"enemies":"Cultist","floor":1.0,"turns":1.0},{"damage":0.0,"enemies":"Jaw Worm","floor":5.0,"turns":1.0},{"damage":0.0,"enemies":"Gremlin Nob","floor":7.0,"turns":1.0},{"damage":1.0,"enemies":"2 Louse","floor":13.0,"turns":2.0},{"damage":0.0,"enemies":"Slime Boss","floor":16.0,"turns":4.0},{"damage":37.0,"enemies":"Shell Parasite","floor":18.0,"turns":4.0},{"damage":1.0,"enemies":"Chosen","floor":20.0,"turns":3.0},{"damage":29.0,"enemies":"Slavers","floor":24.0,"turns":2.0},{"damage":38.0,"enemies":"Book of Stabbing","floor":27.0,"turns":6.0},{"damage":7,"enemies":"Centurion and Healer","floor":28,"turns":4},{"damage":24,"enemies":"Snake Plant","floor":29,"turns":2},{"damage":85,"enemies":"Automaton","floor":33,"turns":8}],"seed_played":"-8876313443626869449","potions_obtained":[{"floor":1.0,"key":"SpeedPotion"},{"floor":16.0,"key":"FearPotion"},{"floor":18.0,"key":"PowerPotion"},{"floor":29,"key":"SkillPotion"},{"floor":31,"key":"Regen Potion"}],"is_trial":false,"path_per_floor":["M","?","T","$","M","R","E","$","T","R","?","R","M","$","R","B",null,"M","T","M","$","?","R","E","R","T","E","M","M","R","?","R","B"],"character_chosen":"DEFECT","items_purchased":["Gash","Redo","Coolheaded"],"campfire_rested":3,"item_purchase_floors":[4,14,21],"current_hp_per_floor":[64,64,64,64,64,64,64,64,64,64,64,64,65,65,65,65,71,46,46,47,47,47,47,30,52,52,28,33,21,44,44,67,0],"gold":99,"neow_bonus":"THREE_ENEMY_KILL","is_prod":false,"is_daily":false,"chose_seed":false,"campfire_upgraded":5,"win_rate":0,"timestamp":1551746142,"path_taken":["M","?","?","$","?","R","E","?","T","R","?","R","?","$","R","BOSS","M","?","M","$","?","R","E","R","T","E","?","M","R","?","R","BOSS"],"build_version":"2019-01-23","purchased_purges":2,"victory":false,"max_hp_per_floor":[71,71,71,71,71,71,71,71,71,71,71,71,73,73,73,73,73,73,73,75,75,75,75,75,75,75,77,77,77,77,77,77,77],"card_choices":[{"not_picked":["Streamline","Turbo"],"picked":"Rebound","floor":1.0},{"not_picked":["Steam","Stack"],"picked":"Beam Cell","floor":5.0},{"not_picked":["Ball Lightning","Stack"],"picked":"Hyperbeam","floor":7.0},{"not_picked":["Barrage","Heatsinks","Streamline"],"picked":"Singing Bowl","floor":13.0},{"not_picked":["Multi-Cast","Amplify"],"picked":"All For One","floor":16.0},{"not_picked":["Reprogram","Recycle"],"picked":"White Noise","floor":18.0},{"not_picked":["Static Discharge","Doom and Gloom+1","Beam Cell"],"picked":"Singing Bowl","floor":20.0},{"not_picked":["Reboot","Heatsinks"],"picked":"Undo","floor":24.0},{"not_picked":["Storm","Loop","Doom and Gloom"],"picked":"Singing Bowl","floor":27.0},{"not_picked":["Steam Power","Beam Cell"],"picked":"Hologram","floor":28},{"not_picked":["Sweeping Beam","Redo"],"picked":"Go for the Eyes","floor":29}],"player_experience":596515,"relics_obtained":[{"floor":3.0,"key":"Singing Bowl"},{"floor":7.0,"key":"Blue Candle"},{"floor":9.0,"key":"Bottled Lightning"},{"floor":17.0,"key":"Tiny Chest"},{"floor":17.0,"key":"Meat on the Bone"},{"floor":17.0,"key":"WingedGreaves"},{"floor":19.0,"key":"Gambling Chip"},{"floor":24.0,"key":"Smiling Mask"},{"floor":26.0,"key":"Darkstone Periapt"},{"floor":27.0,"key":"Omamori"}],"event_choices":[{"damage_healed":0.0,"max_hp_gain":0.0,"max_hp_loss":0.0,"gold_gain":0.0,"event_name":"Big Fish","player_choice":"Box","floor":2.0,"gold_loss":0.0,"damage_taken":0.0,"relics_obtained":["Cables"],"cards_obtained":["Regret"]},{"cards_removed":["Strike_B"],"damage_healed":0.0,"max_hp_gain":0.0,"max_hp_loss":0.0,"gold_gain":0.0,"event_name":"Bonfire Elementals","player_choice":"Offered Basic","floor":11.0,"gold_loss":0.0,"damage_taken":0.0},{"cards_removed":["Regret","Writhe"],"damage_healed":0.0,"max_hp_gain":0.0,"max_hp_loss":0.0,"gold_gain":0.0,"event_name":"Fountain of Cleansing","player_choice":"Removed Curses","floor":22.0,"gold_loss":0.0,"damage_taken":0.0},{"damage_healed":0,"gold_gain":0,"player_choice":"Bought 2 Potions","damage_taken":0,"max_hp_gain":0,"max_hp_loss":0,"event_name":"The Woman in Blue","floor":31,"gold_loss":0}],"is_beta":false,"boss_relics":[{"not_picked":["Tiny House","Snecko Eye"],"picked":"Calling Bell"}],"items_purged_floors":[4,21],"is_endless":false,"potions_floor_spawned":[1,16,18,20,29],"killed_by":"Automaton","ascension_level":17}