{"gold_per_floor":[111,111,123,140,140,140,171,237,237,237,312,342,354,382,382,455,455,471,471,386,239,0,0,25,41,41,68,68,18,44,44,44,115,115,130,130,78,78,93,124,124,151,175,202,214,214,231,6,6,6],"floor_reached":51,"playtime":2172,"items_purged":["Decay","Defend_B","Defend_B"],"score":1415,"play_id":"ccc1d678-ad11-476e-8dbf-3b1c9c4632c3","local_time":"20190204112305","is_ascension_mode":true,"campfire_choices":[{"data":"Zap","floor":6.0,"key":"SMITH"},{"floor":10.0,"key":"REST"},{"data":"Leap","floor":15.0,"key":"SMITH"},{"data":"Defragment","floor":23.0,"key":"SMITH"},{"data":"Rainbow","floor":28.0,"key":"SMITH"},{"floor":32,"key":"REST"},{"data":"Defragment","floor":41,"key":"SMITH"},{"data":"Loop","floor":46,"key":"SMITH"},{"data":"Biased Cognition","floor":49,"key":"SMITH"}],"neow_cost":"NONE","seed_source_timestamp":11159390940098,"circlet_count":0,"master_deck":["AscendersBane","Strike_B+1","Strike_B+1","Defend_B","Defend_B","Zap+1","Dualcast","Leap+1","Ball Lightning+1","Cold Snap","Sweeping Beam+1","Genetic Algorithm","Steam","Rainbow+1","Defragment+1","Self Repair","Leap","Loop+1","Storm+1","Fusion+1","Doom and Gloom+1","Biased Cognition+1","Defragment+1","Defragment+1","Compile Driver+1","Glacier","Steam Power+1","Glacier+1","Thunder Strike","Core Surge","Reinforced Body"],"special_seed":0,"relics":["Cracked Core","Meat on the Bone","Orichalcum","Bag of Preparation","Anchor","Empty Cage","Oddly Smooth Stone","PreservedInsect","Whetstone","Ice Cream","Smiling Mask","Singing Bowl","Snecko Eye","Bird Faced Urn","Girya","Dream Catcher","Art of War"],"potions_floor_usage":[30,40],"damage_taken":[{"damage":1.0,"enemies":"Cultist","floor":1.0,"turns":4.0},{"damage":10.0,"enemies":"Small Slimes","floor":3.0,"turns":3.0},{"damage":8.0,"enemies":"2 Louse","floor":4.0,"turns":2.0},{"damage":9.0,"enemies":"Gremlin Nob","floor":7.0,"turns":3.0},{"damage":12.0,"enemies":"Lagavulin","floor":12.0,"turns":5.0},{"damage":4.0,"enemies":"Looter","floor":13.0,"turns":3.0},{"damage":4.0,"enemies":"3 Sentries","floor":14.0,"turns":5.0},{"damage":22.0,"enemies":"Slime Boss","floor":16.0,"turns":10.0},{"damage":10.0,"enemies":"3 Byrds","floor":18.0,"turns":5.0},{"damage":5.0,"enemies":"Book of Stabbing","floor":24.0,"turns":5.0},{"damage":3.0,"enemies":"Shell Parasite","floor":25.0,"turns":4.0},{"damage":18.0,"enemies":"Gremlin Leader","floor":27.0,"turns":7.0},{"damage":23,"enemies":"Book of Stabbing","floor":30,"turns":4},{"damage":44,"enemies":"Automaton","floor":33,"turns":12},{"damage":3,"enemies":"3 Darklings","floor":35,"turns":4},{"damage":5,"enemies":"3 Shapes","floor":39,"turns":3},{"damage":13,"enemies":"Giant Head","floor":40,"turns":7},{"damage":0,"enemies":"Nemesis","floor":42,"turns":5},{"damage":64,"enemies":"Giant Head","floor":44,"turns":7},{"damage":2,"enemies":"Spire Growth","floor":45,"turns":5},{"damage":0,"enemies":"Sphere and 2 Shapes","floor":47,"turns":5},{"damage":35,"enemies":"Awakened One","floor":50,"turns":19}],"seed_played":"1140385898771685804","potions_obtained":[{"floor":0.0,"key":"EntropicBrew"},{"floor":0.0,"key":"Energy Potion"},{"floor":16.0,"key":"Weak Potion"},{"floor":25.0,"key":"Poison Potion"},{"floor":33,"key":"FairyPotion"},{"floor":45,"key":"SteroidPotion"}],"is_trial":false,"path_per_floor":["M","?","M","M","?","R","E","?","T","R","?","E","M","E","R","B",null,"M","?","?","$","$","R","E","M","T","E","R","$","E","$","R","B",null,"M","?","$","?","M","E","R","E","T","E","M","R","M","$","R","B",null],"character_chosen":"DEFECT","items_purchased":["Defragment","PreservedInsect","Self Repair","Leap","Energy Potion","Core Surge","Reinforced Body"],"campfire_rested":2,"item_purchase_floors":[21,22,22,22,37,48,48],"current_hp_per_floor":[63,63,53,45,24,24,15,15,15,36,25,25,33,41,41,31,61,51,51,51,51,51,51,53,57,57,46,46,46,35,35,56,31,61,65,67,67,67,69,56,56,66,66,30,47,47,66,66,66,52],"gold":6,"neow_bonus":"THREE_SMALL_POTIONS","is_prod":false,"is_daily":false,"chose_seed":false,"campfire_upgraded":7,"win_rate":0,"timestamp":1549308185,"path_taken":["M","?","M","M","?","R","E","?","T","R","?","E","M","E","R","BOSS","M","?","?","?","$","R","E","M","T","E","R","$","E","?","R","BOSS","M","?","$","?","M","E","R","E","T","E","M","R","M","$","R","BOSS"],"build_version":"2019-01-23","purchased_purges":3,"victory":true,"max_hp_per_floor":[71,71,71,71,71,71,71,71,71,71,71,71,71,71,71,71,71,71,71,71,71,71,71,71,71,71,71,71,71,71,71,71,71,71,71,73,73,73,73,73,73,73,73,73,73,73,73,73,73,73],"card_choices":[{"not_picked":["Steam","Barrage"],"picked":"Leap","floor":1.0},{"not_picked":["Double Energy","Streamline"],"picked":"Ball Lightning","floor":3.0},{"not_picked":["Rebound","Steam"],"picked":"Cold Snap","floor":4.0},{"not_picked":["Hyperbeam","Tempest"],"picked":"Sweeping Beam","floor":7.0},{"not_picked":["Go for the Eyes","Conserve Battery"],"picked":"Genetic Algorithm","floor":12.0},{"not_picked":["Lockon","Sweeping Beam"],"picked":"Steam","floor":13.0},{"not_picked":["Aggregate","Scrape"],"picked":"Compile Driver","floor":14.0},{"not_picked":["Multi-Cast","Seek"],"picked":"Rainbow","floor":16.0},{"not_picked":["Compile Driver","Tempest","Redo"],"picked":"SKIP","floor":18.0},{"not_picked":["Hologram","Ball Lightning"],"picked":"Loop","floor":24.0},{"not_picked":["Sweeping Beam","Rebound"],"picked":"Storm+1","floor":25.0},{"not_picked":["Go for the Eyes","Amplify"],"picked":"Fusion+1","floor":27.0},{"not_picked":["Redo","Gash"],"picked":"Doom and Gloom+1","floor":30},{"not_picked":["Rainbow","Amplify"],"picked":"Biased Cognition","floor":33},{"not_picked":["Streamline","Conserve Battery"],"picked":"Defragment","floor":35},{"not_picked":["Sadistic Nature","Swift Strike","Enlightenment"],"picked":"Singing Bowl","floor":36},{"not_picked":["Cold Snap","FTL"],"picked":"Defragment+1","floor":39},{"not_picked":["Coolheaded","Gash+1"],"picked":"Compile Driver+1","floor":40},{"not_picked":["Sweeping Beam+1","Gash"],"picked":"Glacier","floor":42},{"not_picked":["Steam+1","Beam Cell"],"picked":"Steam Power+1","floor":44},{"not_picked":["Double Energy+1","Ball Lightning"],"picked":"Glacier+1","floor":45},{"not_picked":["Sunder","Reinforced Body"],"picked":"Thunder Strike","floor":47}],"player_experience":2145083,"relics_obtained":[{"floor":7.0,"key":"Meat on the Bone"},{"floor":9.0,"key":"Orichalcum"},{"floor":12.0,"key":"Bag of Preparation"},{"floor":14.0,"key":"Anchor"},{"floor":24.0,"key":"Whetstone"},{"floor":26.0,"key":"Ice Cream"},{"floor":27.0,"key":"Smiling Mask"},{"floor":30,"key":"Singing Bowl"},{"floor":40,"key":"Bird Faced Urn"},{"floor":42,"key":"Girya"},{"floor":43,"key":"Dream Catcher"},{"floor":44,"key":"Art of War"}],"event_choices":[{"damage_healed":0.0,"max_hp_gain":0.0,"max_hp_loss":0.0,"gold_gain":0.0,"event_name":"Scrap Ooze","player_choice":"Fled","floor":2.0,"gold_loss":0.0,"damage_taken":0.0},{"damage_healed":0.0,"max_hp_gain":0.0,"max_hp_loss":0.0,"gold_gain":0.0,"event_name":"Shining Light","player_choice":"Entered Light","floor":5.0,"gold_loss":0.0,"damage_taken":21.0,"cards_upgraded":["Strike_B","Ball Lightning"]},{"damage_healed":0.0,"max_hp_gain":0.0,"max_hp_loss":0.0,"gold_gain":66.0,"event_name":"Golden Wing","player_choice":"Gained Gold","floor":8.0,"gold_loss":0.0,"damage_taken":0.0},{"damage_healed":0.0,"max_hp_gain":0.0,"max_hp_loss":0.0,"gold_gain":75.0,"event_name":"World of Goop","player_choice":"Gather Gold","floor":11.0,"gold_loss":0.0,"damage_taken":11.0},{"damage_healed":0.0,"max_hp_gain":0.0,"max_hp_loss":0.0,"gold_gain":0.0,"event_name":"Forgotten Altar","player_choice":"Smashed Altar","floor":19.0,"gold_loss":0.0,"damage_taken":0.0,"cards_obtained":["Decay"]},{"damage_healed":0.0,"max_hp_gain":0.0,"max_hp_loss":0.0,"gold_gain":0.0,"event_name":"Addict","player_choice":"Obtained Relic","floor":20.0,"gold_loss":85.0,"damage_taken":0.0,"relics_obtained":["Oddly Smooth Stone"]},{"damage_healed":0,"gold_gain":0,"player_choice":"Memory 1","damage_taken":0,"max_hp_gain":0,"max_hp_loss":0,"event_name":"SensoryStone","floor":36,"gold_loss":0},{"cards_removed":["Compile Driver"],"damage_healed":0,"gold_gain":0,"player_choice":"Removed Attack","damage_taken":0,"max_hp_gain":0,"max_hp_loss":0,"event_name":"Falling","floor":38,"gold_loss":0}],"is_beta":false,"boss_relics":[{"not_picked":["Runic Dome","Lizard Tail"],"picked":"Empty Cage"},{"not_picked":["FrozenCore","White Beast Statue"],"picked":"Snecko Eye"}],"items_purged_floors":[21,29,48],"is_endless":false,"potions_floor_spawned":[1,4,16,25,33,45,47],"ascension_level":15}