{"gold_per_floor":[10,29,41,58,72,72,104,104,104,115,115,290,290,315,327,339],"floor_reached":16,"playtime":555,"items_purged":[],"score":166,"play_id":"6d82a8af-33d1-42c6-9c31-43dbfbed3002","local_time":"20181204003609","is_ascension_mode":true,"campfire_choices":[{"data":"Die Die Die","floor":6,"key":"SMITH"},{"data":"Blade Dance","floor":11,"key":"SMITH"},{"data":"Bouncing Flask","floor":15,"key":"SMITH"}],"neow_cost":"NO_GOLD","seed_source_timestamp":7357003213533,"circlet_count":0,"master_deck":["AscendersBane","Defend_G","Defend_G","Defend_G","Defend_G","Defend_G","Strike_G","Strike_G","Strike_G","Strike_G","Strike_G","Survivor","Neutralize","Die Die Die+1","Footwork+1","Backflip","Blade Dance+1","Poisoned Stab","Bouncing Flask+1","Dodge and Roll","Prepared","Doubt","Regret","Poisoned Stab"],"relics":["Ring of the Snake","Ginger","Anchor","MawBank"],"potions_floor_usage":[7,7,16,16],"damage_taken":[{"damage":0,"enemies":"Cultist","floor":1,"turns":3},{"damage":1,"enemies":"2 Louse","floor":2,"turns":2},{"damage":4,"enemies":"Small Slimes","floor":3,"turns":4},{"damage":6,"enemies":"Looter","floor":4,"turns":3},{"damage":10,"enemies":"2 Fungi Beasts","floor":5,"turns":3},{"damage":7,"enemies":"3 Sentries","floor":7,"turns":7},{"damage":3,"enemies":"Blue Slaver","floor":10,"turns":3},{"damage":8,"enemies":"Looter","floor":14,"turns":3},{"damage":36,"enemies":"Slime Boss","floor":16,"turns":6}],"seed_played":"-3981998935009624706","potions_obtained":[{"floor":1,"key":"PowerPotion"},{"floor":5,"key":"Fire Potion"},{"floor":7,"key":"Explosive Potion"},{"floor":14,"key":"EssenceOfSteel"}],"is_trial":false,"path_per_floor":["M","M","M","M","M","R","E","?","T","M","R","?","?","M","R","B"],"character_chosen":"THE_SILENT","items_purchased":[],"campfire_rested":0,"item_purchase_floors":[],"current_hp_per_floor":[63,62,58,52,42,42,35,35,35,32,32,32,32,24,24,0],"gold":339,"neow_bonus":"THREE_RARE_CARDS","is_prod":false,"is_daily":false,"chose_seed":false,"campfire_upgraded":3,"win_rate":0,"timestamp":1543880169,"path_taken":["M","M","M","?","M","R","E","?","T","M","R","?","?","M","R","BOSS"],"build_version":"2018-11-15","purchased_purges":0,"victory":false,"max_hp_per_floor":[70,70,70,70,70,70,70,70,70,70,70,70,70,70,70,70],"card_choices":[{"not_picked":["Envenom","Unload"],"picked":"Die Die Die","floor":0},{"not_picked":["All Out Attack","Blade Dance"],"picked":"Footwork","floor":1},{"not_picked":["Choke","Dagger Throw"],"picked":"Backflip","floor":2},{"not_picked":["Setup","Underhanded Strike"],"picked":"Blade Dance","floor":3},{"not_picked":["Outmaneuver","Prepared"],"picked":"Poisoned Stab","floor":4},{"not_picked":["Outmaneuver","Reflex"],"picked":"Bouncing Flask","floor":5},{"not_picked":["Expertise","Endless Agony"],"picked":"Dodge and Roll","floor":7},{"not_picked":["Dash","Sucker Punch"],"picked":"Prepared","floor":10},{"not_picked":["Flying Knee","Prepared"],"picked":"Poisoned Stab","floor":14}],"player_experience":364856,"relics_obtained":[{"floor":7,"key":"Ginger"},{"floor":9,"key":"Anchor"}],"event_choices":[{"damage_healed":0,"gold_gain":0,"player_choice":"Grow","damage_taken":0,"max_hp_gain":0,"max_hp_loss":0,"event_name":"Living Wall","floor":8,"gold_loss":0,"cards_upgraded":["Footwork"]},{"damage_healed":0,"gold_gain":175,"player_choice":"AGREE","damage_taken":0,"max_hp_gain":0,"max_hp_loss":0,"event_name":"Liars Game","floor":12,"gold_loss":0,"cards_obtained":["Doubt"]},{"damage_healed":0,"gold_gain":0,"player_choice":"Box","damage_taken":0,"relics_obtained":["MawBank"],"max_hp_gain":0,"max_hp_loss":0,"event_name":"Big Fish","floor":13,"gold_loss":0,"cards_obtained":["Regret"]}],"is_beta":false,"boss_relics":[],"items_purged_floors":[],"is_endless":false,"potions_floor_spawned":[1,5,7,14],"killed_by":"Slime Boss","ascension_level":12}