{"gold_per_floor":[111,111,33,33,33,66,66,91,117,117,134,146,162,174,174,247,247,258,1,1,16,16,16,42,42,88,105,105,116,116,134,134,210,210,223,240,165,0,0,0,15,15,15,28,128,140,140],"floor_reached":47,"playtime":2298,"items_purged":["Defend_R"],"score":1035,"play_id":"0aeaebe2-c30e-4a45-a896-4a2a86d81988","local_time":"20190428183041","is_ascension_mode":true,"campfire_choices":[{"data":"Disarm","floor":7.0,"key":"SMITH"},{"data":"True Grit","floor":10.0,"key":"SMITH"},{"data":"Carnage","floor":15.0,"key":"SMITH"},{"data":"Demon Form","floor":23.0,"key":"SMITH"},{"floor":28.0,"key":"REST"},{"data":"Bandage Up","floor":30.0,"key":"SMITH"},{"floor":32.0,"key":"REST"},{"floor":40.0,"key":"RECALL"},{"floor":42.0,"key":"REST"}],"neow_cost":"NONE","seed_source_timestamp":0,"circlet_count":0,"master_deck":["AscendersBane","Defend_R","Defend_R","Defend_R","Bash","Disarm+1","Carnage+1","True Grit+1","Twin Strike","Battle Trance","Cleave","Demon Form+1","Bandage Up+1","Bite","Bite","Bite","Bite","Bite","Feed","Armaments+1","Impervious","True Grit+1","Body Slam+1","Juggernaut"],"special_seed":0,"relics":["Burning Blood","NeowsBlessing","PreservedInsect","Pear","Lantern","Philosopher\u0027s Stone","Bag of Preparation","Self Forming Clay","Nloth\u0027s Gift","Velvet Choker","Red Mask","Shuriken","StoneCalendar"],"potions_floor_usage":[47],"damage_taken":[{"damage":0.0,"enemies":"Cultist","floor":1.0,"turns":1.0},{"damage":0.0,"enemies":"Gremlin Nob","floor":6.0,"turns":1.0},{"damage":0.0,"enemies":"Lagavulin","floor":8.0,"turns":1.0},{"damage":7.0,"enemies":"Jaw Worm","floor":11.0,"turns":2.0},{"damage":8.0,"enemies":"2 Louse","floor":12.0,"turns":2.0},{"damage":8.0,"enemies":"Lots of Slimes","floor":13.0,"turns":3.0},{"damage":6.0,"enemies":"Large Slime","floor":14.0,"turns":5.0},{"damage":62.0,"enemies":"Hexaghost","floor":16.0,"turns":11.0},{"damage":31.0,"enemies":"Shell Parasite","floor":18.0,"turns":4.0},{"damage":8.0,"enemies":"Chosen","floor":21.0,"turns":5.0},{"damage":52.0,"enemies":"Slavers","floor":24.0,"turns":5.0},{"damage":44.0,"enemies":"Shelled Parasite and Fungi","floor":27.0,"turns":4.0},{"damage":13.0,"enemies":"Snecko","floor":29.0,"turns":5.0},{"damage":42.0,"enemies":"Centurion and Healer","floor":31.0,"turns":6.0},{"damage":47.0,"enemies":"Champ","floor":33.0,"turns":9.0},{"damage":23.0,"enemies":"Orb Walker","floor":35.0,"turns":5.0},{"damage":27.0,"enemies":"3 Shapes","floor":36.0,"turns":7.0},{"damage":79.0,"enemies":"Maw","floor":41.0,"turns":7.0},{"damage":35.0,"enemies":"4 Shapes","floor":44.0,"turns":8.0},{"damage":40.0,"enemies":"Mind Bloom Boss Battle","floor":45.0,"turns":7.0},{"damage":48.0,"enemies":"3 Darklings","floor":46.0,"turns":6.0},{"damage":82,"enemies":"Nemesis","floor":47,"turns":5}],"seed_played":"-3580175550847081951","potions_obtained":[{"floor":1.0,"key":"Dexterity Potion"},{"floor":11.0,"key":"BloodPotion"},{"floor":14.0,"key":"GamblersBrew"},{"floor":16.0,"key":"LiquidBronze"},{"floor":24.0,"key":"FearPotion"},{"floor":31.0,"key":"EssenceOfSteel"},{"floor":33.0,"key":"FearPotion"},{"floor":41.0,"key":"FairyPotion"},{"floor":44.0,"key":"Ancient Potion"},{"floor":45.0,"key":"LiquidBronze"}],"is_trial":false,"path_per_floor":["M","?","$","?","?","E","R","E","T","R","M","M","M","M","R","B",null,"M","$","?","M","$","R","E","?","T","M","R","M","R","M","R","B",null,"M","M","$","?","?","R","M","R","T","M","?","M","E"],"character_chosen":"IRONCLAD","items_purchased":["Carnage","Bag of Preparation","Bandage Up"],"campfire_rested":3,"item_purchase_floors":[3,19,19],"current_hp_per_floor":[74,79,79,61,61,77,77,83,83,83,84,84,84,86,86,41,78,55,55,55,69,69,69,39,39,39,14,41,48,48,36,63,48,82,81,84,84,84,84,84,36,65,65,55,54,37,0],"gold":140,"neow_bonus":"THREE_ENEMY_KILL","is_prod":false,"is_daily":false,"chose_seed":false,"campfire_upgraded":5,"win_rate":0,"timestamp":1556465441,"path_taken":["M","?","?","?","?","E","R","E","T","R","M","M","M","M","R","BOSS","M","?","?","M","$","R","E","?","T","M","R","M","R","?","R","BOSS","M","?","$","?","?","R","M","R","T","M","?","?","E"],"build_version":"2019-01-23","purchased_purges":1,"victory":false,"max_hp_per_floor":[75,80,80,80,80,90,90,90,90,90,90,90,90,90,90,90,90,90,90,90,90,90,90,90,90,90,93,93,93,93,93,93,93,93,96,100,100,100,95,95,99,99,99,102,106,110,110],"card_choices":[{"not_picked":["True Grit","Power Through"],"picked":"Disarm","floor":1.0},{"not_picked":["Twin Strike","Thunderclap"],"picked":"True Grit","floor":6.0},{"not_picked":["Clash","Clothesline"],"picked":"Twin Strike","floor":8.0},{"not_picked":["Clash","Heavy Blade","Warcry"],"picked":"SKIP","floor":11.0},{"not_picked":["Headbutt","Clash"],"picked":"Battle Trance","floor":12.0},{"not_picked":["Sword Boomerang","Reckless Charge","True Grit"],"picked":"SKIP","floor":13.0},{"not_picked":["Body Slam","Feel No Pain"],"picked":"Cleave","floor":14.0},{"not_picked":["Limit Break","Fiend Fire"],"picked":"Demon Form","floor":16.0},{"not_picked":["Sword Boomerang","Wild Strike","Sever Soul"],"picked":"SKIP","floor":18.0},{"not_picked":["Perfected Strike","Clash","Anger"],"picked":"SKIP","floor":21.0},{"not_picked":["Flame Barrier","Pommel Strike"],"picked":"Feed","floor":24.0},{"not_picked":["Anger+1","Heavy Blade","Pummel+1"],"picked":"SKIP","floor":27.0},{"not_picked":["True Grit","Sword Boomerang"],"picked":"Armaments+1","floor":29.0},{"not_picked":["Inflame","Thunderclap","Heavy Blade"],"picked":"SKIP","floor":31.0},{"not_picked":["Berserk","Offering"],"picked":"Impervious","floor":33.0},{"not_picked":["Armaments","Pommel Strike"],"picked":"True Grit+1","floor":35.0},{"not_picked":["Combust","Headbutt"],"picked":"Body Slam+1","floor":36.0},{"not_picked":["Infernal Blade","Clash","Pommel Strike"],"picked":"SKIP","floor":41.0},{"not_picked":["Iron Wave+1","Sentinel"],"picked":"Juggernaut","floor":44.0},{"not_picked":["Warcry","Heavy Blade+1","Anger"],"picked":"SKIP","floor":46.0}],"player_experience":344798,"relics_obtained":[{"floor":6.0,"key":"Pear"},{"floor":8.0,"key":"Blood Vial"},{"floor":9.0,"key":"Lantern"},{"floor":24.0,"key":"Self Forming Clay"},{"floor":43.0,"key":"Shuriken"},{"floor":45.0,"key":"StoneCalendar"}],"event_choices":[{"damage_healed":0.0,"max_hp_gain":5.0,"max_hp_loss":0.0,"gold_gain":0.0,"event_name":"Big Fish","player_choice":"Donut","floor":2.0,"gold_loss":0.0,"damage_taken":0.0},{"damage_healed":0.0,"max_hp_gain":0.0,"max_hp_loss":0.0,"gold_gain":0.0,"event_name":"Scrap Ooze","player_choice":"Success","floor":4.0,"gold_loss":0.0,"damage_taken":18.0,"relics_obtained":["Mercury Hourglass"]},{"damage_healed":0.0,"max_hp_gain":0.0,"max_hp_loss":0.0,"gold_gain":0.0,"event_name":"WeMeetAgain","player_choice":"Gave Potion","floor":5.0,"gold_loss":0.0,"damage_taken":0.0,"relics_obtained":["PreservedInsect"]},{"damage_healed":0.0,"max_hp_gain":0.0,"max_hp_loss":0.0,"gold_gain":0.0,"event_name":"Vampires","player_choice":"Became a vampire (Vial)","floor":20.0,"relics_lost":["Blood Vial"],"gold_loss":0.0,"damage_taken":0.0,"cards_obtained":["Bite","Bite","Bite","Bite","Bite"]},{"damage_healed":0.0,"max_hp_gain":0.0,"max_hp_loss":0.0,"gold_gain":0.0,"event_name":"N\u0027loth","player_choice":"Traded Relic","floor":25.0,"relics_lost":["Mercury Hourglass"],"gold_loss":0.0,"damage_taken":0.0,"relics_obtained":["Nloth\u0027s Gift"]},{"damage_healed":0.0,"max_hp_gain":0.0,"max_hp_loss":0.0,"gold_gain":0.0,"event_name":"Tomb of Lord Red Mask","player_choice":"Paid","floor":38.0,"gold_loss":165.0,"damage_taken":0.0,"relics_obtained":["Red Mask"]},{"damage_healed":0.0,"max_hp_gain":0.0,"max_hp_loss":5.0,"gold_gain":0.0,"event_name":"Winding Halls","player_choice":"Max HP","floor":39.0,"gold_loss":0.0,"damage_taken":0.0},{"damage_healed":0.0,"max_hp_gain":0.0,"max_hp_loss":0.0,"gold_gain":0.0,"event_name":"MindBloom","player_choice":"Fight","floor":45.0,"gold_loss":0.0,"damage_taken":0.0}],"is_beta":false,"boss_relics":[{"not_picked":["Orrery","Coffee Dripper"],"picked":"Philosopher\u0027s Stone"},{"not_picked":["Black Star","Runic Cube"],"picked":"Velvet Choker"}],"items_purged_floors":[37],"is_endless":false,"potions_floor_spawned":[1,11,14,16,24,31,33,41,44,45],"killed_by":"Nemesis","ascension_level":18}