{"gold_per_floor":[109,109,34,47,62,62,97,116,146,161,161,205,224,176,176,176],"floor_reached":16,"playtime":621,"items_purged":["Injury"],"score":196,"play_id":"c5a4080c-7749-43da-89a9-cf6b0c94ebf7","local_time":"20180804123452","is_ascension_mode":true,"campfire_choices":[{"data":"Neutralize","floor":6,"key":"SMITH"},{"data":"Finisher","floor":11,"key":"SMITH"},{"data":"Blade Dance","floor":15,"key":"SMITH"}],"neow_cost":"","seed_source_timestamp":15631952279632,"circlet_count":0,"master_deck":["Defend_G","Defend_G","Defend_G","Defend_G","Defend_G","Strike_G","Strike_G","Strike_G","Strike_G","Strike_G","Survivor","Neutralize+1","AscendersBane","Finisher+1","Slice","Adrenaline","Blade Dance+1","Dagger Spray","Backflip"],"special_seed":0,"relics":["Ring of the Snake","Golden Idol","Boot","Tiny Chest","Molten Egg 2"],"potions_floor_usage":[7],"damage_taken":[{"damage":9,"enemies":"Small Slimes","floor":1,"turns":6},{"damage":1,"enemies":"2 Louse","floor":4,"turns":2},{"damage":3,"enemies":"Cultist","floor":5,"turns":4},{"damage":2,"enemies":"Gremlin Nob","floor":7,"turns":3},{"damage":3,"enemies":"Gremlin Gang","floor":8,"turns":5},{"damage":0,"enemies":"Looter","floor":10,"turns":3},{"damage":5,"enemies":"3 Sentries","floor":12,"turns":5},{"damage":8,"enemies":"Exordium Wildlife","floor":13,"turns":3},{"damage":31,"enemies":"Hexaghost","floor":16,"turns":9}],"seed_played":"3278645966077369959","potions_obtained":[{"floor":1,"key":"SpeedPotion"},{"floor":5,"key":"Swift Potion"},{"floor":10,"key":"SpeedPotion"}],"is_trial":false,"path_per_floor":["M","?","$","M","M","R","E","M","T","M","R","E","M","$","R"],"character_chosen":"THE_SILENT","items_purchased":["Backflip"],"campfire_rested":0,"item_purchase_floors":[14],"current_hp_per_floor":[50,50,50,49,46,46,44,41,41,41,41,36,28,28,28,0],"gold":176,"neow_bonus":"","is_prod":false,"is_daily":false,"chose_seed":false,"campfire_upgraded":3,"win_rate":0,"timestamp":1533411292,"path_taken":["M","?","$","M","M","R","E","M","T","M","R","E","?","$","R","BOSS"],"build_version":"2018-08-02","purchased_purges":1,"victory":false,"max_hp_per_floor":[66,66,66,66,66,66,66,66,66,66,66,66,66,66,66,66],"card_choices":[{"not_picked":["Skewer","Dodge and Roll"],"picked":"Finisher","floor":1},{"not_picked":["Sucker Punch","Outmaneuver"],"picked":"Slice","floor":4},{"not_picked":["Bane","Skewer"],"picked":"Adrenaline","floor":5},{"not_picked":["Riddle With Holes","Underhanded Strike"],"picked":"Blade Dance","floor":7},{"not_picked":["Underhanded Strike","Sucker Punch","Predator"],"picked":"SKIP","floor":8},{"not_picked":["PiercingWail","Heel Hook"],"picked":"Dagger Spray","floor":10},{"not_picked":["Phantasmal Killer","Finisher","Accuracy"],"picked":"SKIP","floor":12},{"not_picked":["Underhanded Strike+1","Tactician","Slice+1"],"picked":"SKIP","floor":13}],"player_experience":1002131,"relics_obtained":[{"floor":7,"key":"Boot"},{"floor":9,"key":"Tiny Chest"},{"floor":12,"key":"Molten Egg 2"}],"event_choices":[{"event_name":"Golden Idol","player_choice":"Take Wound","floor":2,"damage_taken":0}],"is_beta":false,"boss_relics":[],"items_purged_floors":[3],"is_endless":false,"potions_floor_spawned":[1,5,10],"killed_by":"Hexaghost","ascension_level":15}