{"gold_per_floor":[114,129,144,159,174,174,204,219,269,296,308,339,389,420,432,569,581,612,564,595,626,713,725],"floor_reached":23,"playtime":2319,"items_purged":[],"score":199,"play_id":"aa7499df-69de-4864-8559-70a498c0ef27","local_time":"20190505130950","daily_mods":["Heirloom","Colorless Cards","DeadlyEvents"],"is_ascension_mode":false,"campfire_choices":[{"data":"Noxious Fumes","floor":6,"key":"SMITH"},{"floor":15,"key":"REST"}],"neow_cost":"","seed_source_timestamp":1359762561109573,"circlet_count":0,"master_deck":["Defend_G","Defend_G","Defend_G","Defend_G","Defend_G","Strike_G","Strike_G","Strike_G","Strike_G","Strike_G","Survivor","Neutralize","Deflect","Acrobatics","Deflect","Calculated Gamble","Noxious Fumes+1","Backflip","Well Laid Plans","Tactician","Bandage Up","Corpse Explosion","Reflex","Backflip","Poisoned Stab","Distraction","Accuracy","Crippling Poison+1","PiercingWail","PiercingWail","Bane+1"],"special_seed":18021,"relics":["Ring of the Snake","The Specimen","Tiny Chest","MawBank","Golden Idol","Gremlin Horn","Orrery"],"potions_floor_usage":[16,16,16],"damage_taken":[{"damage":2,"enemies":"Small Slimes","floor":1,"turns":4},{"damage":0,"enemies":"Jaw Worm","floor":2,"turns":10},{"damage":0,"enemies":"2 Louse","floor":3,"turns":3},{"damage":17,"enemies":"Exordium Thugs","floor":4,"turns":10},{"damage":0,"enemies":"Blue Slaver","floor":5,"turns":6},{"damage":0,"enemies":"Large Slime","floor":8,"turns":7},{"damage":0,"enemies":"Red Slaver","floor":10,"turns":6},{"damage":0,"enemies":"Exordium Wildlife","floor":12,"turns":6},{"damage":2,"enemies":"3 Sentries","floor":13,"turns":7},{"damage":3,"enemies":"2 Fungi Beasts","floor":14,"turns":6},{"damage":55,"enemies":"Slime Boss","floor":16,"turns":15},{"damage":30,"enemies":"3 Byrds","floor":18,"turns":4},{"damage":0,"enemies":"2 Thieves","floor":19,"turns":4},{"damage":0,"enemies":"Chosen and Byrds","floor":20,"turns":6},{"damage":23,"enemies":"Shelled Parasite and Fungi","floor":21,"turns":6},{"damage":28,"enemies":"Book of Stabbing","floor":23,"turns":7}],"seed_played":"1627038229609415699","potions_obtained":[{"floor":2,"key":"SkillPotion"},{"floor":4,"key":"Regen Potion"},{"floor":8,"key":"Poison Potion"},{"floor":16,"key":"SteroidPotion"},{"floor":18,"key":"SteroidPotion"}],"is_trial":false,"path_per_floor":["M","M","M","M","M","R","?","M","T","M","?","M","E","M","R","B",null,"M","M","M","M","?","E"],"character_chosen":"THE_SILENT","items_purchased":[],"campfire_rested":1,"item_purchase_floors":[],"current_hp_per_floor":[68,68,68,51,51,51,26,26,26,26,26,26,24,21,40,4,65,39,43,47,28,22,0],"gold":725,"neow_bonus":"","is_prod":false,"is_daily":true,"chose_seed":false,"campfire_upgraded":1,"win_rate":0,"timestamp":1557054590,"path_taken":["M","M","M","M","M","R","?","M","T","M","?","M","E","?","R","BOSS","M","M","M","M","?","E"],"build_version":"2019-01-23","purchased_purges":0,"victory":false,"max_hp_per_floor":[70,70,70,70,70,70,70,70,70,70,65,65,65,65,65,65,65,65,65,65,65,65,65],"card_choices":[{"not_picked":["Riddle With Holes","Quick Slash"],"picked":"Deflect","floor":1},{"not_picked":["Dash","Outmaneuver"],"picked":"Acrobatics","floor":2},{"not_picked":["Dodge and Roll","Masterful Stab"],"picked":"Deflect","floor":3},{"not_picked":["Forethought","Purity"],"picked":"Calculated Gamble","floor":4},{"not_picked":["Distraction","Backstab"],"picked":"Noxious Fumes","floor":5},{"not_picked":["Masterful Stab","Flying Knee"],"picked":"Backflip","floor":8},{"not_picked":["Dagger Spray","Backstab"],"picked":"Well Laid Plans","floor":10},{"not_picked":["Bane","Dodge and Roll","Dagger Throw"],"picked":"SKIP","floor":12},{"not_picked":["Finisher","All Out Attack"],"picked":"Tactician","floor":13},{"not_picked":["Masterful Stab","Deflect"],"picked":"Bandage Up","floor":14},{"not_picked":["Adrenaline","Glass Knife"],"picked":"Corpse Explosion","floor":16},{"not_picked":["Cloak And Dagger","Outmaneuver"],"picked":"Reflex","floor":17},{"not_picked":["Flechettes","Flying Knee"],"picked":"Backflip","floor":17},{"not_picked":["Dagger Throw","Blade Dance"],"picked":"Poisoned Stab","floor":17},{"not_picked":["Dodge and Roll","Blade Dance"],"picked":"Distraction","floor":17},{"not_picked":["Outmaneuver","Blade Dance"],"picked":"Accuracy","floor":17},{"not_picked":["Backflip","Apotheosis"],"picked":"Crippling Poison+1","floor":18},{"not_picked":["Blade Dance","Quick Slash"],"picked":"PiercingWail","floor":19},{"not_picked":["Expertise+1","Finisher"],"picked":"PiercingWail","floor":20},{"not_picked":["Sucker Punch","Deep Breath"],"picked":"Bane+1","floor":21}],"player_experience":58044,"relics_obtained":[{"floor":9,"key":"MawBank"},{"floor":13,"key":"Gremlin Horn"}],"event_choices":[{"damage_healed":0,"gold_gain":0,"player_choice":"Success","damage_taken":25,"relics_obtained":["Tiny Chest"],"max_hp_gain":0,"max_hp_loss":0,"event_name":"Scrap Ooze","floor":7,"gold_loss":0},{"damage_healed":0,"gold_gain":0,"player_choice":"Lose Max HP","damage_taken":0,"relics_obtained":["Golden Idol"],"max_hp_gain":0,"max_hp_loss":5,"event_name":"Golden Idol","floor":11,"gold_loss":0},{"damage_healed":0,"gold_gain":75,"player_choice":"Touch","damage_taken":6,"max_hp_gain":0,"max_hp_loss":0,"event_name":"FaceTrader","floor":22,"gold_loss":0}],"is_beta":false,"boss_relics":[{"not_picked":["White Beast Statue","Ectoplasm"],"picked":"Orrery"}],"items_purged_floors":[],"is_endless":false,"potions_floor_spawned":[2,4,8,10,16,18],"killed_by":"Book of Stabbing","ascension_level":0}