{"gold_per_floor":[119,119,119,142,43,43,82,82,105,120,144,69,69,103,103,199,199,218,233,233,163,181,181,215,231,231,275,275,288,311,349,349,443,443,461,511,527,546,570,570,291,314,314,348,348,348,77,110,110,110],"floor_reached":51,"playtime":2010,"items_purged":["Pain","Strike_R","Doubt"],"score":1475,"play_id":"85151ab2-7e7b-4767-98c0-4f6a94337885","local_time":"20190220174653","is_ascension_mode":true,"campfire_choices":[{"data":"Bash","floor":6.0,"key":"SMITH"},{"data":"Hemokinesis","floor":8.0,"key":"SMITH"},{"data":"Flame Barrier","floor":13.0,"key":"SMITH"},{"floor":15.0,"key":"REST"},{"data":"Whirlwind","floor":23.0,"key":"SMITH"},{"data":"Anger","floor":28.0,"key":"SMITH"},{"data":"Bludgeon","floor":32.0,"key":"SMITH"},{"floor":40,"key":"REST"},{"data":"Pummel","floor":45,"key":"SMITH"},{"floor":49,"key":"REST"}],"neow_cost":"NONE","seed_source_timestamp":34234543065963,"circlet_count":0,"master_deck":["AscendersBane","Strike_R","Strike_R","Strike_R","Defend_R","Defend_R","Defend_R","Defend_R","Bash+1","Hemokinesis+1","Flame Barrier+1","Clothesline","Cleave","Pommel Strike","Anger+1","Warcry+1","Bludgeon+1","Shrug It Off+1","Rage+1","Whirlwind+1","True Grit+1","Armaments+1","True Grit+1","Shockwave+1","Offering+1","Exhume+1","Spot Weakness+1","Power Through+1","Inflame","Pommel Strike+1","Headbutt","Pummel+1","Juggernaut","Disarm+1"],"special_seed":0,"relics":["Burning Blood","Golden Idol","WarpedTongs","Strawberry","Art of War","Toxic Egg 2","Velvet Choker","Lantern","Shuriken","Gambling Chip","Red Skull","Orrery","Darkstone Periapt","Pen Nib","Oddly Smooth Stone","Juzu Bracelet"],"potions_floor_usage":[38,44,48],"damage_taken":[{"damage":0.0,"enemies":"2 Louse","floor":1.0,"turns":3.0},{"damage":17.0,"enemies":"Jaw Worm","floor":4.0,"turns":2.0},{"damage":18.0,"enemies":"Gremlin Nob","floor":7.0,"turns":3.0},{"damage":2.0,"enemies":"Cultist","floor":10.0,"turns":3.0},{"damage":16.0,"enemies":"3 Louse","floor":11.0,"turns":2.0},{"damage":12.0,"enemies":"Lagavulin","floor":14.0,"turns":4.0},{"damage":36.0,"enemies":"The Guardian","floor":16.0,"turns":12.0},{"damage":12.0,"enemies":"2 Thieves","floor":18.0,"turns":4.0},{"damage":0.0,"enemies":"Chosen","floor":19.0,"turns":4.0},{"damage":6.0,"enemies":"3 Cultists","floor":22.0,"turns":5.0},{"damage":14.0,"enemies":"Slavers","floor":24.0,"turns":4.0},{"damage":2.0,"enemies":"Snecko","floor":25.0,"turns":3.0},{"damage":17.0,"enemies":"Book of Stabbing","floor":27.0,"turns":4.0},{"damage":2.0,"enemies":"Chosen and Byrds","floor":29.0,"turns":4.0},{"damage":0.0,"enemies":"3 Cultists","floor":30.0,"turns":3.0},{"damage":2.0,"enemies":"Gremlin Leader","floor":31.0,"turns":3.0},{"damage":52.0,"enemies":"Automaton","floor":33.0,"turns":10.0},{"damage":2.0,"enemies":"3 Shapes","floor":35.0,"turns":3.0},{"damage":21,"enemies":"3 Darklings","floor":37,"turns":6},{"damage":29,"enemies":"Writhing Mass","floor":38,"turns":9},{"damage":28,"enemies":"Transient","floor":39,"turns":5},{"damage":2,"enemies":"Sphere and 2 Shapes","floor":42,"turns":2},{"damage":8,"enemies":"Reptomancer","floor":44,"turns":3},{"damage":44,"enemies":"Giant Head","floor":48,"turns":6},{"damage":61,"enemies":"Time Eater","floor":50,"turns":13}],"seed_played":"-6289899619616818986","potions_obtained":[{"floor":1.0,"key":"SpeedPotion"},{"floor":10.0,"key":"FearPotion"},{"floor":20.0,"key":"Explosive Potion"},{"floor":25.0,"key":"Explosive Potion"},{"floor":27.0,"key":"Energy Potion"},{"floor":29.0,"key":"SkillPotion"},{"floor":37,"key":"Swift Potion"},{"floor":44,"key":"Ancient Potion"}],"is_trial":false,"path_per_floor":["M","?","?","M","$","R","E","R","T","M","M","?","R","E","R","B",null,"M","M","?","$","M","R","E","M","T","E","R","M","M","E","R","B",null,"M","?","M","M","M","R","$","M","T","E","R","?","$","E","R","B",null],"character_chosen":"IRONCLAD","items_purchased":["Clothesline","Whirlwind","PowerPotion","Pummel","FearPotion","Oddly Smooth Stone"],"campfire_rested":3,"item_purchase_floors":[5,21,41,41,41,47],"current_hp_per_floor":[81,53,53,42,42,42,37,37,37,41,31,31,31,25,51,21,72,66,72,72,72,72,72,64,68,68,57,57,61,67,71,71,25,73,77,77,62,39,17,43,43,47,47,45,45,95,95,57,85,30],"gold":110,"neow_bonus":"TEN_PERCENT_HP_BONUS","is_prod":false,"is_daily":false,"chose_seed":false,"campfire_upgraded":7,"win_rate":0,"timestamp":1550713613,"path_taken":["M","?","?","?","$","R","E","R","T","M","M","?","R","E","R","BOSS","M","M","?","$","?","R","E","M","T","E","R","M","?","E","R","BOSS","M","?","M","?","M","R","$","M","T","E","R","?","$","E","R","BOSS"],"build_version":"2019-01-23","purchased_purges":3,"victory":true,"max_hp_per_floor":[82,82,82,82,82,82,89,89,89,89,89,89,89,89,89,89,89,89,89,89,89,89,89,89,89,89,89,89,89,89,89,89,89,89,89,89,89,89,89,89,89,89,89,89,89,95,95,95,95,95],"card_choices":[{"not_picked":["Dropkick","Sever Soul"],"picked":"Hemokinesis","floor":1.0},{"not_picked":["Infernal Blade","Fire Breathing"],"picked":"Flame Barrier","floor":4.0},{"not_picked":["Infernal Blade","Sword Boomerang"],"picked":"Cleave","floor":7.0},{"not_picked":["True Grit","Heavy Blade"],"picked":"Pommel Strike","floor":10.0},{"not_picked":["Twin Strike","Combust"],"picked":"Anger","floor":11.0},{"not_picked":["Anger","Sword Boomerang"],"picked":"Warcry","floor":14.0},{"not_picked":["Dark Embrace","Brutality"],"picked":"Bludgeon","floor":16.0},{"not_picked":["Dual Wield+1","Armaments+1"],"picked":"Shrug It Off+1","floor":18.0},{"not_picked":["Ghostly Armor+1","Warcry+1"],"picked":"Rage+1","floor":19.0},{"not_picked":["Burning Pact+1","Dual Wield+1"],"picked":"True Grit+1","floor":22.0},{"not_picked":["Wild Strike+1","Twin Strike","Rampage"],"picked":"SKIP","floor":24.0},{"not_picked":["Heavy Blade","Anger"],"picked":"Armaments+1","floor":25.0},{"not_picked":["Pommel Strike","Clash"],"picked":"True Grit+1","floor":27.0},{"not_picked":["Iron Wave","Clash","Havoc+1"],"picked":"SKIP","floor":29.0},{"not_picked":["Sever Soul","Rage+1","Hemokinesis"],"picked":"SKIP","floor":30.0},{"not_picked":["Sword Boomerang","Hemokinesis"],"picked":"Shockwave+1","floor":31.0},{"not_picked":["Dark Embrace","Exhume+1"],"picked":"Offering+1","floor":33.0},{"not_picked":["Clothesline","Anger"],"picked":"Exhume+1","floor":34.0},{"not_picked":["Shrug It Off+1","Sword Boomerang"],"picked":"Spot Weakness+1","floor":34.0},{"not_picked":["Bloodletting+1","Evolve"],"picked":"Power Through+1","floor":34.0},{"not_picked":["Carnage","Anger"],"picked":"Inflame","floor":35.0},{"not_picked":["Flex+1","Warcry+1"],"picked":"Pommel Strike+1","floor":37},{"not_picked":["Perfected Strike","Warcry+1","Twin Strike"],"picked":"SKIP","floor":38},{"not_picked":["Sever Soul","Flex+1"],"picked":"Headbutt","floor":39},{"not_picked":["Cleave","Twin Strike","Thunderclap+1"],"picked":"SKIP","floor":42},{"not_picked":["Havoc+1","Cleave"],"picked":"Juggernaut","floor":44},{"not_picked":["Blood for Blood+1","Exhume+1"],"picked":"Disarm+1","floor":48}],"player_experience":2229171,"relics_obtained":[{"floor":7.0,"key":"Strawberry"},{"floor":9.0,"key":"Art of War"},{"floor":14.0,"key":"Toxic Egg 2"},{"floor":24.0,"key":"Lantern"},{"floor":26.0,"key":"Shuriken"},{"floor":27.0,"key":"Gambling Chip"},{"floor":31.0,"key":"Red Skull"},{"floor":43,"key":"Darkstone Periapt"},{"floor":44,"key":"Pen Nib"},{"floor":48,"key":"Juzu Bracelet"}],"event_choices":[{"damage_healed":0.0,"max_hp_gain":0.0,"max_hp_loss":0.0,"gold_gain":0.0,"event_name":"Golden Idol","player_choice":"Take Damage","floor":2.0,"gold_loss":0.0,"damage_taken":28.0,"relics_obtained":["Golden Idol"]},{"damage_healed":0.0,"max_hp_gain":0.0,"max_hp_loss":0.0,"gold_gain":0.0,"event_name":"Accursed Blacksmith","player_choice":"Rummage","floor":3.0,"gold_loss":0.0,"damage_taken":0.0,"relics_obtained":["WarpedTongs"],"cards_obtained":["Pain"]},{"cards_removed":["Strike_R"],"damage_healed":0.0,"max_hp_gain":0.0,"max_hp_loss":0.0,"gold_gain":0.0,"event_name":"The Cleric","player_choice":"Card Removal","floor":12.0,"gold_loss":75.0,"damage_taken":0.0},{"damage_healed":0.0,"max_hp_gain":0.0,"max_hp_loss":0.0,"gold_gain":0.0,"event_name":"Lab","player_choice":"Got Potions","floor":20.0,"gold_loss":0.0,"damage_taken":0.0},{"damage_healed":0.0,"max_hp_gain":0.0,"max_hp_loss":0.0,"gold_gain":50.0,"event_name":"Golden Shrine","player_choice":"Pray","floor":36.0,"gold_loss":0.0,"damage_taken":0.0},{"damage_healed":44,"gold_gain":0,"player_choice":"Heal","damage_taken":0,"max_hp_gain":0,"max_hp_loss":0,"event_name":"MindBloom","floor":46,"gold_loss":0,"cards_obtained":["Doubt"]}],"is_beta":false,"boss_relics":[{"not_picked":["Empty Cage","Tiny House"],"picked":"Velvet Choker"},{"not_picked":["Cursed Key","Philosopher\u0027s Stone"],"picked":"Orrery"}],"items_purged_floors":[5,41,47],"is_endless":false,"potions_floor_spawned":[1,10,25,27,29,31,37,42,44],"ascension_level":15}