{"gold_per_floor":[116,116,116,30,105,105,140,28,28,42,42,53,80,94,94,94],"floor_reached":16,"playtime":692,"items_purged":["Regret"],"score":219,"play_id":"8d05f790-6b7d-43f9-9b54-bf8e31341946","local_time":"20190116223925","is_ascension_mode":true,"campfire_choices":[{"data":"Hyperbeam","floor":6.0,"key":"SMITH"},{"data":"Go for the Eyes","floor":11.0,"key":"SMITH"},{"data":"Conserve Battery","floor":15.0,"key":"SMITH"}],"neow_cost":"NONE","seed_source_timestamp":425210321170779,"circlet_count":0,"master_deck":["AscendersBane","Strike_B","Strike_B","Strike_B","Strike_B","Defend_B","Defend_B","Defend_B","Defend_B","Zap","Dualcast","Hyperbeam+1","Go for the Eyes+1","BootSequence","Self Repair","FTL","All For One","Conserve Battery+1"],"special_seed":0,"relics":["Cracked Core","Mango","Blue Candle","Gremlin Horn","Singing Bowl"],"potions_floor_usage":[],"damage_taken":[{"damage":0.0,"enemies":"2 Louse","floor":1.0,"turns":1.0},{"damage":17.0,"enemies":"Gremlin Nob","floor":7.0,"turns":4.0},{"damage":0.0,"enemies":"Small Slimes","floor":10.0,"turns":2.0},{"damage":0.0,"enemies":"Jaw Worm","floor":12.0,"turns":2.0},{"damage":25.0,"enemies":"Lagavulin","floor":13.0,"turns":4.0},{"damage":0.0,"enemies":"Exordium Thugs","floor":14.0,"turns":1.0},{"damage":64,"enemies":"The Guardian","floor":16,"turns":11}],"seed_played":"-493848057455627570","potions_obtained":[{"floor":10.0,"key":"SpeedPotion"},{"floor":12.0,"key":"Fruit Juice"},{"floor":13.0,"key":"Ancient Potion"}],"is_trial":false,"path_per_floor":["M","$","?","$","?","R","E","$","T","M","R","M","E","M","R","B"],"character_chosen":"DEFECT","items_purchased":["BootSequence","FTL"],"campfire_rested":0,"item_purchase_floors":[4,8],"current_hp_per_floor":[64,64,78,78,67,67,50,50,50,57,57,69,51,58,58,0],"gold":94,"neow_bonus":"ONE_RANDOM_RARE_CARD","is_prod":false,"is_daily":false,"chose_seed":false,"campfire_upgraded":3,"win_rate":0,"timestamp":1547674765,"path_taken":["M","$","?","$","?","R","E","$","T","M","R","M","E","M","R","BOSS"],"build_version":"2019-01-10","purchased_purges":1,"victory":false,"max_hp_per_floor":[71,71,85,85,85,85,85,85,85,85,85,90,90,90,90,90],"card_choices":[{"not_picked":["Barrage","Sweeping Beam"],"picked":"Go for the Eyes","floor":1.0},{"not_picked":["Leap","Barrage"],"picked":"Self Repair","floor":7.0},{"not_picked":["Compile Driver","Static Discharge","Cold Snap"],"picked":"SKIP","floor":10.0},{"not_picked":["Blizzard","Turbo","Recycle"],"picked":"SKIP","floor":12.0},{"not_picked":["FTL","Stack"],"picked":"All For One","floor":13.0},{"not_picked":["Sweeping Beam","Double Energy"],"picked":"Conserve Battery","floor":14.0}],"player_experience":479054,"relics_obtained":[{"floor":7.0,"key":"Blue Candle"},{"floor":9.0,"key":"Gremlin Horn"},{"floor":13.0,"key":"Singing Bowl"}],"event_choices":[{"damage_healed":0.0,"max_hp_gain":0.0,"max_hp_loss":0.0,"gold_gain":0.0,"event_name":"Big Fish","player_choice":"Box","floor":3.0,"gold_loss":0.0,"damage_taken":0.0,"relics_obtained":["Mango"],"cards_obtained":["Regret"]},{"damage_healed":0.0,"max_hp_gain":0.0,"max_hp_loss":0.0,"gold_gain":75.0,"event_name":"World of Goop","player_choice":"Gather Gold","floor":5.0,"gold_loss":0.0,"damage_taken":11.0}],"is_beta":false,"boss_relics":[],"items_purged_floors":[8],"is_endless":false,"potions_floor_spawned":[10,12,13],"killed_by":"The Guardian","ascension_level":16}