{"gold_per_floor":[118,29,47,65,139,171,171,206,206,239,239,272,292,321,321,397,397,415,340,340,340],"floor_reached":21,"playtime":926,"items_purged":[],"score":530,"play_id":"2e4c3052-fb98-4373-a837-57d4df58c5c4","local_time":"20190118111325","daily_mods":["SealedDeck","DeadlyEvents","Elite Swarm"],"is_ascension_mode":true,"campfire_choices":[{"data":"Noxious Fumes","floor":7,"key":"SMITH"},{"data":"Catalyst","floor":11,"key":"SMITH"},{"data":"Bouncing Flask","floor":15,"key":"SMITH"}],"neow_cost":"","seed_source_timestamp":0,"circlet_count":0,"master_deck":["AscendersBane","Flying Knee+1","Dodge and Roll","Dash+1","Backflip","Dodge and Roll","Leg Sweep","Bouncing Flask+1","Catalyst+1","Noxious Fumes+1","Footwork","Well Laid Plans","After Image","Corpse Explosion"],"relics":["Ring of the Snake","Whetstone","Gambling Chip","Blood Vial","Frozen Egg 2","Smiling Mask","Strawberry","Runic Pyramid"],"potions_floor_usage":[8,21],"damage_taken":[{"damage":0,"enemies":"Small Slimes","floor":1,"turns":4},{"damage":0,"enemies":"2 Louse","floor":3,"turns":4},{"damage":0,"enemies":"Jaw Worm","floor":4,"turns":3},{"damage":12,"enemies":"Gremlin Nob","floor":6,"turns":4},{"damage":2,"enemies":"3 Sentries","floor":8,"turns":7},{"damage":0,"enemies":"Lagavulin","floor":10,"turns":6},{"damage":5,"enemies":"Gremlin Nob","floor":12,"turns":3},{"damage":0,"enemies":"2 Fungi Beasts","floor":13,"turns":3},{"damage":0,"enemies":"Lagavulin","floor":14,"turns":5},{"damage":33,"enemies":"The Guardian","floor":16,"turns":5},{"damage":8,"enemies":"Shell Parasite","floor":18,"turns":7},{"damage":77,"enemies":"Slavers","floor":21,"turns":4}],"seed_played":"4465604808086068122","potions_obtained":[{"floor":3,"key":"Regen Potion"},{"floor":4,"key":"SkillPotion"},{"floor":8,"key":"Dexterity Potion"}],"is_trial":true,"path_per_floor":["M","$","M","M","?","E","R","E","T","E","R","E","M","E","R","B",null,"M","?","?","E"],"character_chosen":"THE_SILENT","items_purchased":["Footwork"],"campfire_rested":0,"item_purchase_floors":[2],"current_hp_per_floor":[59,59,59,59,59,47,47,45,45,47,47,44,46,55,55,24,61,55,55,55,0],"gold":340,"neow_bonus":"","is_prod":false,"is_daily":false,"chose_seed":false,"campfire_upgraded":3,"win_rate":0,"timestamp":1547838805,"path_taken":["M","$","M","M","?","E","R","E","T","E","R","E","M","E","R","BOSS","M","?","?","?"],"build_version":"2019-01-17v2","purchased_purges":0,"victory":false,"max_hp_per_floor":[66,66,66,66,66,66,66,66,66,66,66,66,66,73,73,73,73,73,73,73,73],"card_choices":[{"not_picked":["Dash","Backflip","Leg Sweep"],"picked":"SKIP","floor":1},{"not_picked":["Crippling Poison","Acrobatics"],"picked":"Well Laid Plans","floor":3},{"not_picked":["Heel Hook","Backflip","Slice"],"picked":"SKIP","floor":4},{"not_picked":["Night Terror","Doppelganger"],"picked":"After Image","floor":6},{"not_picked":["Envenom","Bullet Time","After Image"],"picked":"SKIP","floor":8},{"not_picked":["After Image","Tools of the Trade"],"picked":"Corpse Explosion","floor":10},{"not_picked":["Bullet Time","Doppelganger","Unload"],"picked":"SKIP","floor":12},{"not_picked":["Flying Knee","Dagger Throw","Infinite Blades+1"],"picked":"SKIP","floor":13},{"not_picked":["Tools of the Trade+1","Grand Finale","Corpse Explosion"],"picked":"SKIP","floor":14},{"not_picked":["Accuracy+1","Backflip","Bane"],"picked":"SKIP","floor":18}],"player_experience":2004065,"relics_obtained":[{"floor":6,"key":"Whetstone"},{"floor":8,"key":"Gambling Chip"},{"floor":9,"key":"Blood Vial"},{"floor":10,"key":"Frozen Egg 2"},{"floor":12,"key":"Smiling Mask"},{"floor":14,"key":"Strawberry"}],"event_choices":[{"damage_healed":0,"gold_gain":74,"player_choice":"Gained Gold","damage_taken":0,"max_hp_gain":0,"max_hp_loss":0,"event_name":"Golden Wing","floor":5,"gold_loss":0},{"cards_removed":["Poisoned Stab"],"damage_healed":0,"gold_gain":0,"player_choice":"Gave Gold","damage_taken":0,"max_hp_gain":0,"max_hp_loss":0,"event_name":"Beggar","floor":19,"gold_loss":75},{"damage_healed":0,"gold_gain":0,"player_choice":"Ignored","damage_taken":0,"max_hp_gain":0,"max_hp_loss":0,"event_name":"Ghosts","floor":20,"gold_loss":0}],"is_beta":false,"boss_relics":[{"not_picked":["Lizard Tail","Runic Dome"],"picked":"Runic Pyramid"}],"items_purged_floors":[],"is_endless":false,"potions_floor_spawned":[3,4,6,8,12,14],"killed_by":"Slavers","ascension_level":20}