{"gold_per_floor":[110,129,129,149,160,185,185,214,237,263,273,303,303,329,329,402,402,412,429,261,273,273,273,298,310,322,334,676,688,734,775,787,875,887,909,941,552,562,397,397,423,423,423,448,464,464,499,534,534,534,534,534,534,14,45,45],"floor_reached":57,"playtime":2531,"items_purged":["Anger"],"score":3918,"play_id":"35be4ba7-3136-4630-b9ac-ea2b0eb9becc","local_time":"20190105204955","daily_mods":["SealedDeck","DeadlyEvents","Elite Swarm"],"is_ascension_mode":true,"campfire_choices":[{"data":"Body Slam","floor":7.0,"key":"SMITH"},{"data":"Body Slam","floor":13.0,"key":"SMITH"},{"data":"Armaments","floor":15.0,"key":"SMITH"},{"data":"Disarm","floor":23.0,"key":"SMITH"},{"data":"Immolate","floor":25.0,"key":"SMITH"},{"data":"Dark Embrace","floor":32,"key":"SMITH"},{"data":"Feel No Pain","floor":40,"key":"SMITH"},{"data":"Barricade","floor":42,"key":"SMITH"},{"floor":49,"key":"RECALL"},{"data":"Exhume","floor":53,"key":"SMITH"}],"neow_cost":"","seed_source_timestamp":42902515519326,"circlet_count":0,"master_deck":["AscendersBane","Havoc","Body Slam+1","Shrug It Off","Body Slam+1","Pommel Strike","Armaments+1","Shockwave","Feel No Pain+1","Disarm+1","Battle Trance","Uppercut","Impervious+1","Exhume+1","Fiend Fire","Offering","Impervious","Immolate+1","Barricade+1","Dark Embrace+1","Exhume","Impervious+1","Exhume+1","Juggernaut","True Grit+1","Armaments+1","Burning Pact+1","Disarm+1"],"special_seed":0,"relics":["Burning Blood","Mercury Hourglass","Centennial Puzzle","Ancient Tea Set","Torii","Ornamental Fan","Strawberry","Black Star","Bronze Scales","MawBank","Unceasing Top","Mummified Hand","Anchor","Old Coin","Gambling Chip","Kunai","Bottled Tornado","PreservedInsect","Bag of Preparation","Velvet Choker","Membership Card","Toxic Egg 2","Thread and Needle","Darkstone Periapt","Dodecahedron","The Courier","Happy Flower","Singing Bowl","Pocketwatch","Meat on the Bone","Self Forming Clay","Art of War","Oddly Smooth Stone","Blood Vial","Lantern","Gremlin Horn","Vajra","Mango","Paper Frog"],"potions_floor_usage":[],"damage_taken":[{"damage":0.0,"enemies":"Cultist","floor":1.0,"turns":3.0},{"damage":4.0,"enemies":"2 Louse","floor":2.0,"turns":3.0},{"damage":0.0,"enemies":"Small Slimes","floor":4.0,"turns":2.0},{"damage":2.0,"enemies":"Red Slaver","floor":5.0,"turns":4.0},{"damage":0.0,"enemies":"Lagavulin","floor":6.0,"turns":5.0},{"damage":0.0,"enemies":"Gremlin Nob","floor":8.0,"turns":3.0},{"damage":0.0,"enemies":"3 Sentries","floor":10.0,"turns":4.0},{"damage":3.0,"enemies":"Lots of Slimes","floor":11.0,"turns":3.0},{"damage":6.0,"enemies":"Gremlin Nob","floor":12.0,"turns":3.0},{"damage":6.0,"enemies":"3 Sentries","floor":14.0,"turns":3.0},{"damage":6.0,"enemies":"Hexaghost","floor":16.0,"turns":5.0},{"damage":20.0,"enemies":"Shell Parasite","floor":18.0,"turns":4.0},{"damage":0.0,"enemies":"Spheric Guardian","floor":19.0,"turns":4.0},{"damage":19.0,"enemies":"Snake Plant","floor":21.0,"turns":2.0},{"damage":7.0,"enemies":"Book of Stabbing","floor":24.0,"turns":2.0},{"damage":16,"enemies":"Slavers","floor":28,"turns":3},{"damage":6,"enemies":"Book of Stabbing","floor":30,"turns":2},{"damage":6,"enemies":"Gremlin Leader","floor":31,"turns":3},{"damage":6,"enemies":"Automaton","floor":33,"turns":3},{"damage":0,"enemies":"Orb Walker","floor":35,"turns":1},{"damage":6,"enemies":"3 Shapes","floor":36,"turns":2},{"damage":6,"enemies":"Writhing Mass","floor":38,"turns":3},{"damage":6,"enemies":"Nemesis","floor":41,"turns":5},{"damage":6,"enemies":"Reptomancer","floor":44,"turns":3},{"damage":6,"enemies":"Spire Growth","floor":45,"turns":3},{"damage":6,"enemies":"Giant Head","floor":47,"turns":3},{"damage":27,"enemies":"Reptomancer","floor":48,"turns":4},{"damage":6,"enemies":"Donu and Deca","floor":50,"turns":4},{"damage":6,"enemies":"Time Eater","floor":51,"turns":6},{"damage":7,"enemies":"Shield and Spear","floor":55,"turns":3},{"damage":6,"enemies":"The Heart","floor":56,"turns":7}],"seed_played":"446686997940463100","potions_obtained":[{"floor":1.0,"key":"Block Potion"},{"floor":5.0,"key":"SpeedPotion"},{"floor":8.0,"key":"LiquidBronze"},{"floor":10.0,"key":"Strength Potion"},{"floor":19.0,"key":"Swift Potion"},{"floor":21.0,"key":"Regen Potion"},{"floor":33,"key":"PowerPotion"}],"is_trial":true,"path_per_floor":["M","M","T","M","M","E","R","E","T","E","M","E","R","E","R","B",null,"M","M","$","M","?","R","E","R","T","?","E","T","E","E","R","B",null,"M","M","$","M","$","R","E","R","T","E","M","?","E","E","R","B","B",null,"R","$","E","B",null],"character_chosen":"IRONCLAD","items_purchased":["Bronze Scales","Membership Card","Toxic Egg 2","Thread and Needle","True Grit+1","Armaments+1","Burning Pact+1","Disarm+1","Art of War","Oddly Smooth Stone","Blood Vial","Lantern","Gremlin Horn","Vajra"],"campfire_rested":0,"item_purchase_floors":[20,37,37,39,54,54,54,54,54,54,54,54,54,54],"current_hp_per_floor":[74,75,75,75,75,75,75,75,75,75,75,75,75,82,82,82,82,68,74,74,61,61,61,65,65,65,65,55,55,55,55,55,55,75,81,81,81,81,81,81,81,81,81,81,81,81,81,62,62,62,62,79,79,79,96,98],"gold":45,"neow_bonus":"","is_prod":false,"is_daily":false,"chose_seed":false,"campfire_upgraded":9,"win_rate":0,"timestamp":1546750195,"path_taken":["M","?","?","M","?","E","R","E","T","E","M","E","R","E","R","BOSS","M","M","$","M","?","R","E","R","T","?","E","?","E","?","R","BOSS","M","M","$","M","?","R","E","R","T","E","M","?","E","?","R","BOSS","BOSS","R","$","E","BOSS"],"build_version":"2019-01-03v4","purchased_purges":1,"victory":true,"max_hp_per_floor":[75,75,75,75,75,75,75,75,75,75,75,75,75,82,82,82,82,82,82,82,82,82,82,82,82,82,82,82,82,82,82,82,82,82,82,82,82,82,82,82,82,82,82,82,82,82,82,84,84,84,84,84,84,84,100,100],"card_choices":[{"not_picked":["Cleave","Battle Trance"],"picked":"Disarm","floor":1.0},{"not_picked":["Thunderclap","Armaments"],"picked":"Battle Trance","floor":2.0},{"not_picked":["Body Slam","Rage","Wild Strike"],"picked":"SKIP","floor":4.0},{"not_picked":["Evolve","Clash"],"picked":"Uppercut","floor":5.0},{"not_picked":["Double Tap","Immolate"],"picked":"Impervious","floor":6.0},{"not_picked":["Limit Break","Bludgeon"],"picked":"Exhume","floor":8.0},{"not_picked":["Feed","Impervious"],"picked":"Fiend Fire","floor":10.0},{"not_picked":["Iron Wave","Clothesline","Dropkick"],"picked":"SKIP","floor":11.0},{"not_picked":["Dark Embrace","Fiend Fire"],"picked":"Offering","floor":12.0},{"not_picked":["Limit Break","Brutality"],"picked":"Impervious","floor":14.0},{"not_picked":["Headbutt","Ghostly Armor","True Grit"],"picked":"SKIP","floor":18.0},{"not_picked":["Flex","Havoc","Metallicize"],"picked":"SKIP","floor":19.0},{"not_picked":["Headbutt","Cleave","Twin Strike"],"picked":"SKIP","floor":21.0},{"not_picked":["Juggernaut","Exhume"],"picked":"Immolate","floor":24.0},{"not_picked":["Limit Break","Immolate","Impervious"],"picked":"SKIP","floor":28},{"not_picked":["Berserk","Brutality"],"picked":"Barricade","floor":30},{"not_picked":["Double Tap","Exhume"],"picked":"Dark Embrace","floor":31},{"not_picked":["Double Tap","Bludgeon"],"picked":"Exhume","floor":33},{"not_picked":["Anger+1","Heavy Blade","Warcry"],"picked":"SKIP","floor":35},{"not_picked":["Warcry","Rampage+1","True Grit"],"picked":"SKIP","floor":36},{"not_picked":["Heavy Blade","Rupture","Wild Strike"],"picked":"SKIP","floor":38},{"not_picked":["Double Tap+1","Feed"],"picked":"Impervious+1","floor":41},{"not_picked":["Dark Embrace","Fiend Fire"],"picked":"Exhume+1","floor":44},{"not_picked":["Fire Breathing+1","Rampage","Dual Wield+1"],"picked":"SKIP","floor":45},{"not_picked":["Bludgeon","Limit Break+1"],"picked":"Juggernaut","floor":47},{"not_picked":["Double Tap+1","Feed","Brutality"],"picked":"Singing Bowl","floor":48},{"not_picked":["Berserk","Double Tap+1","Demon Form"],"picked":"Singing Bowl","floor":55}],"player_experience":1963911,"relics_obtained":[{"floor":3.0,"key":"Mercury Hourglass"},{"floor":6.0,"key":"Centennial Puzzle"},{"floor":9.0,"key":"Ancient Tea Set"},{"floor":10.0,"key":"Torii"},{"floor":12.0,"key":"Ornamental Fan"},{"floor":14.0,"key":"Strawberry"},{"floor":24.0,"key":"MawBank"},{"floor":24.0,"key":"Unceasing Top"},{"floor":26.0,"key":"Mummified Hand"},{"floor":28,"key":"Anchor"},{"floor":28,"key":"Old Coin"},{"floor":29,"key":"Gambling Chip"},{"floor":30,"key":"Kunai"},{"floor":30,"key":"Bottled Tornado"},{"floor":31,"key":"PreservedInsect"},{"floor":31,"key":"Bag of Preparation"},{"floor":41,"key":"Darkstone Periapt"},{"floor":41,"key":"Dodecahedron"},{"floor":44,"key":"The Courier"},{"floor":44,"key":"Happy Flower"},{"floor":47,"key":"Singing Bowl"},{"floor":47,"key":"Pocketwatch"},{"floor":48,"key":"Meat on the Bone"},{"floor":48,"key":"Self Forming Clay"},{"floor":55,"key":"Mango"},{"floor":55,"key":"Paper Frog"}],"event_choices":[{"cards_removed":["Headbutt"],"damage_healed":0.0,"max_hp_gain":0.0,"max_hp_loss":0.0,"gold_gain":0.0,"event_name":"Back to Basics","player_choice":"Elegance","floor":22.0,"gold_loss":0.0,"damage_taken":0.0},{"damage_healed":0.0,"max_hp_gain":0.0,"max_hp_loss":0.0,"gold_gain":0.0,"event_name":"Vampires","player_choice":"Ignored","floor":27.0,"gold_loss":0.0,"damage_taken":0.0},{"damage_healed":0,"gold_gain":0,"player_choice":"Upgraded","damage_taken":0,"max_hp_gain":0,"max_hp_loss":0,"event_name":"Upgrade Shrine","floor":46,"gold_loss":0,"cards_upgraded":["Impervious"]}],"is_beta":false,"boss_relics":[{"not_picked":["Fusion Hammer","Busted Crown"],"picked":"Black Star"},{"not_picked":["Runic Pyramid","Tiny House"],"picked":"Velvet Choker"}],"items_purged_floors":[37],"is_endless":false,"potions_floor_spawned":[1,5,8,10,12,19,21,33,35,38,45,47],"ascension_level":20}