{"gold_per_floor":[116,128,128,128,138,164,164,194,247,247,422,422,437,455,455,575,575,589,789,599,618,232,232,268,268,268,282,302,326,326,345,345,466,466,491,491,616,139,163,163,177,177,177,192,192,213,213,226,226,226],"floor_reached":50,"playtime":5124,"items_purged":["Doubt","Injury"],"score":594,"play_id":"8cd6c4df-67f5-42d1-b2c9-15235fe26fd2","local_time":"20190429235931","is_ascension_mode":true,"campfire_choices":[{"floor":7.0,"key":"REST"},{"floor":12.0,"key":"REST"},{"floor":15.0,"key":"REST"},{"floor":23.0,"key":"REST"},{"floor":25.0,"key":"REST"},{"floor":30.0,"key":"REST"},{"floor":32.0,"key":"REST"},{"floor":40.0,"key":"REST"},{"floor":42.0,"key":"REST"},{"floor":47,"key":"REST"},{"floor":49,"key":"REST"}],"neow_cost":"NONE","seed_source_timestamp":0,"circlet_count":0,"master_deck":["Defend_G","Defend_G","Defend_G","Defend_G","Defend_G","Strike_G","Strike_G","Strike_G","Strike_G","Survivor+1","Neutralize","Blade Dance","Backstab+1","Quick Slash","Footwork","Burst","Dash","Phantasmal Killer","Noxious Fumes","Caltrops","Crippling Poison","Blade Dance+1","Glass Knife","Chrysalis","Sadistic Nature","Blur+1","Apotheosis","Accuracy","Concentrate+1","Parasite","Noxious Fumes","PiercingWail+1"],"special_seed":0,"relics":["Ring of the Snake","Kunai","Bag of Marbles","Juzu Bracelet","Golden Idol","Busted Crown","Ginger","Singing Bowl","Sundial","WristBlade","Ice Cream","Mummified Hand","Bottled Tornado"],"potions_floor_usage":[50,50,50],"damage_taken":[{"damage":2.0,"enemies":"Jaw Worm","floor":1.0,"turns":5.0},{"damage":1.0,"enemies":"Cultist","floor":2.0,"turns":4.0},{"damage":0.0,"enemies":"2 Louse","floor":5.0,"turns":1.0},{"damage":34.0,"enemies":"Gremlin Nob","floor":6.0,"turns":5.0},{"damage":22.0,"enemies":"3 Sentries","floor":8.0,"turns":10.0},{"damage":0.0,"enemies":"2 Fungi Beasts","floor":13.0,"turns":2.0},{"damage":0.0,"enemies":"Blue Slaver","floor":14.0,"turns":3.0},{"damage":53.0,"enemies":"The Guardian","floor":16.0,"turns":22.0},{"damage":13.0,"enemies":"3 Byrds","floor":18.0,"turns":10.0},{"damage":4.0,"enemies":"Chosen","floor":21.0,"turns":6.0},{"damage":22.0,"enemies":"Slavers","floor":24.0,"turns":9.0},{"damage":13.0,"enemies":"Snake Plant","floor":27.0,"turns":5.0},{"damage":13.0,"enemies":"Centurion and Healer","floor":28.0,"turns":5.0},{"damage":7.0,"enemies":"Shelled Parasite and Fungi","floor":29.0,"turns":8.0},{"damage":2.0,"enemies":"Snake Plant","floor":31.0,"turns":4.0},{"damage":59.0,"enemies":"Collector","floor":33.0,"turns":13.0},{"damage":6.0,"enemies":"Orb Walker","floor":35.0,"turns":3.0},{"damage":0.0,"enemies":"Mind Bloom Boss Battle","floor":37.0,"turns":5.0},{"damage":21.0,"enemies":"3 Darklings","floor":39.0,"turns":4.0},{"damage":41.0,"enemies":"Transient","floor":41.0,"turns":5.0},{"damage":45.0,"enemies":"Writhing Mass","floor":44.0,"turns":5.0},{"damage":5,"enemies":"3 Darklings","floor":46,"turns":4},{"damage":25,"enemies":"Jaw Worm Horde","floor":48,"turns":5},{"damage":44,"enemies":"Awakened One","floor":50,"turns":3}],"seed_played":"3510920751805472857","potions_obtained":[{"floor":0.0,"key":"Dexterity Potion"},{"floor":0.0,"key":"FearPotion"},{"floor":0.0,"key":"PowerPotion"},{"floor":1.0,"key":"Regen Potion"},{"floor":6.0,"key":"SpeedPotion"},{"floor":16.0,"key":"EssenceOfSteel"},{"floor":18.0,"key":"Poison Potion"},{"floor":24.0,"key":"Ancient Potion"},{"floor":27.0,"key":"AttackPotion"},{"floor":28.0,"key":"Explosive Potion"},{"floor":31.0,"key":"SpeedPotion"},{"floor":33.0,"key":"Weak Potion"},{"floor":35.0,"key":"Poison Potion"},{"floor":44.0,"key":"Explosive Potion"},{"floor":46,"key":"SkillPotion"}],"is_trial":false,"path_per_floor":["M","M","?","?","M","E","R","E","T","?","?","R","M","M","R","B",null,"M","?","$","M","$","R","E","R","T","M","M","M","R","M","R","B",null,"M","?","?","$","M","R","M","R","T","M","?","M","R","M","R","B"],"character_chosen":"THE_SILENT","items_purchased":["Caltrops","Crippling Poison","Ginger","Apotheosis","Accuracy","Mummified Hand"],"campfire_rested":11,"item_purchase_floors":[20,20,22,38,38,38],"current_hp_per_floor":[68,67,53,53,53,31,52,30,30,30,30,51,51,51,70,17,70,57,57,57,53,53,70,50,71,71,60,49,44,67,65,78,19,78,74,69,69,69,48,72,33,57,57,14,14,9,34,9,34,0],"gold":226,"neow_bonus":"THREE_SMALL_POTIONS","is_prod":false,"is_daily":false,"chose_seed":false,"campfire_upgraded":0,"win_rate":0,"timestamp":1556578771,"path_taken":["M","M","?","?","?","E","R","E","T","?","?","R","M","M","R","BOSS","M","?","?","M","$","R","E","R","T","M","M","M","R","M","R","BOSS","M","?","?","$","M","R","M","R","T","M","?","M","R","M","R","BOSS"],"build_version":"2019-01-23","purchased_purges":2,"victory":false,"max_hp_per_floor":[70,70,70,70,70,70,70,70,70,70,70,70,70,70,70,70,70,70,70,70,70,70,70,72,72,72,74,76,78,78,78,78,78,78,80,80,80,80,80,80,82,82,82,84,84,84,84,84,84,84],"card_choices":[{"not_picked":["Backflip","Underhanded Strike"],"picked":"Blade Dance","floor":1.0},{"not_picked":["Deflect","Dodge and Roll"],"picked":"Backstab","floor":2.0},{"not_picked":["Masterful Stab","Dagger Throw"],"picked":"Quick Slash","floor":5.0},{"not_picked":["Catalyst","Deadly Poison"],"picked":"Footwork","floor":6.0},{"not_picked":["Prepared","Slice","Deflect"],"picked":"SKIP","floor":8.0},{"not_picked":["Catalyst","Sucker Punch"],"picked":"Burst","floor":13.0},{"not_picked":["Cloak And Dagger","PiercingWail"],"picked":"Dash","floor":14.0},{"not_picked":["Envenom","Storm of Steel"],"picked":"Phantasmal Killer","floor":16.0},{"not_picked":[],"picked":"Noxious Fumes","floor":18.0},{"not_picked":["Prepared"],"picked":"SKIP","floor":21.0},{"not_picked":["Expertise"],"picked":"Singing Bowl","floor":24.0},{"not_picked":["Dagger Spray"],"picked":"Singing Bowl","floor":27.0},{"not_picked":["Acrobatics"],"picked":"Singing Bowl","floor":28.0},{"not_picked":["Dagger Spray"],"picked":"Singing Bowl","floor":29.0},{"not_picked":[],"picked":"Blade Dance+1","floor":31.0},{"not_picked":[],"picked":"Glass Knife","floor":33.0},{"not_picked":["Acrobatics"],"picked":"Singing Bowl","floor":35.0},{"not_picked":[],"picked":"Chrysalis","floor":36.0},{"not_picked":[],"picked":"Sadistic Nature","floor":36.0},{"not_picked":[],"picked":"Blur+1","floor":37.0},{"not_picked":[],"picked":"Concentrate+1","floor":39.0},{"not_picked":["Outmaneuver+1"],"picked":"Singing Bowl","floor":41.0},{"not_picked":["Dagger Throw+1"],"picked":"Singing Bowl","floor":44.0},{"not_picked":[],"picked":"Noxious Fumes","floor":46},{"not_picked":[],"picked":"PiercingWail+1","floor":48}],"player_experience":721847,"relics_obtained":[{"floor":6.0,"key":"Kunai"},{"floor":8.0,"key":"Bag of Marbles"},{"floor":9.0,"key":"Juzu Bracelet"},{"floor":24.0,"key":"Singing Bowl"},{"floor":26.0,"key":"Sundial"},{"floor":37.0,"key":"Ice Cream"},{"floor":43.0,"key":"Bottled Tornado"}],"event_choices":[{"damage_healed":0.0,"max_hp_gain":0.0,"max_hp_loss":0.0,"gold_gain":0.0,"event_name":"Shining Light","player_choice":"Entered Light","floor":3.0,"gold_loss":0.0,"damage_taken":14.0,"cards_upgraded":["Backstab","Survivor"]},{"damage_healed":0.0,"max_hp_gain":0.0,"max_hp_loss":0.0,"gold_gain":0.0,"event_name":"The Woman in Blue","player_choice":"Bought 0 Potions","floor":4.0,"gold_loss":0.0,"damage_taken":0.0},{"damage_healed":0.0,"max_hp_gain":0.0,"max_hp_loss":0.0,"gold_gain":0.0,"event_name":"Golden Idol","player_choice":"Take Wound","floor":10.0,"gold_loss":0.0,"damage_taken":0.0,"relics_obtained":["Golden Idol"],"cards_obtained":["Injury"]},{"damage_healed":0.0,"max_hp_gain":0.0,"max_hp_loss":0.0,"gold_gain":175.0,"event_name":"Liars Game","player_choice":"AGREE","floor":11.0,"gold_loss":0.0,"damage_taken":0.0,"cards_obtained":["Doubt"]},{"damage_healed":0.0,"max_hp_gain":0.0,"max_hp_loss":0.0,"gold_gain":200.0,"event_name":"Wheel of Change","player_choice":"Gold","floor":19.0,"gold_loss":0.0,"damage_taken":0.0},{"damage_healed":0.0,"max_hp_gain":0.0,"max_hp_loss":0.0,"gold_gain":0.0,"event_name":"SensoryStone","player_choice":"Memory 2","floor":36.0,"gold_loss":0.0,"damage_taken":5.0},{"damage_healed":0.0,"max_hp_gain":0.0,"max_hp_loss":0.0,"gold_gain":0.0,"event_name":"MindBloom","player_choice":"Fight","floor":37.0,"gold_loss":0.0,"damage_taken":0.0},{"cards_removed":["Strike_G"],"damage_healed":0.0,"max_hp_gain":0.0,"max_hp_loss":0.0,"gold_gain":0.0,"event_name":"Falling","player_choice":"Removed Attack","floor":45.0,"gold_loss":0.0,"damage_taken":0.0}],"is_beta":false,"boss_relics":[{"not_picked":["Runic Pyramid","Cursed Key"],"picked":"Busted Crown"},{"not_picked":["Astrolabe","Runic Dome"],"picked":"WristBlade"}],"items_purged_floors":[20,22],"is_endless":false,"potions_floor_spawned":[1,6,16,18,24,27,28,31,33,35,44,46],"killed_by":"Awakened One","ascension_level":4}