{"gold_per_floor":[118,137,150,150,167,167,201,201,256,275,306,306,316,344,344,419,419,419,419,419,419,419,419,419,419,419,419,419,419,419,419,419,419,419,419,378,378,378,378,378,378,378,378,378,378,114,114,114,114,114,114],"floor_reached":52,"playtime":2856,"items_purged":[],"score":2377,"play_id":"c26a03c6-dd24-4105-8876-76dd4d760c0e","local_time":"20181215171317","daily_mods":["SealedDeck","DeadlyEvents"],"is_ascension_mode":true,"campfire_choices":[{"data":"Beam Cell","floor":6,"key":"SMITH"},{"data":"Hologram","floor":12,"key":"SMITH"},{"data":"Go for the Eyes","floor":15,"key":"SMITH"},{"data":"Biased Cognition","floor":23,"key":"SMITH"},{"data":"Coolheaded","floor":25,"key":"SMITH"},{"data":"Conserve Battery","floor":32,"key":"SMITH"},{"data":"Buffer","floor":49,"key":"SMITH"}],"neow_cost":"","seed_source_timestamp":0,"circlet_count":0,"master_deck":["AscendersBane","Coolheaded+1","Hologram+1","Ball Lightning","Self Repair","Leap","Glacier+1","Beam Cell+1","Ball Lightning","Cold Snap","Go for the Eyes+1","Biased Cognition+1","Defragment+1","Buffer+1","Blizzard","Reinforced Body+1","Glacier+1"],"relics":["Cracked Core","Matryoshka","Anchor","Bag of Marbles","Incense Burner","Vajra","Ectoplasm","PreservedInsect","Oddly Smooth Stone","Omamori","Torii","Mercury Hourglass","Bird Faced Urn","Eternal Feather","Boot","Pen Nib","War Paint","Molten Egg 2","Shuriken"],"potions_floor_usage":[7,24,33,40,42,50],"damage_taken":[{"damage":0,"enemies":"Cultist","floor":1,"turns":3},{"damage":0,"enemies":"2 Louse","floor":2,"turns":3},{"damage":0,"enemies":"Small Slimes","floor":3,"turns":3},{"damage":0,"enemies":"Blue Slaver","floor":5,"turns":3},{"damage":5,"enemies":"3 Sentries","floor":7,"turns":6},{"damage":0,"enemies":"Red Slaver","floor":10,"turns":2},{"damage":8,"enemies":"Lagavulin","floor":11,"turns":5},{"damage":0,"enemies":"Lots of Slimes","floor":13,"turns":3},{"damage":7,"enemies":"Gremlin Nob","floor":14,"turns":3},{"damage":3,"enemies":"Slime Boss","floor":16,"turns":9},{"damage":0,"enemies":"Shell Parasite","floor":18,"turns":4},{"damage":0,"enemies":"Spheric Guardian","floor":19,"turns":4},{"damage":0,"enemies":"Shelled Parasite and Fungi","floor":20,"turns":6},{"damage":0,"enemies":"Snake Plant","floor":22,"turns":3},{"damage":0,"enemies":"Book of Stabbing","floor":24,"turns":4},{"damage":0,"enemies":"Slavers","floor":27,"turns":4},{"damage":0,"enemies":"Chosen and Byrds","floor":28,"turns":4},{"damage":0,"enemies":"Centurion and Healer","floor":29,"turns":6},{"damage":0,"enemies":"Gremlin Leader","floor":30,"turns":6},{"damage":0,"enemies":"Champ","floor":33,"turns":10},{"damage":0,"enemies":"3 Darklings","floor":35,"turns":5},{"damage":0,"enemies":"3 Shapes","floor":37,"turns":5},{"damage":0,"enemies":"Sphere and 2 Shapes","floor":39,"turns":4},{"damage":14,"enemies":"Reptomancer","floor":40,"turns":7},{"damage":29,"enemies":"3 Darklings","floor":41,"turns":5},{"damage":0,"enemies":"Giant Head","floor":42,"turns":7},{"damage":0,"enemies":"Nemesis","floor":44,"turns":5},{"damage":11,"enemies":"4 Shapes","floor":45,"turns":5},{"damage":0,"enemies":"Sphere and 2 Shapes","floor":48,"turns":4},{"damage":6,"enemies":"Awakened One","floor":50,"turns":15},{"damage":1,"enemies":"Donu and Deca","floor":51,"turns":14}],"seed_played":"-2936894151566636522","potions_obtained":[{"floor":1,"key":"FocusPotion"},{"floor":5,"key":"GamblersBrew"},{"floor":10,"key":"Poison Potion"},{"floor":11,"key":"LiquidBronze"},{"floor":18,"key":"Regen Potion"},{"floor":27,"key":"PowerPotion"},{"floor":37,"key":"Block Potion"},{"floor":42,"key":"Ancient Potion"},{"floor":44,"key":"Regen Potion"}],"is_trial":true,"path_per_floor":["M","M","M","?","M","R","E","$","T","M","E","R","M","E","R","B",null,"M","M","M","$","M","R","E","R","T","E","M","M","E","?","R","B",null,"M","$","M","?","M","E","M","E","T","E","M","$","?","M","R","B","B",null],"character_chosen":"DEFECT","items_purchased":["Blizzard","Shuriken"],"campfire_rested":0,"item_purchase_floors":[36,46],"current_hp_per_floor":[71,71,71,71,71,71,71,71,71,71,70,70,70,70,70,71,71,71,71,71,71,71,71,71,71,71,71,71,71,71,71,71,71,71,71,71,71,71,71,66,52,71,71,71,71,71,71,71,71,71,71],"gold":114,"neow_bonus":"","is_prod":false,"is_daily":false,"chose_seed":false,"campfire_upgraded":7,"win_rate":0,"timestamp":1544922797,"path_taken":["M","?","M","?","?","R","E","?","T","M","E","R","M","?","R","BOSS","M","M","M","$","M","R","E","R","T","E","M","M","E","?","R","BOSS","M","$","M","?","M","E","M","E","T","E","M","$","?","M","R","BOSS","BOSS"],"build_version":"2018-12-13","purchased_purges":0,"victory":true,"max_hp_per_floor":[71,71,71,71,71,71,71,71,71,71,71,71,71,71,71,71,71,71,71,71,71,71,71,71,71,71,71,71,71,71,71,71,71,71,71,71,71,71,71,71,71,71,71,71,71,71,71,71,71,71,71],"card_choices":[{"not_picked":["Double Energy","Streamline","Storm"],"picked":"SKIP","floor":1},{"not_picked":["Rebound","Storm","Gash"],"picked":"SKIP","floor":2},{"not_picked":["Beam Cell","Consume","Hologram"],"picked":"SKIP","floor":3},{"not_picked":["Barrage","Coolheaded","Go for the Eyes"],"picked":"SKIP","floor":5},{"not_picked":["Loop","Reinforced Body","Double Energy"],"picked":"SKIP","floor":7},{"not_picked":["Self Repair","Sunder","Undo"],"picked":"SKIP","floor":10},{"not_picked":["Reboot","Gash","Steam"],"picked":"SKIP","floor":11},{"not_picked":["Redo","Leap","Ball Lightning"],"picked":"SKIP","floor":13},{"not_picked":["Leap","Streamline"],"picked":"Go for the Eyes","floor":14},{"not_picked":["Fission","Buffer"],"picked":"Biased Cognition","floor":16},{"not_picked":["Lockon","Hologram","Reprogram"],"picked":"SKIP","floor":18},{"not_picked":["Aggregate+1","Storm","Streamline+1"],"picked":"SKIP","floor":19},{"not_picked":["Ball Lightning","Compile Driver","Tempest"],"picked":"SKIP","floor":20},{"not_picked":["Reinforced Body","Compile Driver","Barrage"],"picked":"SKIP","floor":22},{"not_picked":["Compile Driver","Redo","Creative AI"],"picked":"SKIP","floor":24},{"not_picked":["Scrape","Stack"],"picked":"Defragment+1","floor":27},{"not_picked":["Compile Driver","Scrape","Tempest+1"],"picked":"SKIP","floor":28},{"not_picked":["Blizzard+1","Go for the Eyes","Stack"],"picked":"SKIP","floor":29},{"not_picked":["Heatsinks","White Noise","Barrage"],"picked":"SKIP","floor":30},{"not_picked":["Creative AI","Rainbow"],"picked":"Buffer","floor":33},{"not_picked":["Ball Lightning","Recycle","Reprogram"],"picked":"SKIP","floor":35},{"not_picked":["Turbo+1","Leap+1","Storm+1"],"picked":"SKIP","floor":37},{"not_picked":["Auto Shields","Rebound","White Noise+1"],"picked":"SKIP","floor":39},{"not_picked":["Compile Driver","Coolheaded"],"picked":"Reinforced Body","floor":40},{"not_picked":["Doom and Gloom","Rebound","Streamline"],"picked":"SKIP","floor":41},{"not_picked":["White Noise","Ball Lightning+1","Streamline"],"picked":"SKIP","floor":42},{"not_picked":["White Noise+1","Undo","Ball Lightning"],"picked":"SKIP","floor":44},{"not_picked":["Skim+1","Darkness"],"picked":"Glacier+1","floor":45},{"not_picked":["Cold Snap+1","Sweeping Beam+1","Tempest"],"picked":"SKIP","floor":48}],"player_experience":1815909,"relics_obtained":[{"floor":7,"key":"Matryoshka"},{"floor":9,"key":"Anchor"},{"floor":9,"key":"Bag of Marbles"},{"floor":11,"key":"Incense Burner"},{"floor":14,"key":"Vajra"},{"floor":24,"key":"PreservedInsect"},{"floor":26,"key":"Oddly Smooth Stone"},{"floor":26,"key":"Omamori"},{"floor":27,"key":"Torii"},{"floor":30,"key":"Mercury Hourglass"},{"floor":40,"key":"Boot"},{"floor":42,"key":"Pen Nib"},{"floor":43,"key":"War Paint"},{"floor":44,"key":"Molten Egg 2"}],"event_choices":[{"damage_healed":0,"gold_gain":0,"player_choice":"Ignored","damage_taken":0,"max_hp_gain":0,"max_hp_loss":0,"event_name":"Transmorgrifier","floor":4,"gold_loss":0},{"damage_healed":0,"gold_gain":0,"player_choice":"Opened","damage_taken":0,"relics_obtained":["Bird Faced Urn"],"max_hp_gain":0,"max_hp_loss":0,"event_name":"The Mausoleum","floor":31,"gold_loss":0,"cards_obtained":["Writhe"]},{"cards_removed":["Conserve Battery"],"damage_healed":0,"gold_gain":0,"player_choice":"Removed Skill","damage_taken":0,"max_hp_gain":0,"max_hp_loss":0,"event_name":"Falling","floor":38,"gold_loss":0},{"damage_healed":14,"gold_gain":0,"player_choice":"Writhe","damage_taken":0,"max_hp_gain":0,"max_hp_loss":0,"event_name":"Winding Halls","floor":47,"gold_loss":0,"cards_obtained":["Writhe"]}],"is_beta":false,"boss_relics":[{"not_picked":["Snecko Eye","Runic Pyramid"],"picked":"Ectoplasm"},{"not_picked":["Fusion Hammer","Philosopher\u0027s Stone"],"picked":"Eternal Feather"}],"items_purged_floors":[],"is_endless":false,"potions_floor_spawned":[1,5,10,11,16,18,19,22,27,30,37,39,42,44,48],"ascension_level":20}