{"gold_per_floor":[113,113,113,126,126,126,126,48,48,48,48,68,68,82,82,182,182,196,196,213,213,231,231,249,269,269,73,73,85,85],"floor_reached":30,"playtime":1923,"items_purged":[],"score":253,"play_id":"c7daa5e5-15dc-429c-8778-e353e9bc00c7","local_time":"20181107200403","is_ascension_mode":true,"campfire_choices":[{"data":"Sword Boomerang","floor":6,"key":"SMITH"},{"data":"Spot Weakness","floor":11,"key":"SMITH"},{"data":"Limit Break","floor":13,"key":"SMITH"},{"data":"Shrug It Off","floor":15,"key":"SMITH"},{"data":"Flame Barrier","floor":23,"key":"SMITH"},{"data":"Juggernaut","floor":28,"key":"SMITH"}],"neow_cost":"NONE","seed_source_timestamp":2099537808554829,"circlet_count":0,"master_deck":["Strike_R","Strike_R","Strike_R","Strike_R","Defend_R","Defend_R+1","Defend_R","Defend_R+1","Bash","Battle Trance","Shrug It Off+1","Sword Boomerang+1","Spot Weakness+1","Limit Break+1","Juggernaut+1","Headbutt","Necronomicurse","Flame Barrier+1","Flame Barrier+1","Leap"],"relics":["Burning Blood","Potion Belt","GremlinMask","Anchor","Torii","White Beast Statue","Necronomicon","Turnip","PrismaticShard"],"potions_floor_usage":[16,20,22,25,25,30],"damage_taken":[{"damage":3,"enemies":"2 Louse","floor":1,"turns":4},{"damage":7,"enemies":"Jaw Worm","floor":4,"turns":7},{"damage":1,"enemies":"Cultist","floor":12,"turns":4},{"damage":1,"enemies":"Large Slime","floor":14,"turns":5},{"damage":9,"enemies":"The Guardian","floor":16,"turns":7},{"damage":3,"enemies":"Shell Parasite","floor":18,"turns":4},{"damage":13,"enemies":"Spheric Guardian","floor":20,"turns":4},{"damage":2,"enemies":"Shelled Parasite and Fungi","floor":22,"turns":5},{"damage":12,"enemies":"Centurion and Healer","floor":24,"turns":4},{"damage":7,"enemies":"Snake Plant","floor":25,"turns":5},{"damage":33,"enemies":"Cultist and Chosen","floor":29,"turns":7},{"damage":31,"enemies":"3 Cultists","floor":30,"turns":3}],"seed_played":"-8204161479349228697","potions_obtained":[{"floor":1,"key":"Regen Potion"},{"floor":4,"key":"SkillPotion"},{"floor":18,"key":"Explosive Potion"},{"floor":20,"key":"Block Potion"},{"floor":22,"key":"Block Potion"},{"floor":24,"key":"Poison Potion"},{"floor":25,"key":"Strength Potion"},{"floor":29,"key":"PowerPotion"}],"is_trial":false,"path_per_floor":["M","?","?","M","?","R","?","$","T","?","R","M","R","M","R","B",null,"M","?","M","?","M","R","M","M","T","$","R","M","M"],"character_chosen":"IRONCLAD","items_purchased":["Spot Weakness","PrismaticShard"],"campfire_rested":0,"item_purchase_floors":[8,27],"current_hp_per_floor":[80,80,80,79,63,63,51,51,51,51,51,56,56,61,61,58,80,80,64,57,57,61,61,55,54,54,54,54,27,0],"gold":85,"neow_bonus":"RANDOM_COMMON_RELIC","is_prod":false,"is_daily":false,"chose_seed":false,"campfire_upgraded":6,"win_rate":0,"timestamp":1541639043,"path_taken":["M","?","?","?","?","R","?","?","T","?","R","M","R","M","R","BOSS","M","?","M","?","M","R","M","M","T","$","R","M","M"],"build_version":"2018-11-01","purchased_purges":0,"victory":false,"max_hp_per_floor":[80,80,80,80,80,80,80,80,80,80,80,80,80,80,80,80,80,80,80,80,80,80,80,80,80,80,80,80,80,80],"card_choices":[{"not_picked":["Wild Strike","Dual Wield"],"picked":"Battle Trance","floor":1},{"not_picked":["Armaments","Wild Strike"],"picked":"Sword Boomerang","floor":4},{"not_picked":["True Grit","Fire Breathing"],"picked":"Limit Break","floor":12},{"not_picked":["Disarm","Ghostly Armor","Rupture"],"picked":"SKIP","floor":14},{"not_picked":["Offering","Fiend Fire"],"picked":"Juggernaut","floor":16},{"not_picked":["Wild Strike","Body Slam"],"picked":"Headbutt","floor":18},{"not_picked":["Havoc","Body Slam","Wild Strike"],"picked":"SKIP","floor":20},{"not_picked":["Seeing Red","Heavy Blade"],"picked":"Flame Barrier+1","floor":22},{"not_picked":["Fire Breathing","Carnage","True Grit"],"picked":"SKIP","floor":24},{"not_picked":["Clash","Wild Strike","Anger"],"picked":"SKIP","floor":25},{"not_picked":["Dodge and Roll","Headbutt"],"picked":"Leap","floor":29}],"player_experience":114533,"relics_obtained":[{"floor":9,"key":"Torii"},{"floor":19,"key":"Necronomicon"},{"floor":26,"key":"Turnip"}],"event_choices":[{"damage_healed":0,"gold_gain":0,"cards_transformed":["Strike_R"],"player_choice":"Change","damage_taken":0,"max_hp_gain":0,"max_hp_loss":0,"event_name":"Living Wall","floor":2,"gold_loss":0,"cards_obtained":["Shrug It Off"]},{"damage_healed":0,"gold_gain":0,"player_choice":"Trade","damage_taken":0,"relics_obtained":["GremlinMask"],"max_hp_gain":0,"max_hp_loss":0,"event_name":"FaceTrader","floor":3,"gold_loss":0},{"damage_healed":0,"gold_gain":0,"player_choice":"Entered Light","damage_taken":16,"max_hp_gain":0,"max_hp_loss":0,"event_name":"Shining Light","floor":5,"gold_loss":0,"cards_upgraded":["Defend_R","Defend_R"]},{"damage_healed":0,"gold_gain":0,"player_choice":"Success","damage_taken":12,"relics_obtained":["Anchor"],"max_hp_gain":0,"max_hp_loss":0,"event_name":"Scrap Ooze","floor":7,"gold_loss":0},{"damage_healed":0,"gold_gain":0,"player_choice":"Ignored","damage_taken":0,"max_hp_gain":0,"max_hp_loss":0,"event_name":"Golden Wing","floor":10,"gold_loss":0},{"damage_healed":0,"gold_gain":0,"player_choice":"Obtained Book","damage_taken":16,"max_hp_gain":0,"max_hp_loss":0,"event_name":"Cursed Tome","floor":19,"gold_loss":0},{"damage_healed":0,"gold_gain":0,"player_choice":"Read","damage_taken":0,"max_hp_gain":0,"max_hp_loss":0,"event_name":"The Library","floor":21,"gold_loss":0,"cards_obtained":["Flame Barrier"]}],"is_beta":false,"boss_relics":[{"not_picked":["Empty Cage","Runic Pyramid"],"picked":"White Beast Statue"}],"items_purged_floors":[],"is_endless":false,"potions_floor_spawned":[1,4,18,20,22,24,25,29],"killed_by":"3 Cultists","ascension_level":3}