{"gold_per_floor":[111,57,57,73,73,73,73,73,73,73,223,223,298,298],"floor_reached":14,"playtime":143,"items_purged":[],"score":148,"play_id":"dff34266-8be8-4bd5-a1e5-910f7424cbed","local_time":"20190114142606","is_ascension_mode":true,"campfire_choices":[{"data":"Fission","floor":6,"key":"SMITH"},{"data":"Zap","floor":8,"key":"SMITH"},{"data":"Sweeping Beam","floor":10,"key":"SMITH"}],"neow_cost":"NONE","seed_source_timestamp":331894806749123,"circlet_count":0,"master_deck":["AscendersBane","Strike_B","Strike_B","Strike_B","Defend_B","Defend_B","Defend_B","Defend_B","Zap+1","Dualcast","Fission+1","Sweeping Beam+1","Doubt"],"special_seed":0,"relics":["Cracked Core","Matryoshka","Golden Idol","Juzu Bracelet"],"potions_floor_usage":[14],"damage_taken":[{"damage":0.0,"enemies":"2 Louse","floor":1.0,"turns":2.0},{"damage":4,"enemies":"Jaw Worm","floor":4,"turns":4},{"damage":14,"enemies":"Gremlin Nob","floor":14,"turns":3}],"seed_played":"-141976779206796100","potions_obtained":[{"floor":4,"key":"Dexterity Potion"}],"is_trial":false,"path_per_floor":["M","$","?","M","?","R","?","R","T","R","?","?","?","E"],"character_chosen":"DEFECT","items_purchased":["AttackPotion"],"campfire_rested":0,"item_purchase_floors":[2],"current_hp_per_floor":[64,64,38,34,34,34,34,34,34,34,34,39,28,14],"gold":298,"neow_bonus":"ONE_RANDOM_RARE_CARD","is_prod":false,"is_daily":false,"chose_seed":false,"campfire_upgraded":3,"win_rate":0,"timestamp":1547493966,"path_taken":["M","$","?","M","?","R","?","R","T","R","?","?","?","E"],"build_version":"2019-01-10","purchased_purges":0,"victory":false,"max_hp_per_floor":[71,71,71,71,64,64,64,64,64,64,64,69,69,69],"card_choices":[{"not_picked":["Hologram","Conserve Battery"],"picked":"Sweeping Beam","floor":1.0},{"not_picked":["Go for the Eyes","Consume","Loop"],"picked":"SKIP","floor":4}],"player_experience":1628213,"relics_obtained":[{"floor":9,"key":"Juzu Bracelet"}],"event_choices":[{"damage_healed":0.0,"max_hp_gain":0.0,"max_hp_loss":0.0,"gold_gain":0.0,"event_name":"Scrap Ooze","player_choice":"Success","floor":3.0,"gold_loss":0.0,"damage_taken":26.0,"relics_obtained":["Matryoshka"]},{"damage_healed":0,"gold_gain":0,"player_choice":"Lose Max HP","damage_taken":0,"relics_obtained":["Golden Idol"],"max_hp_gain":0,"max_hp_loss":7,"event_name":"Golden Idol","floor":5,"gold_loss":0},{"cards_removed":["Strike_B"],"damage_healed":0,"gold_gain":0,"player_choice":"Forget","damage_taken":0,"max_hp_gain":0,"max_hp_loss":0,"event_name":"Living Wall","floor":7,"gold_loss":0},{"damage_healed":0,"gold_gain":150,"player_choice":"AGREE","damage_taken":0,"max_hp_gain":0,"max_hp_loss":0,"event_name":"Liars Game","floor":11,"gold_loss":0,"cards_obtained":["Doubt"]},{"damage_healed":0,"gold_gain":0,"player_choice":"Donut","damage_taken":0,"max_hp_gain":5,"max_hp_loss":0,"event_name":"Big Fish","floor":12,"gold_loss":0},{"damage_healed":0,"gold_gain":75,"player_choice":"Gather Gold","damage_taken":11,"max_hp_gain":0,"max_hp_loss":0,"event_name":"World of Goop","floor":13,"gold_loss":0}],"is_beta":true,"boss_relics":[],"items_purged_floors":[],"is_endless":false,"potions_floor_spawned":[4],"killed_by":"Gremlin Nob","ascension_level":20}