{"gold_per_floor":[117,127,147,147,198,228,228,263,263,263,295,307,183,183,183,256,256,276,5,23,33,33,33,59,59,59,87,87,87],"floor_reached":29,"playtime":1280,"items_purged":["Strike_R"],"score":513,"play_id":"742878d3-4c73-4ff1-955c-fee9117446b3","local_time":"20190227121605","is_ascension_mode":true,"campfire_choices":[{"data":"Bash","floor":7.0,"key":"SMITH"},{"floor":10.0,"key":"REST"},{"data":"Armaments","floor":15.0,"key":"SMITH"},{"data":"Metallicize","floor":23.0,"key":"SMITH"},{"floor":25.0,"key":"REST"}],"neow_cost":"NONE","seed_source_timestamp":35984507848022,"circlet_count":0,"master_deck":["AscendersBane","Strike_R","Strike_R","Defend_R","Defend_R","Defend_R","Defend_R","Bash+1","Cleave","Carnage","Armaments+1","Metallicize+1","Shrug It Off","Disarm+1","Twin Strike+1","Feed+1","Pommel Strike+1","Sword Boomerang+1","Clothesline+1","Whirlwind+1","True Grit+1","Anger+1"],"special_seed":0,"relics":["Burning Blood","Shovel","Dodecahedron","Molten Egg 2","Blood Vial","Empty Cage","Toxic Egg 2","Art of War","Matryoshka","Blue Candle"],"potions_floor_usage":[27],"damage_taken":[{"damage":13.0,"enemies":"Jaw Worm","floor":1.0,"turns":4.0},{"damage":4.0,"enemies":"2 Louse","floor":2.0,"turns":2.0},{"damage":1.0,"enemies":"Cultist","floor":3.0,"turns":3.0},{"damage":24.0,"enemies":"Gremlin Nob","floor":6.0,"turns":4.0},{"damage":39.0,"enemies":"Lagavulin","floor":8.0,"turns":10.0},{"damage":29.0,"enemies":"3 Sentries","floor":11.0,"turns":8.0},{"damage":6.0,"enemies":"3 Louse","floor":12.0,"turns":3.0},{"damage":8.0,"enemies":"The Guardian","floor":16.0,"turns":14.0},{"damage":12.0,"enemies":"Shell Parasite","floor":18.0,"turns":13.0},{"damage":18.0,"enemies":"2 Thieves","floor":20.0,"turns":4.0},{"damage":3.0,"enemies":"Centurion and Healer","floor":21.0,"turns":13.0},{"damage":47.0,"enemies":"Slavers","floor":24.0,"turns":7.0},{"damage":44,"enemies":"Book of Stabbing","floor":27,"turns":9},{"damage":38,"enemies":"Slavers","floor":29,"turns":2}],"seed_played":"-7751109552824143596","potions_obtained":[{"floor":0.0,"key":"Dexterity Potion"},{"floor":0.0,"key":"GamblersBrew"},{"floor":2.0,"key":"Regen Potion"},{"floor":8.0,"key":"PowerPotion"},{"floor":16.0,"key":"Weak Potion"},{"floor":18.0,"key":"PowerPotion"},{"floor":21.0,"key":"Block Potion"},{"floor":24.0,"key":"SteroidPotion"}],"is_trial":false,"path_per_floor":["M","M","M","?","?","E","R","E","T","R","E","M","$","?","R","B",null,"M","$","M","M","$","R","E","R","T","E","?","E"],"character_chosen":"IRONCLAD","items_purchased":["Twin Strike+1","Toxic Egg 2","Sword Boomerang+1"],"campfire_rested":2,"item_purchase_floors":[13,19,19],"current_hp_per_floor":[61,63,68,73,73,55,55,37,37,61,38,40,40,40,40,40,70,70,70,64,73,73,73,38,66,66,30,30,0],"gold":87,"neow_bonus":"THREE_SMALL_POTIONS","is_prod":false,"is_daily":false,"chose_seed":false,"campfire_upgraded":3,"win_rate":0,"timestamp":1551298565,"path_taken":["M","M","M","?","?","E","R","E","T","R","E","M","$","?","R","BOSS","M","$","M","M","$","R","E","R","T","E","?","E"],"build_version":"2019-01-23","purchased_purges":1,"victory":false,"max_hp_per_floor":[75,75,75,80,80,80,80,80,80,80,80,80,80,80,80,80,80,84,84,88,92,92,92,96,96,96,96,96,96],"card_choices":[{"not_picked":["Intimidate","Rage"],"picked":"Cleave","floor":1.0},{"not_picked":["Power Through","Second Wind"],"picked":"Carnage","floor":2.0},{"not_picked":["Thunderclap","Sentinel"],"picked":"Armaments","floor":3.0},{"not_picked":["Uppercut","Feel No Pain"],"picked":"Metallicize","floor":6.0},{"not_picked":["Combust","Dropkick","Wild Strike"],"picked":"SKIP","floor":8.0},{"not_picked":["Bloodletting","Cleave+1"],"picked":"Shrug It Off","floor":11.0},{"not_picked":["Seeing Red","Clash+1"],"picked":"Disarm","floor":12.0},{"not_picked":["Dark Embrace","Demon Form"],"picked":"Feed+1","floor":16.0},{"not_picked":["Second Wind+1","Shrug It Off"],"picked":"Pommel Strike+1","floor":18.0},{"not_picked":["Rupture","Second Wind+1"],"picked":"Clothesline+1","floor":20.0},{"not_picked":["Body Slam+1","Armaments+1"],"picked":"Whirlwind+1","floor":21.0},{"not_picked":["Flex+1","Entrench+1"],"picked":"True Grit+1","floor":24.0},{"not_picked":["Entrench+1","Twin Strike+1"],"picked":"Anger+1","floor":27}],"player_experience":2275323,"relics_obtained":[{"floor":6.0,"key":"Shovel"},{"floor":8.0,"key":"Dodecahedron"},{"floor":9.0,"key":"Molten Egg 2"},{"floor":11.0,"key":"Blood Vial"},{"floor":24.0,"key":"Art of War"},{"floor":26.0,"key":"Matryoshka"},{"floor":27,"key":"Blue Candle"}],"event_choices":[{"damage_healed":0.0,"max_hp_gain":5.0,"max_hp_loss":0.0,"gold_gain":0.0,"event_name":"Big Fish","player_choice":"Donut","floor":4.0,"gold_loss":0.0,"damage_taken":0.0},{"damage_healed":0.0,"max_hp_gain":0.0,"max_hp_loss":0.0,"gold_gain":51.0,"event_name":"Golden Wing","player_choice":"Gained Gold","floor":5.0,"gold_loss":0.0,"damage_taken":0.0},{"damage_healed":0.0,"max_hp_gain":0.0,"max_hp_loss":0.0,"gold_gain":0.0,"event_name":"Liars Game","player_choice":"Ignored","floor":14.0,"gold_loss":0.0,"damage_taken":0.0},{"damage_healed":0,"gold_gain":0,"player_choice":"Upgraded","damage_taken":0,"max_hp_gain":0,"max_hp_loss":0,"event_name":"Upgrade Shrine","floor":28,"gold_loss":0,"cards_upgraded":["Disarm"]}],"is_beta":false,"boss_relics":[{"not_picked":["Calling Bell","Black Blood"],"picked":"Empty Cage"}],"items_purged_floors":[13],"is_endless":false,"potions_floor_spawned":[1,2,8,16,18,21,24],"killed_by":"Slavers","ascension_level":15}