{"gold_per_floor":[117,127,140,156,136,136,152,185,185,185,185,136,136,161,161,238,238,249,299,224],"floor_reached":20,"playtime":931,"items_purged":[],"score":319,"play_id":"826f65ee-c71e-4eeb-ad7d-3a0ae81bc1b7","local_time":"20181016121243","is_ascension_mode":true,"campfire_choices":[{"data":"Neutralize","floor":6.0,"key":"SMITH"},{"floor":10,"key":"REST"},{"data":"Skewer","floor":13,"key":"SMITH"},{"data":"Dagger Spray","floor":15,"key":"SMITH"}],"neow_cost":"NONE","seed_source_timestamp":16565034056977,"circlet_count":0,"master_deck":["Defend_G","Defend_G","Defend_G","Defend_G","Defend_G","Strike_G","Strike_G","Strike_G","Strike_G","Strike_G","Survivor","Neutralize+1","AscendersBane","Backflip","Skewer+1","Caltrops","Dagger Throw","Dagger Spray+1","A Thousand Cuts","Cloak And Dagger","Dagger Spray","Cloak And Dagger","Deflect"],"special_seed":0,"relics":["Ring of the Snake","Peace Pipe","Bottled Flame","Strawberry","Orrery"],"potions_floor_usage":[8,16,16],"damage_taken":[{"damage":7.0,"enemies":"Cultist","floor":1.0,"turns":5.0},{"damage":0.0,"enemies":"Jaw Worm","floor":2.0,"turns":6.0},{"damage":0.0,"enemies":"Small Slimes","floor":3.0,"turns":4.0},{"damage":8.0,"enemies":"3 Louse","floor":4.0,"turns":3.0},{"damage":5.0,"enemies":"Large Slime","floor":7.0,"turns":9.0},{"damage":26,"enemies":"Gremlin Nob","floor":8,"turns":4},{"damage":14,"enemies":"Lagavulin","floor":14,"turns":10},{"damage":21,"enemies":"Slime Boss","floor":16,"turns":13},{"damage":41,"enemies":"Spheric Guardian","floor":18,"turns":7},{"damage":24,"enemies":"2 Thieves","floor":20,"turns":3}],"seed_played":"-3894483652476759741","potions_obtained":[{"floor":1.0,"key":"Block Potion"},{"floor":5.0,"key":"SkillPotion"},{"floor":8,"key":"GhostInAJar"},{"floor":18,"key":"Strength Potion"}],"is_trial":false,"path_per_floor":["M","M","M","M","?","R","M","E","T","R","?","$","R","E","R","B",null,"M","?"],"character_chosen":"THE_SILENT","items_purchased":["Block Potion"],"campfire_rested":1,"item_purchase_floors":[12],"current_hp_per_floor":[52,52,52,44,44,44,39,13,13,32,37,37,37,30,30,9,61,20,20,0],"gold":224,"neow_bonus":"THREE_CARDS","is_prod":false,"is_daily":false,"chose_seed":false,"campfire_upgraded":3,"win_rate":0,"timestamp":1539717163,"path_taken":["M","M","M","?","?","R","M","E","T","R","?","$","R","E","R","BOSS","M","?","M"],"build_version":"2018-10-11","purchased_purges":0,"victory":false,"max_hp_per_floor":[66,66,66,66,66,66,66,66,66,66,71,71,71,78,78,78,78,78,78,78],"card_choices":[{"not_picked":["Bane","Outmaneuver"],"picked":"Backflip","floor":0.0},{"not_picked":["PiercingWail","Deflect"],"picked":"Skewer","floor":1.0},{"not_picked":["Crippling Poison","Expertise"],"picked":"Caltrops","floor":2.0},{"not_picked":["Acrobatics","Skewer"],"picked":"Dagger Throw","floor":3.0},{"not_picked":["PiercingWail","Reflex","Bane"],"picked":"SKIP","floor":4.0},{"not_picked":["Dagger Throw","Quick Slash","Predator"],"picked":"SKIP","floor":7.0},{"not_picked":["Prepared","Skewer","Glass Knife"],"picked":"SKIP","floor":8},{"not_picked":["Bane","Setup"],"picked":"Dagger Spray","floor":14},{"not_picked":["Burst","Wraith Form v2"],"picked":"A Thousand Cuts","floor":16},{"not_picked":["Predator","Bouncing Flask"],"picked":"Cloak And Dagger","floor":17},{"not_picked":["Quick Slash","Deflect"],"picked":"Dagger Spray","floor":17},{"not_picked":["Dagger Spray","Escape Plan"],"picked":"Cloak And Dagger","floor":17},{"not_picked":["Caltrops","Bane"],"picked":"Deflect","floor":18}],"player_experience":1368751,"relics_obtained":[{"floor":8,"key":"Peace Pipe"},{"floor":9,"key":"Bottled Flame"},{"floor":14,"key":"Strawberry"}],"event_choices":[{"event_name":"The Woman in Blue","player_choice":"Bought 1 Potion","floor":5.0,"damage_taken":0.0},{"event_name":"Big Fish","player_choice":"Donut","floor":11,"damage_taken":0},{"event_name":"Golden Shrine","player_choice":"Pray","floor":19,"damage_taken":0}],"is_beta":false,"boss_relics":[{"not_picked":["Ring of the Serpent","Tiny House"],"picked":"Orrery"}],"items_purged_floors":[],"is_endless":false,"potions_floor_spawned":[1,8,14,18],"killed_by":"2 Thieves","ascension_level":15}