{"path_per_floor":["M","M","M","?","M","R","M","M","T","E","R","M","R","M","R","B",null,"M","M","$","M","M","E","R","M","T","M","?","R","M","?","R"],"character_chosen":"THE_SILENT","items_purchased":["Shuriken","Infinite Blades"],"gold_per_floor":[115,129,144,144,114,114,126,146,146,178,178,198,198,218,218,314,314,329,339,32,52,72,99,99,114,114,128,128,128,148,148,148,148],"floor_reached":33,"campfire_rested":3,"playtime":2594,"item_purchase_floors":[20,20],"current_hp_per_floor":[70,70,70,63,63,63,55,50,50,51,51,47,47,47,47,10,70,63,63,63,42,15,15,36,36,36,33,20,42,42,26,48,0],"items_purged":["Defend_G"],"gold":148,"score":298,"play_id":"75f99844-7b71-4521-ab30-26acd8ad11ce","local_time":"20180531171302","is_prod":false,"is_daily":false,"chose_seed":false,"is_ascension_mode":false,"campfire_upgraded":4,"win_rate":0,"timestamp":1527811982,"campfire_choices":[{"data":"Cloak And Dagger","floor":6,"key":"SMITH"},{"data":"Dash","floor":11,"key":"SMITH"},{"data":"Neutralize","floor":13,"key":"SMITH"},{"data":"Sucker Punch","floor":15,"key":"SMITH"},{"floor":24,"key":"REST"},{"floor":29,"key":"REST"},{"floor":32,"key":"REST"}],"path_taken":["M","M","M","?","M","R","M","M","T","E","R","M","R","M","R","BOSS","M","M","$","M","M","E","R","M","T","M","?","R","M","?","R","BOSS"],"build_version":"2018-05-31","seed_source_timestamp":32094545672776,"purchased_purges":1,"victory":false,"master_deck":["Defend_G","Defend_G","Defend_G","Defend_G","Strike_G","Survivor","Neutralize+1","Sucker Punch+1","Cloak And Dagger+1","Flying Knee","Heel Hook","PiercingWail","Dash+1","Adrenaline","Riddle With Holes+1","Dash+1","Expertise+1","Finisher","Blade Dance","Infinite Blades","Leg Sweep","Backflip","Dagger Spray+1"],"max_hp_per_floor":[70,70,70,70,70,70,70,70,70,70,70,70,70,70,70,70,70,70,70,70,70,70,70,70,70,70,70,75,75,75,75,75,75],"relics":["Lizard Tail","The Courier","Ninja Scroll","Astrolabe","Shuriken","Matryoshka","Paper Crane","Juzu Bracelet","Enchiridion"],"card_choices":[{"not_picked":["Riddle With Holes","Bane"],"picked":"Sucker Punch","floor":1},{"not_picked":["Acrobatics","Slice"],"picked":"Cloak And Dagger","floor":2},{"not_picked":["Prepared","Deflect","Quick Slash"],"picked":"SKIP","floor":3},{"not_picked":["Bouncing Flask","Skewer"],"picked":"Flying Knee","floor":5},{"not_picked":["Deflect","Slice"],"picked":"Heel Hook","floor":7},{"not_picked":["Malaise","Heel Hook"],"picked":"PiercingWail","floor":8},{"not_picked":["Poisoned Stab","Quick Slash"],"picked":"Dash","floor":10},{"not_picked":["Flying Knee","Escape Plan","Doppelganger"],"picked":"SKIP","floor":12},{"not_picked":["Skewer","Quick Slash","Eviscerate"],"picked":"SKIP","floor":14},{"not_picked":["After Image","Bullet Time"],"picked":"Adrenaline","floor":16},{"not_picked":["Prepared","Slice+1"],"picked":"Finisher","floor":18},{"not_picked":["Prepared","Reflex"],"picked":"Blade Dance","floor":19},{"not_picked":["Slice","Deflect"],"picked":"Leg Sweep","floor":21},{"not_picked":["Acrobatics","Caltrops"],"picked":"Backflip","floor":22},{"not_picked":["Setup","Flechettes"],"picked":"Dagger Spray+1","floor":23},{"not_picked":["Poisoned Stab","Concentrate","Finisher"],"picked":"SKIP","floor":25},{"not_picked":["Deadly Poison","Dodge and Roll","Poisoned Stab"],"picked":"SKIP","floor":27},{"not_picked":["Acrobatics","Predator","Flechettes+1"],"picked":"SKIP","floor":30}],"player_experience":393439,"potions_floor_usage":[10,12,21,23,27],"damage_taken":[{"damage":0,"enemies":"2 Louse","floor":1,"turns":4},{"damage":0,"enemies":"Small Slimes","floor":2,"turns":4},{"damage":0,"enemies":"Jaw Worm","floor":3,"turns":4},{"damage":0,"enemies":"Looter","floor":5,"turns":4},{"damage":8,"enemies":"Red Slaver","floor":7,"turns":4},{"damage":5,"enemies":"2 Fungi Beasts","floor":8,"turns":4},{"damage":14,"enemies":"Lagavulin","floor":10,"turns":11},{"damage":4,"enemies":"Large Slime","floor":12,"turns":6},{"damage":0,"enemies":"Exordium Thugs","floor":14,"turns":4},{"damage":73,"enemies":"Hexaghost","floor":16,"turns":17},{"damage":7,"enemies":"2 Thieves","floor":18,"turns":5},{"damage":0,"enemies":"3 Byrds","floor":19,"turns":5},{"damage":21,"enemies":"Slaver and Parasite","floor":21,"turns":6},{"damage":27,"enemies":"Sentry and Sphere","floor":22,"turns":6},{"damage":0,"enemies":"Gremlin Leader","floor":23,"turns":6},{"damage":0,"enemies":"Snecko","floor":25,"turns":4},{"damage":3,"enemies":"Snake Plant","floor":27,"turns":4},{"damage":0,"enemies":"Centurion and Healer","floor":30,"turns":3},{"damage":51,"enemies":"Automaton","floor":33,"turns":6}],"relics_obtained":[{"floor":9,"key":"The Courier"},{"floor":10,"key":"Ninja Scroll"},{"floor":23,"key":"Matryoshka"},{"floor":26,"key":"Paper Crane"},{"floor":26,"key":"Juzu Bracelet"},{"floor":31,"key":"Enchiridion"}],"event_choices":[{"event_name":"Golden Wing","player_choice":"Card Removal","floor":4,"damage_taken":0},{"event_name":"Forgotten Altar","player_choice":"Shed Blood","floor":28,"damage_taken":0},{"event_name":"Cursed Tome","player_choice":"Obtained Book","floor":31,"damage_taken":0}],"boss_relics":[{"not_picked":["Runic Dome","Calling Bell"],"picked":"Astrolabe"}],"items_purged_floors":[20],"potions_floor_spawned":[1,2,10,16,19,22,25,27],"seed_played":"-2549075523697714999","killed_by":"Automaton","ascension_level":0,"potions_obtained":[{"floor":1,"key":"Block Potion"},{"floor":2,"key":"Regen Potion"},{"floor":10,"key":"SteroidPotion"},{"floor":16,"key":"GamblersBrew"},{"floor":19,"key":"Poison Potion"},{"floor":22,"key":"FearPotion"},{"floor":25,"key":"Swift Potion"},{"floor":27,"key":"LiquidBronze"}],"is_trial":false}