{"gold_per_floor":[117,117,63,63,74,105,105,130,178,191,225,300,300,300,300,375,375,388,51,171,171,70,70,97,115,141,176,187,187,213,227,227,302,302,312,9,54,73,73,107,107,135,214,247,247,247,277,287,287,287],"floor_reached":51,"playtime":2985,"items_purged":["Clumsy","Pain"],"score":1855,"play_id":"b8885122-6c16-4bb9-aace-62daf41a47d3","local_time":"25620120171618","is_ascension_mode":true,"campfire_choices":[{"data":"Uppercut","floor":7.0,"key":"SMITH"},{"data":"Juggernaut","floor":13.0,"key":"SMITH"},{"data":"Hemogenesis","floor":23.0,"key":"SMITH"},{"data":"Disarm","floor":29.0,"key":"SMITH"},{"data":"infinitespire:TheBestDefense","floor":41,"key":"SMITH"},{"floor":46,"key":"REST"},{"data":"Impervious","floor":49,"key":"SMITH"}],"neow_cost":"NONE","seed_source_timestamp":0,"circlet_count":0,"master_deck":["AscendersBane","Strike_R","Strike_R","Strike_R","Strike_R+1","Strike_R+1","Defend_R","Defend_R","Defend_R","Defend_R","Bash","Whirlwind","Uppercut+1","Spot Weakness","Juggernaut+1","Iron Wave","Dropkick","Hemogenesis+1","Spot Weakness","Metallicize+1","Thunderclap","Battle Trance","infinitespire:TheBestDefense+1","Metallicize+1","Shrug It Off","Impervious+1","Disarm+1","Shrug It Off","Shrug It Off","Pommel Strike+1","Shockwave","Reaper+1","Body Slam+1","Whirlwind+1","Discovery+1","True Grit+1","ReplayReversal+1","Flex","Bloodletting","Replay:Sssssssssshield","Mayhem","Magnetism","Disarm","Battle Trance"],"special_seed":0,"relics":["Burning Blood","NeowsBlessing","hubris:Towel","ReplayTheSpireMod:CursedCoin","Art of War","Ancient Tea Set","ReplayTheSpireMod:Shallot","Blue Doll","infinitespire:Satchel","WarpedTongs","hubris:ScarierMask","King of Hearts","Mango","ReplayTheSpireMod:Lightbulb","Molten Egg 2","infinitespire:ShieldingShard","Painkiller Herb","Strange Spoon","Counterbalance","hubris:IronBody","Pet Ghost","Iron Hammer","Simple Rune","Vajra","infinitespire:Bottled Soul"],"potions_floor_usage":[42,44,47,50],"damage_taken":[{"damage":0.0,"enemies":"2 Louse","floor":1.0,"turns":1.0},{"damage":0.0,"enemies":"Cultist","floor":5.0,"turns":1.0},{"damage":0.0,"enemies":"Lagavulin","floor":6.0,"turns":1.0},{"damage":8.0,"enemies":"Gremlin Nob","floor":8.0,"turns":3.0},{"damage":0.0,"enemies":"Small Slimes","floor":10.0,"turns":3.0},{"damage":26.0,"enemies":"Lagavulin","floor":11.0,"turns":7.0},{"damage":49.0,"enemies":"Fading Forest","floor":16.0,"turns":13.0},{"damage":22.0,"enemies":"3 Byrds","floor":18.0,"turns":5.0},{"damage":13.0,"enemies":"Chosen","floor":20.0,"turns":5.0},{"damage":20.0,"enemies":"Nightmare","floor":24.0,"turns":9.0},{"damage":17.0,"enemies":"Snecko","floor":25.0,"turns":5.0},{"damage":37.0,"enemies":"Slavers","floor":27.0,"turns":6.0},{"damage":7.0,"enemies":"Snake Plant","floor":28.0,"turns":5.0},{"damage":46.0,"enemies":"Book of Stabbing","floor":30.0,"turns":7.0},{"damage":0.0,"enemies":"3 Cultists","floor":31.0,"turns":5.0},{"damage":39.0,"enemies":"hubris:MusketHawk","floor":33.0,"turns":10.0},{"damage":8,"enemies":"3 Darklings","floor":35,"turns":5},{"damage":3,"enemies":"2 Orb Walkers","floor":37,"turns":3},{"damage":12,"enemies":"Orb Walker","floor":38,"turns":4},{"damage":43,"enemies":"Nemesis","floor":40,"turns":13},{"damage":0,"enemies":"Giant Head","floor":42,"turns":6},{"damage":0,"enemies":"R_Hoarder","floor":44,"turns":8},{"damage":11,"enemies":"Reptomancer","floor":47,"turns":7},{"damage":0,"enemies":"Sphere and 2 Shapes","floor":48,"turns":3},{"damage":43,"enemies":"Donu and Deca","floor":50,"turns":9}],"seed_played":"-7474606626626556418","potions_obtained":[{"floor":1.0,"key":"SteroidPotion"},{"floor":5.0,"key":"Dexterity Potion"},{"floor":10.0,"key":"Venom Potion"},{"floor":15.0,"key":"SkillPotion"},{"floor":25.0,"key":"Reflective Coating"},{"floor":27.0,"key":"Fire Potion"},{"floor":42,"key":"Adrenaline Potion"},{"floor":48,"key":"BloodPotion"}],"is_trial":false,"path_per_floor":["M","?","$","T","M","E","R","E","T","M","E","?","R","?","R","B",null,"M","$","M","?","$","R","NM","M","T","E","M","R","E","M","R","B",null,"?","T","?","?","?","E","T","E","T","E","?","T","E","?","T","B",null],"character_chosen":"IRONCLAD","items_purchased":["Flex","ReplayTheSpireMod:CursedCoin","Uppercut","Metallicize+1","King of Hearts","Thunderclap","Metallicize+1","Shrug It Off","Strange Spoon","Whirlwind+1","Discovery+1"],"campfire_rested":1,"item_purchase_floors":[3,3,3,19,19,19,22,22,36,36,36],"current_hp_per_floor":[74,74,74,74,75,75,75,73,73,75,55,44,44,44,44,20,61,52,52,58,41,41,41,64,76,76,65,72,72,64,81,89,76,86,89,89,89,89,89,89,89,89,89,89,79,89,89,89,89,89],"gold":287,"neow_bonus":"THREE_ENEMY_KILL","is_prod":false,"is_daily":false,"chose_seed":false,"campfire_upgraded":6,"win_rate":0,"timestamp":1547979378,"path_taken":["M","?","?","?","M","E","R","E","T","M","E","?","R","?","R","BOSS","M","$","M","?","?","R","NM","?","T","E","M","R","E","M","R","BOSS","?","T","?","?","?","E","T","E","T","E","?","T","E","?","T","BOSS"],"build_version":"2019-01-17v2","purchased_purges":2,"victory":true,"max_hp_per_floor":[75,75,75,75,75,75,75,75,75,75,75,75,75,75,75,75,75,75,75,75,75,75,75,89,89,89,89,89,89,89,89,89,89,89,89,89,89,89,89,89,89,89,89,89,89,89,89,89,89,89],"card_choices":[{"not_picked":["Rampage","ReplayTheSpireMod:Strike From Hell"],"picked":"Whirlwind","floor":1.0},{"not_picked":["Corruption","Disarm"],"picked":"Spot Weakness","floor":5.0},{"not_picked":["Warcry","Clothesline"],"picked":"Juggernaut","floor":6.0},{"not_picked":["Headbutt","Thunderclap"],"picked":"Iron Wave","floor":8.0},{"not_picked":["Twin Strike","Perfected Strike","ReplayTheSpireMod:Strike From Hell"],"picked":"SKIP","floor":10.0},{"not_picked":["Seeing Red","Rupture"],"picked":"Dropkick","floor":11.0},{"not_picked":["Berserk","Feed"],"picked":"Hemogenesis","floor":16.0},{"not_picked":["ReplayTheSpireMod:Strike From Hell","Rampage"],"picked":"Spot Weakness","floor":18.0},{"not_picked":["Clash","infinitespire:OneForAll+1"],"picked":"Battle Trance","floor":20.0},{"not_picked":["ReplayTheSpireMod:??????????????????????","hubris:InfiniteBlow"],"picked":"infinitespire:TheBestDefense","floor":21.0},{"not_picked":["Sentinel","Fiend Fire"],"picked":"Impervious","floor":24.0},{"not_picked":["Shrug It Off","ReplayTheSpireMod:Muscle Training"],"picked":"Disarm","floor":25.0},{"not_picked":["Sword Boomerang","Clash"],"picked":"Shrug It Off","floor":27.0},{"not_picked":["Impervious","Clothesline+1"],"picked":"Shrug It Off","floor":28.0},{"not_picked":["ReplayTheSpireMod:Muscle Training","Shrug It Off"],"picked":"Pommel Strike+1","floor":30.0},{"not_picked":["Shrug It Off","Burning Pact"],"picked":"Shockwave","floor":31.0},{"not_picked":["Juggernaut","Exhume"],"picked":"Reaper+1","floor":33.0},{"not_picked":["Pommel Strike+1","Flex+1"],"picked":"Body Slam+1","floor":35},{"not_picked":["Bloodletting+1","Iron Wave+1"],"picked":"True Grit+1","floor":38},{"not_picked":["Defy Death","Fire Breathing+1"],"picked":"ReplayReversal+1","floor":40},{"not_picked":["Iron Wave+1","Replay:Many Hands"],"picked":"Flex","floor":42},{"not_picked":["Fire Breathing","Clash+1"],"picked":"Bloodletting","floor":44},{"not_picked":["Deep Breath","Discovery"],"picked":"Replay:Sssssssssshield","floor":45},{"not_picked":["ReplayTheSpireMod:Trickstab+1","ReplayUltimateDefense"],"picked":"Mayhem","floor":45},{"not_picked":["Bandage Up","Jack Of All Trades"],"picked":"Magnetism","floor":45},{"not_picked":["Perfected Strike+1","Entrench"],"picked":"Disarm","floor":47},{"not_picked":["ReplayTheSpireMod:Strike From Hell+1","Wild Strike+1"],"picked":"Battle Trance","floor":48}],"player_experience":250077,"relics_obtained":[{"floor":4.0,"key":"Art of War"},{"floor":6.0,"key":"Ancient Tea Set"},{"floor":8.0,"key":"ReplayTheSpireMod:Shallot"},{"floor":9.0,"key":"Blue Doll"},{"floor":11.0,"key":"infinitespire:Satchel"},{"floor":24.0,"key":"Mango"},{"floor":26.0,"key":"ReplayTheSpireMod:Lightbulb"},{"floor":27.0,"key":"Molten Egg 2"},{"floor":30.0,"key":"infinitespire:ShieldingShard"},{"floor":37,"key":"Counterbalance"},{"floor":40,"key":"hubris:IronBody"},{"floor":42,"key":"Pet Ghost"},{"floor":43,"key":"Iron Hammer"},{"floor":44,"key":"Simple Rune"},{"floor":47,"key":"infinitespire:Bottled Soul"}],"event_choices":[{"damage_healed":0.0,"max_hp_gain":0.0,"max_hp_loss":0.0,"gold_gain":75.0,"event_name":"World of Goop","player_choice":"Gather Gold","floor":12.0,"gold_loss":0.0,"damage_taken":11.0},{"damage_healed":0.0,"max_hp_gain":0.0,"max_hp_loss":0.0,"gold_gain":0.0,"event_name":"Accursed Blacksmith","player_choice":"Rummage","floor":14.0,"gold_loss":0.0,"damage_taken":0.0,"relics_obtained":["WarpedTongs"],"cards_obtained":["Pain"]},{"damage_healed":0,"gold_gain":0,"player_choice":"Fight","damage_taken":0,"max_hp_gain":0,"max_hp_loss":0,"event_name":"Mysterious Sphere","floor":37,"gold_loss":0},{"cards_removed":["Flex"],"damage_healed":0,"gold_gain":0,"player_choice":"Removed Skill","damage_taken":0,"max_hp_gain":0,"max_hp_loss":0,"event_name":"Falling","floor":39,"gold_loss":0},{"damage_healed":0,"gold_gain":0,"player_choice":"Memory 3","damage_taken":10,"max_hp_gain":0,"max_hp_loss":0,"event_name":"SensoryStone","floor":45,"gold_loss":0}],"is_beta":false,"boss_relics":[{"not_picked":["Orrery","hubris:BlackHole"],"picked":"hubris:ScarierMask"},{"not_picked":["White Beast Statue","Philosopher\u0027s Stone"],"picked":"Painkiller Herb"}],"items_purged_floors":[3,19],"is_endless":false,"potions_floor_spawned":[1,5,10,25,27,28,37,40,42,48],"ascension_level":19}