{"gold_per_floor":[111,125,11,25,45,75,75,95,95,113,113,144,144,164,164,259,259,270,63,77,77,89,89,106,139,190,206,206,30,57,76,76,76],"floor_reached":33,"playtime":1731,"items_purged":[],"score":587,"play_id":"beecd578-83ea-4786-81f2-7ee426c10175","local_time":"20181205005644","is_ascension_mode":true,"campfire_choices":[{"data":"Static Discharge","floor":7,"key":"SMITH"},{"data":"Loop","floor":11,"key":"SMITH"},{"floor":13,"key":"REST"},{"data":"Electrodynamics","floor":15,"key":"SMITH"},{"data":"Defragment","floor":23,"key":"SMITH"},{"data":"Storm","floor":32,"key":"SMITH"}],"neow_cost":"NONE","seed_source_timestamp":60694467449136,"circlet_count":0,"master_deck":["AscendersBane","Defend_B","Defend_B","Defend_B","Defend_B","Zap","Dualcast","Coolheaded","Streamline","FTL","Doom and Gloom","Steam Power","Turbo","Static Discharge+1","Loop+1","Darkness","Coolheaded","Electrodynamics+1","Steam","Seek","Defragment+1","Static Discharge","Bite","Bite","Bite","Bite","Bite","Steam","Redo+1","Storm+1","Leap","Thunder Strike","Stack"],"relics":["Cracked Core","Matryoshka","Ancient Tea Set","Pocketwatch","Thread and Needle","Nuclear Battery","ClockworkSouvenir","Turnip","Bag of Preparation","Pen Nib","Meat on the Bone","PreservedInsect","Dodecahedron"],"potions_floor_usage":[6,8,20,30,33],"damage_taken":[{"damage":4,"enemies":"2 Louse","floor":1,"turns":2},{"damage":0,"enemies":"Jaw Worm","floor":2,"turns":4},{"damage":1,"enemies":"Cultist","floor":4,"turns":3},{"damage":1,"enemies":"3 Louse","floor":5,"turns":3},{"damage":13,"enemies":"3 Sentries","floor":6,"turns":5},{"damage":10,"enemies":"Lots of Slimes","floor":8,"turns":2},{"damage":6,"enemies":"Blue Slaver","floor":10,"turns":3},{"damage":15,"enemies":"Lagavulin","floor":12,"turns":5},{"damage":0,"enemies":"Looter","floor":14,"turns":3},{"damage":0,"enemies":"The Guardian","floor":16,"turns":9},{"damage":7,"enemies":"Spheric Guardian","floor":18,"turns":3},{"damage":0,"enemies":"3 Byrds","floor":20,"turns":2},{"damage":18,"enemies":"Snake Plant","floor":22,"turns":4},{"damage":12,"enemies":"Centurion and Healer","floor":24,"turns":5},{"damage":18,"enemies":"Gremlin Leader","floor":25,"turns":6},{"damage":2,"enemies":"Shelled Parasite and Fungi","floor":27,"turns":5},{"damage":16,"enemies":"Slavers","floor":30,"turns":2},{"damage":10,"enemies":"Chosen and Byrds","floor":31,"turns":4},{"damage":44,"enemies":"Collector","floor":33,"turns":5}],"seed_played":"-3089498593641918514","potions_obtained":[{"floor":2,"key":"SkillPotion"},{"floor":5,"key":"Ancient Potion"},{"floor":6,"key":"LiquidBronze"},{"floor":12,"key":"AttackPotion"},{"floor":16,"key":"Poison Potion"},{"floor":24,"key":"Strength Potion"}],"is_trial":false,"path_per_floor":["M","M","$","M","M","E","R","M","T","M","R","E","R","M","R","B",null,"M","$","M","?","M","R","M","E","T","M","?","$","E","M","R","B"],"character_chosen":"DEFECT","items_purchased":["Doom and Gloom","Steam Power","ClockworkSouvenir","PreservedInsect","Leap"],"campfire_rested":1,"item_purchase_floors":[3,3,19,29,29],"current_hp_per_floor":[64,64,64,63,62,49,49,39,39,33,33,18,40,40,40,40,66,59,59,59,52,40,40,40,32,32,42,42,42,28,36,36,0],"gold":76,"neow_bonus":"THREE_CARDS","is_prod":false,"is_daily":false,"chose_seed":false,"campfire_upgraded":5,"win_rate":0,"timestamp":1543967804,"path_taken":["M","M","$","M","M","E","R","M","T","M","R","E","R","M","R","BOSS","M","$","M","?","M","R","M","E","T","M","?","?","E","M","R","BOSS"],"build_version":"2018-11-15","purchased_purges":0,"victory":false,"max_hp_per_floor":[75,75,75,75,75,75,75,75,75,75,75,75,75,75,75,75,75,75,75,75,52,52,52,52,52,52,52,52,52,52,52,52,52],"card_choices":[{"not_picked":["Barrage","Redo"],"picked":"Coolheaded","floor":0},{"not_picked":["Steam","Melter"],"picked":"Streamline","floor":1},{"not_picked":["Coolheaded","Skim"],"picked":"FTL","floor":2},{"not_picked":["Gash","Steam"],"picked":"Turbo","floor":4},{"not_picked":["Auto Shields","Steam"],"picked":"Static Discharge","floor":5},{"not_picked":["Hologram","Steam"],"picked":"Loop","floor":6},{"not_picked":["Turbo","Barrage"],"picked":"Darkness","floor":8},{"not_picked":["Rebound","Beam Cell"],"picked":"Coolheaded","floor":10},{"not_picked":["Conserve Battery","Melter"],"picked":"Electrodynamics","floor":12},{"not_picked":["Beam Cell","Stack"],"picked":"Steam","floor":14},{"not_picked":["Meteor Strike","Rainbow"],"picked":"Seek","floor":16},{"not_picked":["Gash","Compile Driver"],"picked":"Defragment","floor":18},{"not_picked":["Steam","Cold Snap"],"picked":"Static Discharge","floor":20},{"not_picked":["Reprogram","Doom and Gloom"],"picked":"Steam","floor":22},{"not_picked":["Barrage+1","Sweeping Beam","Rebound"],"picked":"SKIP","floor":24},{"not_picked":["Sweeping Beam","Self Repair"],"picked":"Redo+1","floor":25},{"not_picked":["Conserve Battery","Steam"],"picked":"Storm","floor":27},{"not_picked":["Streamline","Ball Lightning"],"picked":"Thunder Strike","floor":30},{"not_picked":["Compile Driver","Skim"],"picked":"Stack","floor":31}],"player_experience":366358,"relics_obtained":[{"floor":6,"key":"Matryoshka"},{"floor":9,"key":"Ancient Tea Set"},{"floor":9,"key":"Pocketwatch"},{"floor":12,"key":"Thread and Needle"},{"floor":25,"key":"Turnip"},{"floor":26,"key":"Bag of Preparation"},{"floor":26,"key":"Pen Nib"},{"floor":30,"key":"Dodecahedron"}],"event_choices":[{"damage_healed":0,"gold_gain":0,"player_choice":"Became a vampire","damage_taken":0,"max_hp_gain":0,"max_hp_loss":23,"event_name":"Vampires","floor":21,"gold_loss":0,"cards_obtained":["Bite","Bite","Bite","Bite","Bite"]},{"damage_healed":0,"gold_gain":0,"player_choice":"Opened","damage_taken":0,"relics_obtained":["Meat on the Bone"],"max_hp_gain":0,"max_hp_loss":0,"event_name":"The Mausoleum","floor":28,"gold_loss":0}],"is_beta":false,"boss_relics":[{"not_picked":["Pandora\u0027s Box","Astrolabe"],"picked":"Nuclear Battery"}],"items_purged_floors":[],"is_endless":false,"potions_floor_spawned":[2,5,6,12,14,16,18,24],"killed_by":"Collector","ascension_level":12}