{"gold_per_floor":[111,122,136,154,44,44,57,57,103,133,151,151,151,183,183,256,256,267,267,267,134,150,150,240,240,318,347,116,116,134,149,149,149],"floor_reached":33,"playtime":1227,"items_purged":["Strike_R"],"score":523,"play_id":"f33f6757-4627-475d-93d1-6fb4112a6aad","local_time":"20180906092848","is_ascension_mode":true,"campfire_choices":[{"data":"Iron Wave","floor":6.0,"key":"SMITH"},{"data":"Carnage","floor":8.0,"key":"SMITH"},{"data":"Cleave","floor":13.0,"key":"SMITH"},{"data":"Bash","floor":15.0,"key":"SMITH"},{"data":"Hemokinesis","floor":23.0,"key":"SMITH"},{"data":"Disarm","floor":25.0,"key":"SMITH"},{"data":"Spot Weakness","floor":29.0,"key":"SMITH"},{"data":"Limit Break","floor":32.0,"key":"SMITH"}],"neow_cost":"NONE","seed_source_timestamp":71168906920404,"circlet_count":0,"master_deck":["Strike_R","Strike_R","Defend_R","Defend_R","Defend_R","Defend_R","Bash+1","AscendersBane","Warcry","Iron Wave+1","Pummel","Anger","Carnage+1","Cleave+1","Limit Break+1","Shrug It Off","Hemokinesis+1","Disarm+1","Spot Weakness+1","Ghostly Armor"],"special_seed":0,"relics":["Black Blood","Bronze Scales","Meat on the Bone","CultistMask","Nloth\u0027s Gift","Tiny Chest","Unceasing Top","Bag of Preparation"],"potions_floor_usage":[33,33],"damage_taken":[{"damage":6.0,"enemies":"Cultist","floor":1.0,"turns":3.0},{"damage":2.0,"enemies":"2 Louse","floor":2.0,"turns":3.0},{"damage":14.0,"enemies":"Jaw Worm","floor":3.0,"turns":3.0},{"damage":30.0,"enemies":"Exordium Thugs","floor":4.0,"turns":7.0},{"damage":0.0,"enemies":"2 Fungi Beasts","floor":7.0,"turns":2.0},{"damage":25.0,"enemies":"Lagavulin","floor":10.0,"turns":6.0},{"damage":1.0,"enemies":"Large Slime","floor":11.0,"turns":3.0},{"damage":20.0,"enemies":"3 Sentries","floor":14.0,"turns":6.0},{"damage":35.0,"enemies":"Slime Boss","floor":16.0,"turns":8.0},{"damage":25.0,"enemies":"Spheric Guardian","floor":18.0,"turns":4.0},{"damage":24.0,"enemies":"2 Thieves","floor":22.0,"turns":4.0},{"damage":35.0,"enemies":"Gremlin Leader","floor":27.0,"turns":7.0},{"damage":9.0,"enemies":"Chosen and Byrds","floor":30.0,"turns":5.0},{"damage":21.0,"enemies":"Cultist and Chosen","floor":31.0,"turns":6.0},{"damage":71,"enemies":"Collector","floor":33,"turns":6}],"seed_played":"6523361397437205284","potions_obtained":[{"floor":2.0,"key":"GamblersBrew"},{"floor":3.0,"key":"PowerPotion"},{"floor":10.0,"key":"Energy Potion"},{"floor":22.0,"key":"Regen Potion"},{"floor":30.0,"key":"SneckoOil"},{"floor":31.0,"key":"EssenceOfSteel"}],"is_trial":false,"path_per_floor":["M","M","M","M","$","R","M","R","T","E","M","?","R","E","R","B",null,"M","?","?","$","M","R","?","R","T","E","$","R","M","M","R"],"character_chosen":"IRONCLAD","items_purchased":["Fire Potion","Cleave","Fire Potion","Bag of Preparation","SteroidPotion"],"campfire_rested":0,"item_purchase_floors":[5,5,21,28,28],"current_hp_per_floor":[68,72,64,40,40,40,46,46,46,27,44,44,44,42,42,25,63,48,48,48,48,46,46,32,32,32,34,34,34,47,48,48,0],"gold":149,"neow_bonus":"TRANSFORM_CARD","is_prod":false,"is_daily":false,"chose_seed":false,"campfire_upgraded":8,"win_rate":0,"timestamp":1536251328,"path_taken":["M","?","?","M","$","R","M","R","T","E","?","?","R","E","R","BOSS","M","?","?","$","M","R","?","R","T","E","$","R","?","M","R","BOSS"],"build_version":"2018-08-30","purchased_purges":1,"victory":false,"max_hp_per_floor":[75,75,75,75,75,75,75,75,75,75,75,75,75,75,75,75,75,75,75,75,75,75,75,75,75,75,75,75,75,75,75,75,75],"card_choices":[{"not_picked":["Pommel Strike","Wild Strike"],"picked":"Iron Wave","floor":1.0},{"not_picked":["Sentinel","Flex"],"picked":"Pummel","floor":2.0},{"not_picked":["Battle Trance","Blood for Blood"],"picked":"Anger","floor":3.0},{"not_picked":["Clash","Evolve"],"picked":"Carnage","floor":4.0},{"not_picked":["Pummel","Anger","Flex"],"picked":"SKIP","floor":7.0},{"not_picked":["Pommel Strike","Iron Wave"],"picked":"Limit Break","floor":10.0},{"not_picked":["Fire Breathing","Iron Wave","Perfected Strike"],"picked":"SKIP","floor":11.0},{"not_picked":["Uppercut","Clash"],"picked":"Shrug It Off","floor":14.0},{"not_picked":["Shrug It Off","Perfected Strike"],"picked":"Hemokinesis","floor":18.0},{"not_picked":["Cleave","Shrug It Off"],"picked":"Disarm","floor":22.0},{"not_picked":["Dropkick","Flex"],"picked":"Spot Weakness","floor":27.0},{"not_picked":["Warcry","Anger","Blood for Blood"],"picked":"SKIP","floor":30.0},{"not_picked":["Pommel Strike","Armaments"],"picked":"Ghostly Armor","floor":31.0}],"player_experience":1074094,"relics_obtained":[{"floor":9.0,"key":"Bronze Scales"},{"floor":10.0,"key":"Meat on the Bone"},{"floor":14.0,"key":"Pen Nib"},{"floor":26.0,"key":"Tiny Chest"},{"floor":27.0,"key":"Unceasing Top"}],"event_choices":[{"event_name":"FaceTrader","player_choice":"Trade","floor":12.0,"damage_taken":0.0},{"event_name":"Purifier","player_choice":"One Purge","floor":19.0,"damage_taken":0.0},{"event_name":"N\u0027loth","player_choice":"Traded a Pen Nib","floor":20.0,"damage_taken":0.0},{"event_name":"Knowing Skull","player_choice":"GOLD ","floor":24.0,"damage_taken":0.0}],"is_beta":false,"boss_relics":[{"not_picked":["Philosopher\u0027s Stone","Lizard Tail"],"picked":"Black Blood"}],"items_purged_floors":[21],"is_endless":false,"potions_floor_spawned":[2,3,10,14,22,30,31],"killed_by":"Collector","ascension_level":18}