{"gold_per_floor":[109,284,72,72,72,72,92,127,127,163,183,183,221,221,221,324,324,364,380,305,0,36,36,80,80,80,98,136,136,173,24,24,119,119,158,258,258,40,51,116,116,148,148,148,176,176,192,235,235,235],"floor_reached":51,"playtime":5041,"items_purged":["Writhe"],"score":879,"play_id":"66a6f423-03ae-49a6-8145-aca9734a0019","local_time":"20190505115504","is_ascension_mode":true,"campfire_choices":[{"data":"HandOfGreed","floor":6,"key":"SMITH"},{"floor":15,"key":"REST"},{"data":"Reflex","floor":23,"key":"SMITH"},{"floor":29,"key":"REST"},{"floor":32,"key":"REST"},{"floor":41,"key":"REST"},{"floor":44,"key":"REST"},{"floor":46,"key":"REST"},{"floor":49,"key":"REST"}],"neow_cost":"NONE","seed_source_timestamp":0,"circlet_count":0,"master_deck":["Survivor","Neutralize","Infinite Blades","Underhanded Strike","Blade Dance","Acrobatics","Acrobatics","Underhanded Strike","Bullet Time","Reflex+1","Deadly Poison","Noxious Fumes","Eviscerate","Doubt","HandOfGreed+1","Footwork","Cloak And Dagger","Deadly Poison","Malaise","Noxious Fumes","Adrenaline","Cloak And Dagger","Expertise+1","Backflip+1","Expertise+1","Prepared+1","Escape Plan+1","Backflip+1","Tactician+1","Concentrate+1","Adrenaline+1","Prepared+1","Purity+1","Tactician+1","Quick Slash+1","Backflip+1","Reflex+1","A Thousand Cuts+1"],"special_seed":0,"relics":["Pandora\u0027s Box","Sundial","Oddly Smooth Stone","Bag of Preparation","HoveringKite","Toxic Egg 2","Frozen Egg 2","Bag of Marbles","Fusion Hammer","Unceasing Top","Dream Catcher","Tiny Chest","Kunai","Blue Candle","Regal Pillow"],"potions_floor_usage":[16,30,33],"damage_taken":[{"damage":10.0,"enemies":"Small Slimes","floor":1.0,"turns":3.0},{"damage":9,"enemies":"Jaw Worm","floor":7,"turns":4},{"damage":2,"enemies":"Cultist","floor":8,"turns":4},{"damage":12,"enemies":"Exordium Wildlife","floor":10,"turns":3},{"damage":16,"enemies":"Blue Slaver","floor":11,"turns":4},{"damage":4,"enemies":"Looter","floor":13,"turns":3},{"damage":34,"enemies":"The Guardian","floor":16,"turns":10},{"damage":0,"enemies":"Chosen","floor":18,"turns":4},{"damage":10,"enemies":"Shell Parasite","floor":19,"turns":4},{"damage":38,"enemies":"Shelled Parasite and Fungi","floor":22,"turns":5},{"damage":0,"enemies":"3 Cultists","floor":24,"turns":4},{"damage":6,"enemies":"Cultist and Chosen","floor":27,"turns":4},{"damage":13,"enemies":"Shelled Parasite and Fungi","floor":28,"turns":3},{"damage":16,"enemies":"Centurion and Healer","floor":30,"turns":4},{"damage":8,"enemies":"Automaton","floor":33,"turns":6},{"damage":3,"enemies":"3 Shapes","floor":35,"turns":2},{"damage":0,"enemies":"Mind Bloom Boss Battle","floor":36,"turns":4},{"damage":0,"enemies":"Orb Walker","floor":39,"turns":2},{"damage":0,"enemies":"Giant Head","floor":40,"turns":2},{"damage":0,"enemies":"Nemesis","floor":42,"turns":3},{"damage":3,"enemies":"Reptomancer","floor":45,"turns":3},{"damage":1,"enemies":"Jaw Worm Horde","floor":47,"turns":1},{"damage":0,"enemies":"4 Shapes","floor":48,"turns":1},{"damage":30,"enemies":"Time Eater","floor":50,"turns":11}],"seed_played":"-2893095482288667036","potions_obtained":[{"floor":1.0,"key":"SkillPotion"},{"floor":10,"key":"Strength Potion"},{"floor":16,"key":"AttackPotion"},{"floor":22,"key":"Block Potion"},{"floor":27,"key":"SkillPotion"},{"floor":28,"key":"Dexterity Potion"},{"floor":33,"key":"AttackPotion"},{"floor":36,"key":"EssenceOfSteel"}],"is_trial":false,"path_per_floor":["M","?","$","?","$","R","M","M","T","M","M","?","M","?","R","B",null,"M","M","?","$","M","R","M","?","T","M","M","R","M","$","R","B",null,"M","?","?","$","M","E","R","E","T","R","E","R","M","M","R","B",null],"character_chosen":"THE_SILENT","items_purchased":["HandOfGreed","Footwork","Toxic Egg 2","Backflip+1","Tactician+1","Concentrate+1","Dream Catcher"],"campfire_rested":7,"item_purchase_floors":[3,3,21,21,31,31,38],"current_hp_per_floor":[60,60,60,60,60,60,51,49,49,37,21,21,17,17,38,4,70,70,60,60,60,22,22,22,22,22,16,3,24,8,8,29,21,70,67,67,67,67,67,67,70,70,70,70,67,70,69,69,70,40],"gold":235,"neow_bonus":"BOSS_RELIC","is_prod":false,"is_daily":false,"chose_seed":false,"campfire_upgraded":2,"win_rate":0,"timestamp":1557050104,"path_taken":["M","?","$","?","$","R","M","M","T","M","M","?","?","?","R","BOSS","M","M","?","$","M","R","M","?","T","M","M","R","M","$","R","BOSS","M","?","?","$","M","E","R","E","T","R","E","R","M","M","R","BOSS"],"build_version":"2019-01-23","purchased_purges":1,"victory":true,"max_hp_per_floor":[70,70,70,70,70,70,70,70,70,70,70,70,70,70,70,70,70,70,70,70,70,70,70,70,70,70,70,70,70,70,70,70,70,70,70,70,70,70,70,70,70,70,70,70,70,70,70,70,70,70],"card_choices":[{"not_picked":["Blade Dance","Slice"],"picked":"Eviscerate","floor":1.0},{"not_picked":["Terror","Slice"],"picked":"Cloak And Dagger","floor":7},{"not_picked":["Poisoned Stab","Underhanded Strike","Acrobatics"],"picked":"SKIP","floor":8},{"not_picked":["PiercingWail","Skewer"],"picked":"Deadly Poison","floor":10},{"not_picked":["Heel Hook","All Out Attack"],"picked":"Malaise","floor":11},{"not_picked":["Quick Slash","Underhanded Strike"],"picked":"Noxious Fumes","floor":13},{"not_picked":["Doppelganger","Glass Knife"],"picked":"Adrenaline","floor":16},{"not_picked":["Deflect","Sucker Punch"],"picked":"Cloak And Dagger","floor":18},{"not_picked":["Well Laid Plans+1","Bouncing Flask"],"picked":"Expertise+1","floor":19},{"not_picked":["Cloak And Dagger+1","Blade Dance+1"],"picked":"Expertise+1","floor":22},{"not_picked":["Eviscerate","Finisher+1"],"picked":"Prepared+1","floor":24},{"not_picked":["Bouncing Flask+1","Crippling Poison+1"],"picked":"Escape Plan+1","floor":27},{"not_picked":["Dodge and Roll+1","Crippling Poison+1"],"picked":"Backflip+1","floor":28},{"not_picked":["Riddle With Holes","Heel Hook","Dagger Spray"],"picked":"SKIP","floor":30},{"not_picked":["Grand Finale","Venomology+1"],"picked":"Adrenaline+1","floor":33},{"not_picked":["Concentrate+1","Blade Dance+1","Underhanded Strike+1"],"picked":"SKIP","floor":35},{"not_picked":["Dagger Throw+1","Distraction+1"],"picked":"Prepared+1","floor":36},{"not_picked":["PanicButton+1","Violence+1"],"picked":"Purity+1","floor":37},{"not_picked":["Endless Agony","Backstab+1"],"picked":"Tactician+1","floor":39},{"not_picked":["Eviscerate","Skewer"],"picked":"Quick Slash+1","floor":40},{"not_picked":["Sucker Punch","Slice+1","Distraction+1"],"picked":"SKIP","floor":42},{"not_picked":["Poisoned Stab+1","Blade Dance+1"],"picked":"Backflip+1","floor":44},{"not_picked":["Skewer+1","Bane"],"picked":"Reflex+1","floor":45},{"not_picked":["Bane","Blur+1","Backflip+1"],"picked":"SKIP","floor":47},{"not_picked":["Backflip+1","Slice","Skewer+1"],"picked":"SKIP","floor":48},{"not_picked":["Expertise+1","Catalyst+1"],"picked":"A Thousand Cuts+1","floor":49}],"player_experience":148749,"relics_obtained":[{"floor":9,"key":"Oddly Smooth Stone"},{"floor":12,"key":"Bag of Preparation"},{"floor":26,"key":"Bag of Marbles"},{"floor":36,"key":"Unceasing Top"},{"floor":40,"key":"Tiny Chest"},{"floor":42,"key":"Kunai"},{"floor":43,"key":"Blue Candle"},{"floor":45,"key":"Regal Pillow"}],"event_choices":[{"damage_healed":0.0,"max_hp_gain":0.0,"max_hp_loss":0.0,"gold_gain":175.0,"event_name":"Liars Game","player_choice":"AGREE","floor":2.0,"gold_loss":0.0,"damage_taken":0.0,"cards_obtained":["Doubt"]},{"damage_healed":0.0,"max_hp_gain":0.0,"max_hp_loss":0.0,"gold_gain":0.0,"event_name":"Big Fish","player_choice":"Box","floor":4.0,"gold_loss":0.0,"damage_taken":0.0,"relics_obtained":["Sundial"],"cards_obtained":["Regret"]},{"damage_healed":0,"gold_gain":0,"player_choice":"Relic","damage_taken":0,"max_hp_gain":0,"max_hp_loss":0,"event_name":"Wheel of Change","floor":12,"gold_loss":0},{"damage_healed":0,"gold_gain":0,"player_choice":"Ignored","damage_taken":0,"max_hp_gain":0,"max_hp_loss":0,"event_name":"Shining Light","floor":14,"gold_loss":0},{"cards_removed":["Regret"],"damage_healed":0,"gold_gain":0,"player_choice":"Gave Gold","damage_taken":0,"max_hp_gain":0,"max_hp_loss":0,"event_name":"Beggar","floor":20,"gold_loss":75},{"damage_healed":0,"gold_gain":0,"player_choice":"Opened","damage_taken":0,"relics_obtained":["Frozen Egg 2"],"max_hp_gain":0,"max_hp_loss":0,"event_name":"The Mausoleum","floor":25,"gold_loss":0,"cards_obtained":["Writhe"]},{"damage_healed":0,"gold_gain":0,"player_choice":"Fight","damage_taken":0,"max_hp_gain":0,"max_hp_loss":0,"event_name":"MindBloom","floor":36,"gold_loss":0},{"damage_healed":0,"gold_gain":0,"player_choice":"Memory 1","damage_taken":0,"max_hp_gain":0,"max_hp_loss":0,"event_name":"SensoryStone","floor":37,"gold_loss":0}],"is_beta":false,"boss_relics":[{"not_picked":["Cursed Key","Ectoplasm"],"picked":"HoveringKite"},{"not_picked":["Astrolabe","Velvet Choker"],"picked":"Fusion Hammer"}],"items_purged_floors":[38],"is_endless":false,"potions_floor_spawned":[1,10,16,22,27,28,33,36,45,48],"ascension_level":2}