{"gold_per_floor":[115,115,28,46,11,11,41,41,68,86,86,106,140,160,160,232,232,208,109,109,129,141,141,41,41,41,56,56,56,56,82,82,156,156,173,273,273,273,273,273,5,31,31,50,50,66,66,82,82,82,82],"floor_reached":52,"playtime":2168,"items_purged":["Strike_R","Strike_R"],"score":1837,"play_id":"2f0f8306-301c-424b-83ba-0380b866ebdb","local_time":"20181103095516","is_ascension_mode":true,"campfire_choices":[{"data":"Armaments","floor":6.0,"key":"SMITH"},{"data":"Feed","floor":8.0,"key":"SMITH"},{"data":"Inflame","floor":11.0,"key":"SMITH"},{"data":"Clothesline","floor":15.0,"key":"SMITH"},{"data":"Immolate","floor":23.0,"key":"SMITH"},{"data":"Pommel Strike","floor":25.0,"key":"SMITH"},{"data":"Second Wind","floor":30.0,"key":"SMITH"},{"floor":32.0,"key":"REST"},{"data":"Disarm","floor":40.0,"key":"SMITH"},{"floor":45.0,"key":"REST"},{"data":"Demon Form","floor":49.0,"key":"SMITH"}],"neow_cost":"NONE","seed_source_timestamp":1215041705685,"circlet_count":0,"master_deck":["AscendersBane","Strike_R","Defend_R","Defend_R","Defend_R","Bash+1","Cleave","Inflame+1","Armaments+1","Feed+1","Shrug It Off","Clothesline+1","Shrug It Off","Fiend Fire","Pommel Strike+1","Immolate+1","Clothesline","Second Wind+1","Blood for Blood+1","Decay","Carnage","Brutality","Disarm","Immolate","Corruption","Disarm+1","Flame Barrier","Pommel Strike","True Grit","Warcry+1","Discovery","Exhume","Sentinel+1","Sentinel","Shrug It Off+1","Shrug It Off+1","Blind","Demon Form+1"],"special_seed":0,"relics":["Burning Blood","Pear","Regal Pillow","Ancient Tea Set","Red Skull","Snecko Eye","Oddly Smooth Stone","Dream Catcher","Orrery","Pocketwatch","Centennial Puzzle","Prayer Wheel","Blue Candle"],"potions_floor_usage":[50,50],"damage_taken":[{"damage":8.0,"enemies":"2 Louse","floor":1.0,"turns":3.0},{"damage":11.0,"enemies":"Small Slimes","floor":4.0,"turns":4.0},{"damage":24.0,"enemies":"Lagavulin","floor":7.0,"turns":8.0},{"damage":7.0,"enemies":"Cultist","floor":10.0,"turns":4.0},{"damage":9.0,"enemies":"3 Louse","floor":12.0,"turns":3.0},{"damage":8.0,"enemies":"Gremlin Nob","floor":13.0,"turns":3.0},{"damage":1.0,"enemies":"2 Fungi Beasts","floor":14.0,"turns":3.0},{"damage":29.0,"enemies":"The Guardian","floor":16.0,"turns":14.0},{"damage":22.0,"enemies":"2 Thieves","floor":18.0,"turns":4.0},{"damage":0.0,"enemies":"Spheric Guardian","floor":21.0,"turns":3.0},{"damage":27.0,"enemies":"Snake Plant","floor":22.0,"turns":4.0},{"damage":9.0,"enemies":"Snecko","floor":27.0,"turns":3.0},{"damage":3.0,"enemies":"Gremlin Leader","floor":31.0,"turns":4.0},{"damage":21.0,"enemies":"Collector","floor":33.0,"turns":6.0},{"damage":12.0,"enemies":"3 Shapes","floor":35.0,"turns":3.0},{"damage":11.0,"enemies":"Mind Bloom Boss Battle","floor":36.0,"turns":8.0},{"damage":52.0,"enemies":"Giant Head","floor":42.0,"turns":6.0},{"damage":1.0,"enemies":"Orb Walker","floor":44.0,"turns":2.0},{"damage":5.0,"enemies":"Sphere and 2 Shapes","floor":46.0,"turns":5.0},{"damage":18.0,"enemies":"Transient","floor":48.0,"turns":6.0},{"damage":45,"enemies":"Awakened One","floor":50,"turns":14},{"damage":23,"enemies":"Donu and Deca","floor":51,"turns":6}],"seed_played":"9015823368829044912","potions_obtained":[{"floor":4.0,"key":"Fire Potion"},{"floor":7.0,"key":"Energy Potion"},{"floor":13.0,"key":"EssenceOfSteel"},{"floor":18.0,"key":"LiquidBronze"},{"floor":31.0,"key":"Dexterity Potion"}],"is_trial":false,"path_per_floor":["M","?","$","M","?","R","E","R","T","M","R","M","E","M","R","B",null,"M","$","?","M","M","R","$","R","T","M","?","?","R","E","R","B",null,"M","?","?","$","?","R","$","E","T","M","R","M","?","M","R","B","B",null],"character_chosen":"IRONCLAD","items_purchased":["Inflame","Pommel Strike","Centennial Puzzle","Discovery"],"campfire_rested":2,"item_purchase_floors":[3,19,41,41],"current_hp_per_floor":[66,71,71,66,85,85,67,67,67,70,70,71,73,82,82,59,91,75,75,75,85,64,64,64,64,64,61,61,61,61,64,105,90,101,95,94,94,94,94,94,94,48,48,53,99,104,104,92,92,53,36],"gold":82,"neow_bonus":"UPGRADE_CARD","is_prod":false,"is_daily":false,"chose_seed":false,"campfire_upgraded":9,"win_rate":0,"timestamp":1541264116,"path_taken":["M","?","$","M","?","R","E","R","T","M","R","M","E","M","R","BOSS","M","$","?","M","?","R","$","R","T","M","?","?","R","E","R","BOSS","M","?","?","$","?","R","$","E","T","M","R","M","?","M","R","BOSS","BOSS"],"build_version":"2018-11-01","purchased_purges":2,"victory":true,"max_hp_per_floor":[75,85,85,85,85,85,85,85,85,89,89,93,97,101,101,101,101,101,101,101,105,105,105,105,105,105,105,105,105,105,105,105,105,105,105,109,109,109,104,104,104,104,104,104,104,108,108,108,108,108,108],"card_choices":[{"not_picked":["Flex","Heavy Blade"],"picked":"Cleave","floor":1.0},{"not_picked":["Thunderclap","Metallicize"],"picked":"Armaments","floor":4.0},{"not_picked":["Warcry","Headbutt"],"picked":"Feed","floor":7.0},{"not_picked":["Perfected Strike","Burning Pact"],"picked":"Shrug It Off","floor":10.0},{"not_picked":["Headbutt","Thunderclap","Body Slam"],"picked":"SKIP","floor":12.0},{"not_picked":["Battle Trance","Sentinel"],"picked":"Clothesline","floor":13.0},{"not_picked":["Infernal Blade","Havoc"],"picked":"Shrug It Off","floor":14.0},{"not_picked":["Berserk","Exhume"],"picked":"Fiend Fire","floor":16.0},{"not_picked":["Rampage+1","Headbutt","Warcry"],"picked":"SKIP","floor":18.0},{"not_picked":["Body Slam+1","Hemokinesis"],"picked":"Blood for Blood+1","floor":21.0},{"not_picked":["Thunderclap","Heavy Blade","Clash"],"picked":"SKIP","floor":22.0},{"not_picked":["Rampage+1","Perfected Strike","Metallicize"],"picked":"SKIP","floor":27.0},{"not_picked":["Perfected Strike","Armaments"],"picked":"Disarm","floor":31.0},{"not_picked":["Brutality","Barricade"],"picked":"Immolate","floor":33.0},{"not_picked":["Dropkick","Uppercut"],"picked":"Corruption","floor":34.0},{"not_picked":["Burning Pact","Clash"],"picked":"Disarm","floor":34.0},{"not_picked":["Spot Weakness","Sentinel"],"picked":"Flame Barrier","floor":34.0},{"not_picked":["Sever Soul","Rampage"],"picked":"Pommel Strike","floor":34.0},{"not_picked":["Intimidate","Warcry"],"picked":"True Grit","floor":35.0},{"not_picked":["Flex","Sentinel"],"picked":"Warcry+1","floor":36.0},{"not_picked":["Clash","Brutality"],"picked":"Exhume","floor":42.0},{"not_picked":["Flex","Intimidate"],"picked":"Sentinel+1","floor":44.0},{"not_picked":["Flex","Twin Strike+1","Perfected Strike"],"picked":"SKIP","floor":44.0},{"not_picked":["Inflame","Cleave"],"picked":"Sentinel","floor":45.0},{"not_picked":["Iron Wave","Warcry+1"],"picked":"Shrug It Off+1","floor":46.0},{"not_picked":["Power Through+1","Combust"],"picked":"Shrug It Off+1","floor":46.0},{"not_picked":["Mind Blast","Trip"],"picked":"Blind","floor":47.0},{"not_picked":["Flex+1","Cleave"],"picked":"Demon Form","floor":48.0},{"not_picked":["Clash","Blood for Blood","Sword Boomerang+1"],"picked":"SKIP","floor":48.0}],"player_experience":1572719,"relics_obtained":[{"floor":7.0,"key":"Regal Pillow"},{"floor":9.0,"key":"Ancient Tea Set"},{"floor":13.0,"key":"Red Skull"},{"floor":26.0,"key":"Oddly Smooth Stone"},{"floor":31.0,"key":"Dream Catcher"},{"floor":36.0,"key":"Pocketwatch"},{"floor":42.0,"key":"Prayer Wheel"},{"floor":43.0,"key":"Blue Candle"}],"event_choices":[{"damage_healed":0.0,"max_hp_gain":0.0,"max_hp_loss":0.0,"gold_gain":0.0,"event_name":"Scrap Ooze","player_choice":"Success","floor":2.0,"gold_loss":0.0,"damage_taken":5.0,"relics_obtained":["Pear"]},{"damage_healed":21.0,"max_hp_gain":0.0,"max_hp_loss":0.0,"gold_gain":0.0,"event_name":"The Cleric","player_choice":"Healed","floor":5.0,"gold_loss":35.0,"damage_taken":0.0},{"damage_healed":0.0,"max_hp_gain":0.0,"max_hp_loss":0.0,"gold_gain":0.0,"event_name":"Match and Keep!","player_choice":"3 cards matched","floor":20.0,"gold_loss":0.0,"damage_taken":0.0,"cards_obtained":["Immolate","Clothesline","Second Wind"]},{"damage_healed":0.0,"max_hp_gain":0.0,"max_hp_loss":0.0,"gold_gain":0.0,"event_name":"Forgotten Altar","player_choice":"Smashed Altar","floor":28.0,"gold_loss":0.0,"damage_taken":0.0,"cards_obtained":["Decay"]},{"damage_healed":0.0,"max_hp_gain":0.0,"max_hp_loss":0.0,"gold_gain":0.0,"cards_transformed":["Strike_R","Strike_R"],"event_name":"Drug Dealer","player_choice":"Became Test Subject","floor":29.0,"gold_loss":0.0,"damage_taken":0.0,"cards_obtained":["Carnage","Brutality"]},{"damage_healed":0.0,"max_hp_gain":0.0,"max_hp_loss":0.0,"gold_gain":0.0,"event_name":"MindBloom","player_choice":"Fight","floor":36.0,"gold_loss":0.0,"damage_taken":0.0},{"cards_removed":["Defend_R"],"damage_healed":0.0,"max_hp_gain":0.0,"max_hp_loss":0.0,"gold_gain":0.0,"event_name":"Falling","player_choice":"Removed Skill","floor":37.0,"gold_loss":0.0,"damage_taken":0.0},{"damage_healed":0.0,"max_hp_gain":0.0,"max_hp_loss":5.0,"gold_gain":0.0,"event_name":"Winding Halls","player_choice":"Max HP","floor":39.0,"gold_loss":0.0,"damage_taken":0.0},{"damage_healed":0.0,"max_hp_gain":0.0,"max_hp_loss":0.0,"gold_gain":0.0,"event_name":"SensoryStone","player_choice":"Memory 1","floor":47.0,"gold_loss":0.0,"damage_taken":0.0}],"is_beta":false,"boss_relics":[{"not_picked":["Philosopher\u0027s Stone","Busted Crown"],"picked":"Snecko Eye"},{"not_picked":["Black Star","Eternal Feather"],"picked":"Orrery"}],"items_purged_floors":[19,24],"is_endless":false,"potions_floor_spawned":[4,7,10,13,18,31,42,44,46],"ascension_level":20}