{"gold_per_floor":[118,130,149,97,111,111,111,111,111,111,111,124,154,174,174,251,251,264,264,277,297,317,329,329,22,78,97,97,114,147,147],"floor_reached":31,"playtime":1587,"items_purged":["Strike_G"],"score":501,"play_id":"0afecbe7-9b3e-48d3-81be-77e8d82eae0c","local_time":"20180831185759","is_ascension_mode":true,"campfire_choices":[{"data":"Dash","floor":6.0,"key":"SMITH"},{"data":"Cloak And Dagger","floor":8.0,"key":"SMITH"},{"data":"Survivor","floor":11.0,"key":"SMITH"},{"data":"Finisher","floor":15.0,"key":"SMITH"},{"floor":24,"key":"REST"},{"floor":28,"key":"REST"}],"neow_cost":"NONE","seed_source_timestamp":39455776131308,"circlet_count":0,"master_deck":["Defend_G","Defend_G","Defend_G","Defend_G","Defend_G","Strike_G","Strike_G","Survivor+1","Neutralize+1","AscendersBane","Cloak And Dagger+1","Dash+1","Quick Slash+1","Finisher+1","Sucker Punch","Leg Sweep","Doppelganger","Blur","Dagger Spray","Backflip","Deflect","Heel Hook","Dagger Spray","Flash of Steel","Wraith Form v2"],"special_seed":0,"relics":["Ring of the Snake","Paper Crane","Boot","Empty Cage","Tiny Chest","Omamori"],"potions_floor_usage":[22,30],"damage_taken":[{"damage":4.0,"enemies":"2 Louse","floor":1.0,"turns":5.0},{"damage":0.0,"enemies":"Cultist","floor":2.0,"turns":4.0},{"damage":0.0,"enemies":"Jaw Worm","floor":3.0,"turns":4.0},{"damage":9.0,"enemies":"Large Slime","floor":5.0,"turns":7.0},{"damage":0.0,"enemies":"Looter","floor":12.0,"turns":2.0},{"damage":0.0,"enemies":"Lagavulin","floor":13.0,"turns":5.0},{"damage":0.0,"enemies":"Lots of Slimes","floor":14.0,"turns":5.0},{"damage":36.0,"enemies":"Slime Boss","floor":16.0,"turns":12.0},{"damage":20,"enemies":"Spheric Guardian","floor":18,"turns":8},{"damage":3,"enemies":"3 Byrds","floor":20,"turns":8},{"damage":0,"enemies":"Snecko","floor":21,"turns":8},{"damage":2,"enemies":"Snake Plant","floor":22,"turns":7},{"damage":18,"enemies":"Centurion and Healer","floor":23,"turns":14},{"damage":19,"enemies":"Cultist and Chosen","floor":27,"turns":9},{"damage":1,"enemies":"Snecko","floor":29,"turns":8},{"damage":5,"enemies":"Slavers","floor":30,"turns":9},{"damage":28,"enemies":"Sentry and Sphere","floor":31,"turns":5}],"seed_played":"6228755750431814814","potions_obtained":[{"floor":13.0,"key":"EssenceOfSteel"},{"floor":14.0,"key":"FearPotion"},{"floor":16.0,"key":"LiquidBronze"},{"floor":18,"key":"SteroidPotion"},{"floor":20,"key":"Dexterity Potion"}],"is_trial":false,"path_per_floor":["M","M","M","$","M","R","?","R","T","?","R","M","E","M","R","B",null,"M","?","M","M","M","M","R","$","T","M","R","M","E"],"character_chosen":"THE_SILENT","items_purchased":["Strength Potion","GhostInAJar","Dagger Spray","Flash of Steel"],"campfire_rested":2,"item_purchase_floors":[4,25,25,25],"current_hp_per_floor":[55,55,55,55,46,46,46,46,46,46,46,46,46,46,46,10,52,32,32,29,29,27,9,28,28,28,9,28,27,22,0],"gold":147,"neow_bonus":"UPGRADE_CARD","is_prod":false,"is_daily":false,"chose_seed":false,"campfire_upgraded":4,"win_rate":0,"timestamp":1535767079,"path_taken":["M","M","M","$","M","R","?","R","T","?","R","M","E","M","R","BOSS","M","?","?","M","M","M","R","$","T","M","R","M","E","M"],"build_version":"2018-08-30","purchased_purges":1,"victory":false,"max_hp_per_floor":[66,66,66,66,66,66,66,66,66,66,66,66,66,66,66,66,66,66,66,66,66,66,66,66,66,66,66,66,66,66,66],"card_choices":[{"not_picked":["Deadly Poison","Blade Dance"],"picked":"Cloak And Dagger","floor":1.0},{"not_picked":["Underhanded Strike","Catalyst"],"picked":"Dash","floor":2.0},{"not_picked":["Prepared","Flechettes","Deflect"],"picked":"SKIP","floor":3.0},{"not_picked":["Unload","Predator"],"picked":"Quick Slash","floor":5.0},{"not_picked":["Backflip","Calculated Gamble"],"picked":"Finisher","floor":12.0},{"not_picked":["Calculated Gamble","PiercingWail"],"picked":"Sucker Punch","floor":13.0},{"not_picked":["Poisoned Stab","Deadly Poison"],"picked":"Leg Sweep","floor":14.0},{"not_picked":["Grand Finale","Venomology"],"picked":"Doppelganger","floor":16.0},{"not_picked":["Deadly Poison","Blade Dance"],"picked":"Blur","floor":18},{"not_picked":["Flying Knee","Backflip"],"picked":"Dagger Spray","floor":20},{"not_picked":["Underhanded Strike","Choke+1"],"picked":"Backflip","floor":21},{"not_picked":["Outmaneuver","Eviscerate"],"picked":"Deflect","floor":22},{"not_picked":["Slice","Dash"],"picked":"Heel Hook","floor":23},{"not_picked":["Slice","Deadly Poison+1","Blade Dance"],"picked":"SKIP","floor":27},{"not_picked":["Choke","Prepared","Dash"],"picked":"SKIP","floor":29},{"not_picked":["Reflex","Bullet Time"],"picked":"Wraith Form v2","floor":30}],"player_experience":1060630,"relics_obtained":[{"floor":9.0,"key":"Paper Crane"},{"floor":13.0,"key":"Boot"},{"floor":26,"key":"Tiny Chest"},{"floor":30,"key":"Omamori"}],"event_choices":[{"event_name":"Scrap Ooze","player_choice":"unsuccessful","floor":7.0,"damage_taken":0.0},{"event_name":"Living Wall","player_choice":"Grow","floor":10.0,"damage_taken":0.0},{"event_name":"Ghosts","player_choice":"Ignored","floor":19,"damage_taken":0}],"is_beta":false,"boss_relics":[{"not_picked":["White Beast Statue","Eternal Feather"],"picked":"Empty Cage"}],"items_purged_floors":[25],"is_endless":false,"potions_floor_spawned":[13,14,16,18,20,21,27],"killed_by":"Sentry and Sphere","ascension_level":15}