{"gold_per_floor":[115,115,115,129,54,87,102,102,126,140,169,2,17,34,34,131,131,141,141,155,167,196,196,224,224,248,267,294,294,294,69,69,69],"floor_reached":33,"playtime":1454,"items_purged":["Strike_R","Strike_R","Normality"],"score":453,"play_id":"5dcd99b4-cf2f-48fa-89f1-911efa63b964","local_time":"25611111165851","is_ascension_mode":true,"campfire_choices":[{"floor":8.0,"key":"REST"},{"floor":15.0,"key":"REST"},{"floor":23.0,"key":"REST"},{"floor":25.0,"key":"REST"},{"floor":32,"key":"REST"}],"neow_cost":"NONE","seed_source_timestamp":22209111801917,"circlet_count":0,"master_deck":["Strike_R+1","Defend_R+1","Defend_R","Defend_R","Bash","Clothesline","Pommel Strike","Bludgeon","Armaments","Rampage","True Grit","Berserk","Shrug It Off","Shockwave","Whirlwind","Decay","Juggernaut"],"special_seed":0,"relics":["Burning Blood","Ancient Tea Set","Art of War","Singing Bowl","Cursed Key","Red Mask","Red Skull","Centennial Puzzle","Orichalcum"],"potions_floor_usage":[33],"damage_taken":[{"damage":4.0,"enemies":"2 Louse","floor":1.0,"turns":4.0},{"damage":0.0,"enemies":"Jaw Worm","floor":4.0,"turns":4.0},{"damage":41.0,"enemies":"Lagavulin","floor":6.0,"turns":7.0},{"damage":0.0,"enemies":"Cultist","floor":7.0,"turns":3.0},{"damage":6.0,"enemies":"Exordium Wildlife","floor":10.0,"turns":2.0},{"damage":9.0,"enemies":"Gremlin Nob","floor":11.0,"turns":4.0},{"damage":4.0,"enemies":"2 Fungi Beasts","floor":13.0,"turns":4.0},{"damage":2.0,"enemies":"3 Louse","floor":14.0,"turns":4.0},{"damage":46.0,"enemies":"The Guardian","floor":16.0,"turns":10.0},{"damage":34.0,"enemies":"3 Byrds","floor":18.0,"turns":7.0},{"damage":13.0,"enemies":"2 Thieves","floor":20.0,"turns":4.0},{"damage":19.0,"enemies":"Centurion and Healer","floor":21.0,"turns":6.0},{"damage":14.0,"enemies":"Masked Bandits","floor":22.0,"turns":6.0},{"damage":14.0,"enemies":"Slavers","floor":24.0,"turns":5.0},{"damage":17.0,"enemies":"Snake Plant","floor":27.0,"turns":3.0},{"damage":55,"enemies":"Book of Stabbing","floor":28,"turns":8},{"damage":49,"enemies":"Collector","floor":33,"turns":6}],"seed_played":"3738544237296229559","potions_obtained":[{"floor":6.0,"key":"LiquidBronze"},{"floor":7.0,"key":"PowerPotion"},{"floor":16.0,"key":"Strength Potion"},{"floor":18.0,"key":"Explosive Potion"},{"floor":21.0,"key":"EntropicBrew"},{"floor":24.0,"key":"GamblersBrew"}],"is_trial":false,"path_per_floor":["M","?","?","M","$","E","M","R","T","M","E","$","M","M","R","B",null,"M","?","M","M","?","R","E","R","T","M","E","?","?","$","R","B"],"character_chosen":"IRONCLAD","items_purchased":["Rampage","Block Potion","Explosive Potion"],"campfire_rested":5,"item_purchase_floors":[12,31,31],"current_hp_per_floor":[82,75,57,63,63,28,34,60,60,60,57,57,59,65,90,50,80,54,54,47,34,26,53,47,75,75,66,19,19,19,19,48,0],"gold":69,"neow_bonus":"TEN_PERCENT_HP_BONUS","is_prod":false,"is_daily":false,"chose_seed":false,"campfire_upgraded":0,"win_rate":0,"timestamp":1541930331,"path_taken":["M","?","?","M","$","E","M","R","T","M","E","?","?","?","R","BOSS","M","?","M","M","?","R","E","R","T","M","E","?","?","$","R","BOSS"],"build_version":"2018-11-08","purchased_purges":3,"victory":false,"max_hp_per_floor":[88,88,88,88,88,88,88,88,88,88,88,88,88,90,90,90,90,92,92,92,92,92,92,94,94,94,96,98,98,98,98,98,98],"card_choices":[{"not_picked":["Heavy Blade","Flex","Dual Wield"],"picked":"SKIP","floor":1.0},{"not_picked":["Infernal Blade","Combust"],"picked":"Clothesline","floor":4.0},{"not_picked":["Feel No Pain","Combust"],"picked":"Pommel Strike","floor":6.0},{"not_picked":["Sentinel","Flame Barrier"],"picked":"Bludgeon","floor":7.0},{"not_picked":["Perfected Strike","Wild Strike","Carnage"],"picked":"SKIP","floor":10.0},{"not_picked":["Pommel Strike","Rupture"],"picked":"Armaments","floor":11.0},{"not_picked":["Reckless Charge","Power Through"],"picked":"True Grit","floor":13.0},{"not_picked":["Headbutt","Cleave","Wild Strike"],"picked":"Singing Bowl","floor":14.0},{"not_picked":["Brutality","Feed"],"picked":"Berserk","floor":16.0},{"not_picked":["Havoc","Thunderclap","Sword Boomerang"],"picked":"Singing Bowl","floor":18.0},{"not_picked":["Flex","Wild Strike+1"],"picked":"Shrug It Off","floor":20.0},{"not_picked":["Anger+1","Thunderclap+1"],"picked":"Shockwave","floor":21.0},{"not_picked":["Exhume","Warcry"],"picked":"Whirlwind","floor":22.0},{"not_picked":["Flex","Intimidate","Iron Wave"],"picked":"Singing Bowl","floor":24.0},{"not_picked":["Pommel Strike","Thunderclap","Anger+1"],"picked":"Singing Bowl","floor":27.0},{"not_picked":["Evolve+1","Thunderclap+1","Twin Strike"],"picked":"Singing Bowl","floor":28}],"player_experience":106072,"relics_obtained":[{"floor":6.0,"key":"Ancient Tea Set"},{"floor":9.0,"key":"Art of War"},{"floor":11.0,"key":"Singing Bowl"},{"floor":22.0,"key":"Red Mask"},{"floor":24.0,"key":"Red Skull"},{"floor":26.0,"key":"Centennial Puzzle"},{"floor":28,"key":"Orichalcum"}],"event_choices":[{"cards_removed":["Strike_R"],"damage_healed":0.0,"max_hp_gain":0.0,"max_hp_loss":0.0,"gold_gain":0.0,"event_name":"Golden Wing","player_choice":"Card Removal","floor":2.0,"gold_loss":0.0,"damage_taken":7.0},{"damage_healed":0.0,"max_hp_gain":0.0,"max_hp_loss":0.0,"gold_gain":0.0,"event_name":"Shining Light","player_choice":"Entered Light","floor":3.0,"gold_loss":0.0,"damage_taken":18.0,"cards_upgraded":["Defend_R","Strike_R"]},{"cards_removed":["Strike_R"],"damage_healed":0.0,"max_hp_gain":0.0,"max_hp_loss":0.0,"gold_gain":0.0,"event_name":"Back to Basics","player_choice":"Elegance","floor":19.0,"gold_loss":0.0,"damage_taken":0.0},{"damage_healed":0.0,"max_hp_gain":0.0,"max_hp_loss":0.0,"gold_gain":0.0,"event_name":"Masked Bandits","player_choice":"Fought Bandits","floor":22.0,"gold_loss":0.0,"damage_taken":0.0},{"damage_healed":0,"gold_gain":0,"player_choice":"Smashed Altar","damage_taken":0,"max_hp_gain":0,"max_hp_loss":0,"event_name":"Forgotten Altar","floor":29,"gold_loss":0,"cards_obtained":["Decay"]},{"damage_healed":0,"gold_gain":0,"cards_transformed":["Defend_R"],"player_choice":"Transformed","damage_taken":0,"max_hp_gain":0,"max_hp_loss":0,"event_name":"Transmorgrifier","floor":30,"gold_loss":0,"cards_obtained":["Juggernaut"]}],"is_beta":false,"boss_relics":[{"not_picked":["Black Star","Velvet Choker"],"picked":"Cursed Key"}],"items_purged_floors":[5,12,31],"is_endless":false,"potions_floor_spawned":[6,7,16,18,21,24],"killed_by":"Collector","ascension_level":9}