{"gold_per_floor":[115,129,148,166,181,212,160,185,210,210,240,240,266,140,140,218,218,229,279,296,296,296,296,314,314,361,361,388,388],"floor_reached":29,"playtime":1016,"items_purged":[],"score":522,"play_id":"3e1e751a-fab4-40c9-82d0-4522d6646d13","local_time":"20181015112505","daily_mods":["SealedDeck"],"is_ascension_mode":true,"campfire_choices":[{"data":"Terror","floor":12.0,"key":"SMITH"},{"data":"Noxious Fumes","floor":15.0,"key":"SMITH"},{"data":"Envenom","floor":23,"key":"SMITH"},{"data":"Deflect","floor":25,"key":"SMITH"},{"data":"Deflect","floor":27,"key":"SMITH"}],"neow_cost":"","seed_source_timestamp":0,"circlet_count":0,"master_deck":["AscendersBane","Flying Knee","Backflip","Blade Dance","Quick Slash","Deflect+1","Deflect+1","Terror+1","Dagger Throw","Backstab","Blur","Dagger Spray","Dagger Spray","Noxious Fumes+1","Envenom+1","Finisher+1","Dash+1"],"special_seed":0,"relics":["Ring of the Snake","Paper Crane","Odd Mushroom","Smiling Mask","Anchor","Snake Skull","Letter Opener","Astrolabe","Strawberry","Pen Nib"],"potions_floor_usage":[24,28],"damage_taken":[{"damage":0.0,"enemies":"Cultist","floor":1.0,"turns":2.0},{"damage":0.0,"enemies":"Jaw Worm","floor":2.0,"turns":2.0},{"damage":0.0,"enemies":"2 Louse","floor":3.0,"turns":2.0},{"damage":1.0,"enemies":"Exordium Wildlife","floor":4.0,"turns":4.0},{"damage":0.0,"enemies":"Looter","floor":5.0,"turns":2.0},{"damage":6.0,"enemies":"Gremlin Nob","floor":6.0,"turns":3.0},{"damage":0.0,"enemies":"The Mushroom Lair","floor":8.0,"turns":3.0},{"damage":6.0,"enemies":"Lagavulin","floor":11.0,"turns":5.0},{"damage":7.0,"enemies":"Gremlin Nob","floor":13.0,"turns":3.0},{"damage":17.0,"enemies":"The Guardian","floor":16.0,"turns":8.0},{"damage":7,"enemies":"2 Thieves","floor":18,"turns":4},{"damage":16,"enemies":"Shell Parasite","floor":20,"turns":5},{"damage":1,"enemies":"Snake Plant","floor":24,"turns":3},{"damage":31,"enemies":"Book of Stabbing","floor":28,"turns":4},{"damage":11,"enemies":"Sentry and Sphere","floor":29,"turns":3}],"seed_played":"-1727137173213275511","potions_obtained":[{"floor":2.0,"key":"Fire Potion"},{"floor":5.0,"key":"Dexterity Potion"},{"floor":8.0,"key":"Poison Potion"},{"floor":16.0,"key":"Energy Potion"},{"floor":28,"key":"Energy Potion"}],"is_trial":true,"path_per_floor":["M","M","M","M","M","E","$","?","T","?","E","R","E","$","R","B",null,"M","?","M","?","$","R","M","R","T","R","E"],"character_chosen":"THE_SILENT","items_purchased":["Dagger Spray","Noxious Fumes","Dash"],"campfire_rested":0,"item_purchase_floors":[7,14,14],"current_hp_per_floor":[59,59,59,58,58,52,52,52,52,41,35,35,28,28,28,11,52,45,45,29,29,29,29,28,28,35,35,4,0],"gold":388,"neow_bonus":"","is_prod":false,"is_daily":false,"chose_seed":false,"campfire_upgraded":5,"win_rate":0,"timestamp":1539627905,"path_taken":["M","?","M","M","M","E","$","?","T","?","E","R","E","?","R","BOSS","BOSS","M","?","M","?","$","R","M","R","T","R","E","M"],"build_version":"2018-10-11","purchased_purges":0,"victory":false,"max_hp_per_floor":[66,66,66,66,66,66,66,66,66,66,66,66,66,66,66,66,66,66,66,66,66,66,66,66,66,73,73,73,73],"card_choices":[{"not_picked":["Heel Hook","Expertise"],"picked":"Backstab","floor":1.0},{"not_picked":["Calculated Gamble","Flying Knee"],"picked":"Blur","floor":2.0},{"not_picked":["PiercingWail","Acrobatics","Setup"],"picked":"SKIP","floor":3.0},{"not_picked":["Blade Dance","Dodge and Roll","Distraction"],"picked":"SKIP","floor":4.0},{"not_picked":["Concentrate","Acrobatics","Backflip"],"picked":"SKIP","floor":5.0},{"not_picked":["Grand Finale","Quick Slash","Deadly Poison"],"picked":"SKIP","floor":6.0},{"not_picked":["Poisoned Stab","Calculated Gamble"],"picked":"Dagger Spray","floor":8.0},{"not_picked":["Acrobatics","Masterful Stab","Quick Slash"],"picked":"SKIP","floor":11.0},{"not_picked":["Dagger Spray","Dagger Throw","Catalyst"],"picked":"SKIP","floor":13.0},{"not_picked":["Storm of Steel","A Thousand Cuts"],"picked":"Envenom","floor":16.0},{"not_picked":["Calculated Gamble","Bane","Dagger Spray"],"picked":"SKIP","floor":18},{"not_picked":["Finisher","Catalyst","Poisoned Stab"],"picked":"SKIP","floor":20},{"not_picked":["All Out Attack","Dagger Spray+1","Prepared"],"picked":"SKIP","floor":24},{"not_picked":["Quick Slash","Deadly Poison","Concentrate"],"picked":"SKIP","floor":28}],"player_experience":1359367,"relics_obtained":[{"floor":6.0,"key":"Paper Crane"},{"floor":8.0,"key":"Odd Mushroom"},{"floor":9.0,"key":"Smiling Mask"},{"floor":11.0,"key":"Snake Skull"},{"floor":13.0,"key":"Letter Opener"},{"floor":26,"key":"Strawberry"},{"floor":28,"key":"Pen Nib"}],"event_choices":[{"event_name":"Mushrooms","player_choice":"Fought Mushrooms","floor":8.0,"damage_taken":0.0},{"event_name":"Scrap Ooze","player_choice":"success","floor":10.0,"damage_taken":11.0},{"event_name":"Nest","player_choice":"Stole From Cult","floor":19,"damage_taken":0},{"event_name":"Back to Basics","player_choice":"Elegance","floor":21,"damage_taken":0}],"is_beta":false,"boss_relics":[{"not_picked":["WristBlade","Fusion Hammer"],"picked":"Astrolabe"}],"items_purged_floors":[],"is_endless":false,"potions_floor_spawned":[2,5,6,8,16,28],"killed_by":"Sentry and Sphere","ascension_level":20}