{"gold_per_floor":[109,128,203,1,15,41,55,55,55,55,55,86,97,114,114,212,212,227,9,9,26,38,38],"floor_reached":23,"playtime":734,"items_purged":["Regret"],"score":233,"play_id":"a5bd6922-0637-4dec-9745-e73c9ed3d0db","local_time":"25610720194829","is_ascension_mode":true,"campfire_choices":[{"floor":8.0,"key":"REST"},{"data":"Bash","floor":10.0,"key":"SMITH"},{"floor":15.0,"key":"REST"}],"neow_cost":"","seed_source_timestamp":29992140450652,"circlet_count":0,"master_deck":["Strike_R+1","Strike_R+1","Strike_R","Strike_R","Strike_R","Defend_R","Defend_R","Defend_R","Defend_R","Bash+1","Rage","Inflame","Flex","Inflame","Double Tap","Limit Break","Seeing Red","Necronomicurse","Wild Strike","Fire Breathing+1"],"special_seed":0,"relics":["Burning Blood","Toolbox","Letter Opener","Darkstone Periapt","Bronze Scales","Bottled Lightning","Cursed Key","Whetstone","Necronomicon"],"potions_floor_usage":[18,21],"damage_taken":[{"damage":11.0,"enemies":"Cultist","floor":1.0,"turns":4.0},{"damage":7.0,"enemies":"Jaw Worm","floor":2.0,"turns":4.0},{"damage":0.0,"enemies":"2 Louse","floor":5.0,"turns":3.0},{"damage":29.0,"enemies":"3 Sentries","floor":6.0,"turns":9.0},{"damage":2.0,"enemies":"2 Fungi Beasts","floor":7.0,"turns":4.0},{"damage":9.0,"enemies":"Gremlin Nob","floor":12.0,"turns":3.0},{"damage":14.0,"enemies":"Exordium Thugs","floor":13.0,"turns":4.0},{"damage":31.0,"enemies":"Lots of Slimes","floor":14.0,"turns":4.0},{"damage":63.0,"enemies":"Hexaghost","floor":16.0,"turns":9.0},{"damage":26,"enemies":"2 Thieves","floor":18,"turns":4},{"damage":23,"enemies":"Chosen","floor":21,"turns":5},{"damage":20,"enemies":"Sentry and Sphere","floor":22,"turns":4},{"damage":19,"enemies":"Slavers","floor":23,"turns":2}],"seed_played":"5210179561215291505","potions_obtained":[{"floor":6.0,"key":"SkillPotion"},{"floor":7.0,"key":"Strength Potion"},{"floor":14.0,"key":"BloodPotion"},{"floor":16.0,"key":"Fire Potion"},{"floor":18,"key":"Block Potion"}],"is_trial":false,"path_per_floor":["M","M","?","$","M","E","M","R","T","R","?","E","M","M","R","B",null,"M","$","?","M","M"],"character_chosen":"IRONCLAD","items_purchased":["Toolbox","Whetstone"],"campfire_rested":2,"item_purchase_floors":[4,19],"current_hp_per_floor":[75,74,63,63,69,46,54,78,78,78,84,81,73,48,73,24,86,66,66,56,39,25,6],"gold":38,"neow_bonus":"","is_prod":false,"is_daily":false,"chose_seed":false,"campfire_upgraded":1,"win_rate":0,"timestamp":1532090909,"path_taken":["M","?","?","?","M","E","?","R","T","R","?","E","M","?","R","BOSS","M","$","?","M","M","E"],"build_version":"2018-07-19v2","purchased_purges":1,"victory":false,"max_hp_per_floor":[80,80,80,80,80,80,80,80,80,80,86,86,86,86,86,86,86,86,86,92,92,92,92],"card_choices":[{"not_picked":["Shrug It Off","Dropkick"],"picked":"Rage","floor":1.0},{"not_picked":["Havoc","Second Wind","Wild Strike"],"picked":"SKIP","floor":2.0},{"not_picked":["Entrench","Shrug It Off"],"picked":"Inflame","floor":5.0},{"not_picked":["Dropkick","Metallicize"],"picked":"Flex","floor":6.0},{"not_picked":["Anger","Clothesline","Dual Wield"],"picked":"SKIP","floor":7.0},{"not_picked":["Metallicize","Feel No Pain"],"picked":"Inflame","floor":12.0},{"not_picked":["Wild Strike","Cleave","Reckless Charge"],"picked":"SKIP","floor":13.0},{"not_picked":["Iron Wave","Twin Strike"],"picked":"Double Tap","floor":14.0},{"not_picked":["Demon Form","Impervious"],"picked":"Limit Break","floor":16.0},{"not_picked":["Armaments","True Grit"],"picked":"Seeing Red","floor":18},{"not_picked":["Sentinel","Shrug It Off"],"picked":"Wild Strike","floor":21},{"not_picked":["Seeing Red","Spot Weakness"],"picked":"Fire Breathing+1","floor":22}],"player_experience":102012,"relics_obtained":[{"floor":6.0,"key":"Letter Opener"},{"floor":9.0,"key":"Darkstone Periapt"},{"floor":12.0,"key":"Bottled Lightning"},{"floor":20,"key":"Necronomicon"}],"event_choices":[{"event_name":"World of Goop","player_choice":"Gather Gold","floor":3.0,"damage_taken":0.0},{"event_name":"Big Fish","player_choice":"Box","floor":11.0,"damage_taken":0.0},{"event_name":"Cursed Tome","player_choice":"Obtained Book","floor":20,"damage_taken":0}],"is_beta":false,"boss_relics":[{"not_picked":["Lizard Tail","Tiny House"],"picked":"Cursed Key"}],"items_purged_floors":[19],"is_endless":false,"potions_floor_spawned":[6,7,14,16,18],"killed_by":"Slavers","ascension_level":3}