{"gold_per_floor":[113,133,133,146,161,187,200,150,175,175],"floor_reached":10,"playtime":487,"items_purged":[],"score":109,"play_id":"63b62928-3f47-4dc3-b338-929ac8334d0b","local_time":"20190331233116","is_ascension_mode":true,"campfire_choices":[],"neow_cost":"PERCENT_DAMAGE","seed_source_timestamp":1433120372965900,"circlet_count":0,"master_deck":["Strike_R","Strike_R","Strike_R","Defend_R","Defend_R","Defend_R","Defend_R","Bash","Clothesline","Shrug It Off","Headbutt","Cleave"],"relics":["Burning Blood","Paper Frog"],"potions_floor_usage":[6],"damage_taken":[{"damage":13,"enemies":"Jaw Worm","floor":1,"turns":4},{"damage":2,"enemies":"Cultist","floor":2,"turns":4},{"damage":1,"enemies":"2 Louse","floor":4,"turns":2},{"damage":15,"enemies":"Large Slime","floor":5,"turns":7},{"damage":44,"enemies":"Gremlin Nob","floor":6,"turns":6},{"damage":2,"enemies":"Red Slaver","floor":7,"turns":4},{"damage":32,"enemies":"3 Sentries","floor":10,"turns":6}],"seed_played":"798656991146608985","potions_obtained":[{"floor":4,"key":"EssenceOfSteel"}],"is_trial":false,"path_per_floor":["M","M","?","M","M","E","M","?","T","E"],"character_chosen":"IRONCLAD","items_purchased":[],"campfire_rested":0,"item_purchase_floors":[],"current_hp_per_floor":[65,69,69,74,65,27,31,31,31,0],"gold":175,"neow_bonus":"TWENTY_PERCENT_HP_BONUS","is_prod":false,"is_daily":false,"chose_seed":false,"campfire_upgraded":0,"win_rate":0,"timestamp":1554064276,"path_taken":["M","M","?","M","?","E","M","?","T","E"],"build_version":"2019-01-23","purchased_purges":0,"victory":false,"max_hp_per_floor":[96,96,96,96,96,96,96,96,96,96],"card_choices":[{"not_picked":["Shrug It Off","Combust"],"picked":"Clothesline","floor":1},{"not_picked":["Combust","Havoc"],"picked":"Shrug It Off","floor":2},{"not_picked":["Clothesline","Pommel Strike"],"picked":"Headbutt","floor":4},{"not_picked":["Burning Pact","Pommel Strike","Flame Barrier"],"picked":"SKIP","floor":5},{"not_picked":["True Grit","Searing Blow","Headbutt"],"picked":"SKIP","floor":6},{"not_picked":["Shrug It Off","Infernal Blade"],"picked":"Cleave","floor":7}],"player_experience":130308,"relics_obtained":[{"floor":6,"key":"Paper Frog"}],"event_choices":[{"cards_removed":["Strike_R"],"damage_healed":0,"gold_gain":0,"player_choice":"Offered Basic","damage_taken":0,"max_hp_gain":0,"max_hp_loss":0,"event_name":"Bonfire Elementals","floor":3,"gold_loss":0},{"cards_removed":["Strike_R"],"damage_healed":0,"gold_gain":0,"player_choice":"Card Removal","damage_taken":0,"max_hp_gain":0,"max_hp_loss":0,"event_name":"The Cleric","floor":8,"gold_loss":50}],"is_beta":false,"boss_relics":[],"items_purged_floors":[],"is_endless":false,"potions_floor_spawned":[4],"killed_by":"3 Sentries","ascension_level":4}