{"gold_per_floor":[12,12,12,27,43,74,74,74,74,89,102,137,35,35,35,137,137,137,137,52,52,52,52,52,52,52,52,52,52,52,52,52,52,52,52,52,52,52,52,52,52,52,52,0,0,0,0,0,0,0],"floor_reached":51,"playtime":2107,"items_purged":[],"score":898,"play_id":"a31ee525-2674-4fd4-a153-28207eeb8646","local_time":"25610804000405","is_ascension_mode":true,"campfire_choices":[{"data":"Dagger Spray","floor":8,"key":"SMITH"},{"floor":15,"key":"REST"},{"floor":25,"key":"REST"},{"data":"Bite","floor":29,"key":"SMITH"},{"floor":32,"key":"REST"},{"floor":41,"key":"REST"},{"data":"Burst","floor":49,"key":"SMITH"}],"neow_cost":"NO_GOLD","seed_source_timestamp":13451095225755,"circlet_count":0,"master_deck":["Defend_G","Defend_G+1","Defend_G","Defend_G","Defend_G","Survivor+1","Neutralize+1","Sucker Punch","Regret","Cloak And Dagger","Dagger Spray+1","Blade Dance+1","Poisoned Stab","Crippling Poison","Burst+1","All Out Attack","Deadly Poison+1","Leg Sweep+1","Bane+1","Slice+1","Bite","Bite","Bite+1","Bite","Bite","Crippling Poison+1","Bouncing Flask+1","Tactician+1","Tools of the Trade+1","Outmaneuver+1","Dramatic Entrance","Magnetism+1","Deep Breath","Flying Knee+1","Dagger Throw+1","Dagger Spray+1","Accuracy+1","Deadly Poison+1","Infinite Blades+1","PiercingWail+1"],"relics":["Ring of the Snake","Thread and Needle","Mercury Hourglass","Snake Skull","Blue Candle","Gremlin Horn","Ectoplasm","The Courier","Bag of Preparation","War Paint","Frozen Egg 2","Paper Crane","Cursed Key","StoneCalendar","Omamori","Centennial Puzzle","Red Mask","Pear"],"potions_floor_usage":[6,11,12,23,33,33,40,50,50],"damage_taken":[{"damage":6,"enemies":"Jaw Worm","floor":1,"turns":5},{"damage":0,"enemies":"2 Louse","floor":4,"turns":2},{"damage":2,"enemies":"Small Slimes","floor":5,"turns":3},{"damage":24,"enemies":"Lagavulin","floor":6,"turns":7},{"damage":6,"enemies":"Exordium Thugs","floor":10,"turns":3},{"damage":2,"enemies":"Large Slime","floor":11,"turns":7},{"damage":11,"enemies":"Gremlin Nob","floor":12,"turns":4},{"damage":25,"enemies":"Hexaghost","floor":16,"turns":11},{"damage":9,"enemies":"Shell Parasite","floor":18,"turns":5},{"damage":13,"enemies":"Spheric Guardian","floor":19,"turns":4},{"damage":9,"enemies":"Centurion and Healer","floor":21,"turns":6},{"damage":8,"enemies":"Sentry and Sphere","floor":22,"turns":4},{"damage":27,"enemies":"Slavers","floor":23,"turns":4},{"damage":10,"enemies":"Slaver and Parasite","floor":27,"turns":5},{"damage":13,"enemies":"Gremlin Leader","floor":28,"turns":4},{"damage":4,"enemies":"Book of Stabbing","floor":30,"turns":5},{"damage":21,"enemies":"Automaton","floor":33,"turns":10},{"damage":3,"enemies":"Orb Walker","floor":35,"turns":2},{"damage":1,"floor":37,"turns":5},{"damage":12,"enemies":"3 Shapes","floor":38,"turns":2},{"damage":6,"enemies":"Transient","floor":39,"turns":5},{"damage":15,"enemies":"Nemesis","floor":40,"turns":6},{"damage":0,"enemies":"Flame Bruiser 2 Orb","floor":42,"turns":3},{"damage":2,"enemies":"Giant Head","floor":46,"turns":7},{"damage":11,"enemies":"4 Shapes","floor":47,"turns":2},{"damage":75,"enemies":"Awakened One","floor":50,"turns":10}],"seed_played":"-7185498917258600375","potions_obtained":[{"floor":1,"key":"Block Potion"},{"floor":10,"key":"Regen Potion"},{"floor":11,"key":"Regen Potion"},{"floor":22,"key":"SpeedPotion"},{"floor":27,"key":"Dexterity Potion"},{"floor":30,"key":"SpeedPotion"},{"floor":39,"key":"Fruit Juice"},{"floor":40,"key":"Weak Potion"},{"floor":42,"key":"Weak Potion"},{"floor":46,"key":"Regen Potion"}],"is_trial":false,"path_per_floor":["M","?","?","M","M","E","?","R","T","M","M","E","$","?","R","B",null,"M","M","?","M","M","E","?","R","T","M","E","R","E","?","R","B",null,"M","?","?","M","M","E","R","M","T","?","$","E","M","$","R","B"],"character_chosen":"THE_SILENT","items_purchased":["FairyPotion"],"campfire_rested":4,"item_purchase_floors":[13],"current_hp_per_floor":[78,78,66,66,64,40,40,40,40,34,46,47,47,30,55,30,84,75,62,62,53,45,18,18,35,35,35,30,30,33,27,44,42,58,55,45,49,39,42,39,57,63,63,63,63,73,64,64,64,17],"gold":0,"neow_bonus":"TWENTY_PERCENT_HP_BONUS","is_prod":false,"is_daily":false,"chose_seed":false,"campfire_upgraded":3,"win_rate":0,"timestamp":1533315845,"path_taken":["M","?","?","M","M","E","?","R","T","M","M","E","$","?","R","BOSS","M","M","?","?","M","E","?","R","T","M","E","R","E","?","R","BOSS","M","?","?","?","M","E","R","M","T","?","?","E","M","$","R","BOSS"],"build_version":"2018-08-02","purchased_purges":0,"victory":true,"max_hp_per_floor":[84,84,84,84,84,84,84,84,84,84,84,84,84,84,84,84,84,84,84,84,84,84,84,58,58,58,58,58,58,58,58,58,58,58,58,58,58,58,58,63,63,63,63,63,63,73,73,73,73,73],"card_choices":[{"not_picked":["Terror","Underhanded Strike"],"picked":"Sucker Punch","floor":1},{"not_picked":["Dodge and Roll","Poisoned Stab"],"picked":"Cloak And Dagger","floor":4},{"not_picked":["Backflip","Terror"],"picked":"Dagger Spray","floor":5},{"not_picked":["Tactician","Choke"],"picked":"Blade Dance","floor":6},{"not_picked":["PiercingWail","Blade Dance","Wraith Form v2"],"picked":"SKIP","floor":10},{"not_picked":["Backstab","Terror"],"picked":"Poisoned Stab","floor":11},{"not_picked":["Flying Knee","Doppelganger"],"picked":"Crippling Poison","floor":12},{"not_picked":["Grand Finale","Adrenaline"],"picked":"Burst","floor":16},{"not_picked":["Dagger Throw","Deflect"],"picked":"All Out Attack","floor":18},{"not_picked":["Acrobatics","Cloak And Dagger"],"picked":"Deadly Poison+1","floor":19},{"not_picked":["Dodge and Roll","Dagger Throw"],"picked":"Leg Sweep","floor":21},{"not_picked":["Deflect+1","Poisoned Stab"],"picked":"Bane+1","floor":22},{"not_picked":["Choke","Storm of Steel"],"picked":"Slice+1","floor":23},{"not_picked":["Skewer+1","Outmaneuver"],"picked":"Crippling Poison+1","floor":27},{"not_picked":["Cloak And Dagger+1","Grand Finale"],"picked":"Bouncing Flask+1","floor":28},{"not_picked":["Crippling Poison","Deflect"],"picked":"Tactician+1","floor":30},{"not_picked":["Unload","Die Die Die"],"picked":"Tools of the Trade+1","floor":33},{"not_picked":["Bouncing Flask","Backflip+1"],"picked":"Outmaneuver+1","floor":35},{"not_picked":["Transmutation","Bandage Up"],"picked":"Dramatic Entrance","floor":36},{"not_picked":["Bandage Up","Mind Blast"],"picked":"Magnetism+1","floor":36},{"not_picked":["Dark Shackles","Bandage Up"],"picked":"Deep Breath","floor":36},{"not_picked":["Quick Slash","Slice+1"],"picked":"Flying Knee+1","floor":37},{"not_picked":["Dagger Spray","Catalyst+1"],"picked":"Dagger Throw+1","floor":38},{"not_picked":["Flechettes","Escape Plan"],"picked":"Dagger Spray+1","floor":39},{"not_picked":["Backflip","Flying Knee+1"],"picked":"Accuracy+1","floor":40},{"not_picked":["Dagger Throw","Sucker Punch"],"picked":"Deadly Poison+1","floor":42},{"not_picked":["Bullet Time","Backflip"],"picked":"Infinite Blades+1","floor":46},{"not_picked":["Dash+1","Finisher"],"picked":"PiercingWail+1","floor":47}],"player_experience":190608,"relics_obtained":[{"floor":6,"key":"Snake Skull"},{"floor":9,"key":"Blue Candle"},{"floor":12,"key":"Gremlin Horn"},{"floor":23,"key":"Bag of Preparation"},{"floor":26,"key":"War Paint"},{"floor":28,"key":"Frozen Egg 2"},{"floor":30,"key":"Paper Crane"},{"floor":37,"key":"StoneCalendar"},{"floor":40,"key":"Omamori"},{"floor":43,"key":"Centennial Puzzle"},{"floor":46,"key":"Pear"}],"event_choices":[{"event_name":"Big Fish","player_choice":"Box","floor":2,"damage_taken":0},{"event_name":"Scrap Ooze","player_choice":"success","floor":3,"damage_taken":12},{"event_name":"Upgrade Shrine","player_choice":"Upgraded","floor":7,"damage_taken":0},{"event_name":"Shining Light","player_choice":"Entered Light","floor":14,"damage_taken":0},{"event_name":"Addict","player_choice":"Obtained Relic","floor":20,"damage_taken":0},{"event_name":"Vampires","player_choice":"Became a vampire","floor":24,"damage_taken":0},{"event_name":"Knowing Skull","player_choice":"","floor":31,"damage_taken":0},{"event_name":"SensoryStone","player_choice":"Memory 3","floor":36,"damage_taken":0},{"event_name":"MindBloom","player_choice":"Fight","floor":37,"damage_taken":0},{"event_name":"Tomb of Lord Red Mask","player_choice":"Paid","floor":44,"damage_taken":0}],"is_beta":false,"boss_relics":[{"not_picked":["Lizard Tail","Black Star"],"picked":"Ectoplasm"},{"not_picked":["Coffee Dripper","Philosopher\u0027s Stone"],"picked":"Cursed Key"}],"items_purged_floors":[],"is_endless":false,"potions_floor_spawned":[1,10,11,22,27,30,39,40,42,46],"ascension_level":2}