{"gold_per_floor":[109,127,50,68,83,94,121,146,146,146,180,180,195,212,212,284,284,303,337,337],"floor_reached":20,"playtime":2420,"items_purged":[],"score":326,"play_id":"1036c9a7-9f38-4691-a5f6-e67dc77ee4ff","local_time":"20180802200637","is_ascension_mode":true,"campfire_choices":[{"data":"Neutralize","floor":10,"key":"SMITH"},{"data":"Footwork","floor":12,"key":"SMITH"},{"data":"Skewer","floor":15,"key":"SMITH"}],"neow_cost":"NONE","seed_source_timestamp":41430237008099,"circlet_count":0,"master_deck":["Defend_G","Defend_G","Defend_G","Defend_G","Defend_G","Strike_G","Strike_G","Strike_G","Strike_G","Strike_G","Survivor","Neutralize+1","AscendersBane","Deflect","Skewer+1","Backflip","Dagger Spray","Footwork+1","Infinite Blades","Backstab","A Thousand Cuts","Dash"],"relics":["Ring of the Snake","Oddly Smooth Stone","Blood Vial","Odd Mushroom","Gremlin Horn","Darkstone Periapt","Fusion Hammer","Red Mask"],"potions_floor_usage":[11,16,16],"damage_taken":[{"damage":0,"enemies":"Cultist","floor":1,"turns":4},{"damage":2,"enemies":"2 Louse","floor":2,"turns":4},{"damage":0,"enemies":"Small Slimes","floor":4,"turns":3},{"damage":1,"enemies":"Blue Slaver","floor":5,"turns":4},{"damage":4,"enemies":"Large Slime","floor":6,"turns":10},{"damage":8,"enemies":"3 Sentries","floor":7,"turns":9},{"damage":4,"floor":8,"turns":5},{"damage":9,"enemies":"Lagavulin","floor":11,"turns":12},{"damage":2,"enemies":"Looter","floor":13,"turns":5},{"damage":0,"enemies":"Exordium Wildlife","floor":14,"turns":6},{"damage":16,"enemies":"Slime Boss","floor":16,"turns":8},{"damage":0,"enemies":"Shell Parasite","floor":18,"turns":7},{"damage":55,"floor":19,"turns":8},{"damage":16,"enemies":"Spheric Guardian","floor":20,"turns":3}],"seed_played":"-6777265037544075208","potions_obtained":[{"floor":2,"key":"Regen Potion"},{"floor":6,"key":"Fire Potion"},{"floor":14,"key":"Block Potion"},{"floor":16,"key":"EssenceOfSteel"},{"floor":19,"key":"SpeedPotion"}],"is_trial":false,"path_per_floor":["M","M","$","M","M","M","E","?","T","R","E","R","M","M","R","B",null,"M","?"],"character_chosen":"THE_SILENT","items_purchased":["Skewer"],"campfire_rested":0,"item_purchase_floors":[3],"current_hp_per_floor":[59,57,57,57,56,52,44,42,42,42,50,50,50,52,52,38,59,61,8,0],"gold":337,"neow_bonus":"RANDOM_COMMON_RELIC","is_prod":false,"is_daily":false,"chose_seed":false,"campfire_upgraded":3,"win_rate":0,"timestamp":1533265597,"path_taken":["M","M","$","M","M","M","E","?","T","R","E","R","M","M","R","BOSS","M","?","?"],"build_version":"2018-08-02","purchased_purges":0,"victory":false,"max_hp_per_floor":[66,66,66,66,66,66,66,66,66,66,66,66,66,66,66,66,66,66,66,66],"card_choices":[{"not_picked":["Underhanded Strike","Bouncing Flask"],"picked":"Deflect","floor":1},{"not_picked":["Underhanded Strike","Eviscerate","Prepared"],"picked":"SKIP","floor":2},{"not_picked":["Choke","Bane"],"picked":"Backflip","floor":4},{"not_picked":["Acrobatics","Underhanded Strike"],"picked":"Dagger Spray","floor":5},{"not_picked":["Outmaneuver","Acrobatics"],"picked":"Footwork","floor":6},{"not_picked":["Acrobatics","Catalyst"],"picked":"Infinite Blades","floor":7},{"not_picked":["Doppelganger","Slice","Caltrops"],"picked":"SKIP","floor":11},{"not_picked":["Infinite Blades","Underhanded Strike","Blade Dance"],"picked":"SKIP","floor":13},{"not_picked":["Prepared","Finisher"],"picked":"Backstab","floor":14},{"not_picked":["Die Die Die","Storm of Steel"],"picked":"A Thousand Cuts","floor":16},{"not_picked":["Deflect","Deadly Poison","Caltrops"],"picked":"SKIP","floor":18},{"not_picked":["Blade Dance","Underhanded Strike"],"picked":"Dash","floor":19}],"player_experience":983731,"relics_obtained":[{"floor":7,"key":"Blood Vial"},{"floor":8,"key":"Odd Mushroom"},{"floor":9,"key":"Gremlin Horn"},{"floor":11,"key":"Darkstone Periapt"},{"floor":19,"key":"Red Mask"}],"event_choices":[{"event_name":"Mushrooms","player_choice":"Fought Mushrooms","floor":8,"damage_taken":0},{"event_name":"Masked Bandits","player_choice":"Fought over 303 gold","floor":19,"damage_taken":0}],"is_beta":false,"boss_relics":[{"not_picked":["Eternal Feather","Orrery"],"picked":"Fusion Hammer"}],"items_purged_floors":[],"is_endless":false,"potions_floor_spawned":[2,6,7,14,16,19],"killed_by":"Spheric Guardian","ascension_level":15}