{"gold_per_floor":[110,121,133,148,73,73,101,113,149,217,78,78,96,110,110,211,261,273,273,22,39,39,39,138,171,195,206,224,253,253,268,268,367,367,387,96,96,96,106,106,121,141,166,166,166],"floor_reached":45,"playtime":3704,"items_purged":["Strike_B"],"score":478,"play_id":"44a3cc47-776f-4ca5-b050-d046d69c8060","local_time":"20181013222124","is_ascension_mode":true,"campfire_choices":[{"data":"Static Discharge","floor":6.0,"key":"SMITH"},{"data":"Self Repair","floor":8.0,"key":"SMITH"},{"floor":15.0,"key":"REST"},{"data":"Redo","floor":23,"key":"SMITH"},{"data":"Machine Learning","floor":30,"key":"SMITH"},{"floor":32,"key":"REST"},{"data":"Creative AI","floor":40,"key":"SMITH"},{"data":"Self Repair","floor":44,"key":"SMITH"}],"neow_cost":"PERCENT_DAMAGE","seed_source_timestamp":267054425829802,"circlet_count":0,"master_deck":["Strike_B","Strike_B","Defend_B","Defend_B","Defend_B+1","Defend_B","Zap","Dualcast","Ball Lightning","Self Repair+1","Static Discharge+1","Storm+1","Glacier","Redo+1","Heatsinks","Machine Learning+1","Force Field+1","Conserve Battery","Creative AI+1","Hello World","Self Repair+1","Madness","Madness"],"special_seed":0,"relics":["FrozenCore","StoneCalendar","MawBank","Happy Flower","Tiny Chest","Lantern","Bottled Tornado","Tiny House","Pantograph","Smiling Mask","Ancient Tea Set","Question Card","Membership Card","Centennial Puzzle"],"potions_floor_usage":[25,31,33,33,33,35,45],"damage_taken":[{"damage":7.0,"enemies":"2 Louse","floor":1.0,"turns":3.0},{"damage":6.0,"enemies":"Jaw Worm","floor":2.0,"turns":3.0},{"damage":2.0,"enemies":"Small Slimes","floor":3.0,"turns":3.0},{"damage":7.0,"enemies":"Looter","floor":4.0,"turns":4.0},{"damage":18.0,"enemies":"Gremlin Nob","floor":7.0,"turns":4.0},{"damage":12.0,"enemies":"Gremlin Nob","floor":10.0,"turns":3.0},{"damage":8.0,"enemies":"Lots of Slimes","floor":13.0,"turns":3.0},{"damage":12.0,"enemies":"Exordium Wildlife","floor":14.0,"turns":3.0},{"damage":41.0,"enemies":"Slime Boss","floor":16.0,"turns":7.0},{"damage":11,"enemies":"Shell Parasite","floor":18,"turns":3},{"damage":6,"enemies":"3 Byrds","floor":21,"turns":2},{"damage":20,"enemies":"Book of Stabbing","floor":25,"turns":4},{"damage":18,"enemies":"Snake Plant","floor":27,"turns":3},{"damage":18,"enemies":"Cultist and Chosen","floor":28,"turns":4},{"damage":35,"enemies":"Gremlin Leader","floor":29,"turns":7},{"damage":8,"enemies":"Snecko","floor":31,"turns":5},{"damage":69,"enemies":"Champ","floor":33,"turns":14},{"damage":23,"enemies":"3 Darklings","floor":35,"turns":5},{"damage":15,"enemies":"Orb Walker","floor":39,"turns":3},{"damage":19,"enemies":"Maw","floor":41,"turns":7},{"damage":29,"enemies":"3 Darklings","floor":42,"turns":4},{"damage":60,"enemies":"Transient","floor":45,"turns":5}],"seed_played":"3371331609655356206","potions_obtained":[{"floor":1.0,"key":"Block Potion"},{"floor":2.0,"key":"Fire Potion"},{"floor":3.0,"key":"Strength Potion"},{"floor":7.0,"key":"Weak Potion"},{"floor":17,"key":"Block Potion"},{"floor":18,"key":"Strength Potion"},{"floor":19,"key":"GamblersBrew"},{"floor":19,"key":"GamblersBrew"},{"floor":29,"key":"Fire Potion"},{"floor":31,"key":"Energy Potion"},{"floor":33,"key":"Energy Potion"},{"floor":39,"key":"SpeedPotion"}],"is_trial":false,"path_per_floor":["M","M","M","M","$","R","E","R","T","?","$","T","M","M","R","B",null,"M","?","$","M","?","R","?","E","T","M","M","E","R","M","R","B",null,"M","$","?","?","M","R","M","M","T","R"],"character_chosen":"DEFECT","items_purchased":["Storm","Lantern","Pantograph","Membership Card","Self Repair"],"campfire_rested":2,"item_purchase_floors":[5,11,20,36,36],"current_hp_per_floor":[47,41,46,46,46,46,35,35,35,33,33,33,35,33,55,14,80,79,79,79,80,80,80,80,70,70,62,54,29,29,31,55,21,80,67,67,57,57,52,52,50,38,38,38,0],"gold":166,"neow_bonus":"ONE_RARE_RELIC","is_prod":false,"is_daily":false,"chose_seed":false,"campfire_upgraded":6,"win_rate":0,"timestamp":1539483684,"path_taken":["M","M","M","M","$","R","E","R","T","?","$","?","M","M","R","BOSS","M","?","$","M","?","R","?","E","T","?","M","E","R","M","R","BOSS","M","$","?","?","M","R","M","?","T","R","M"],"build_version":"2018-10-11","purchased_purges":1,"victory":false,"max_hp_per_floor":[75,75,75,75,75,75,75,75,75,75,75,75,75,75,75,75,80,80,80,80,80,80,80,80,80,80,80,80,80,80,80,80,80,80,80,80,80,80,80,80,80,80,80,80,80],"card_choices":[{"not_picked":["Scrape","Force Field"],"picked":"Ball Lightning","floor":1.0},{"not_picked":["Conserve Battery","Streamline"],"picked":"Self Repair","floor":2.0},{"not_picked":["Chaos","Reinforced Body","Fusion"],"picked":"SKIP","floor":3.0},{"not_picked":["Double Energy","Chaos"],"picked":"Static Discharge","floor":4.0},{"not_picked":["Stack","Consume","Skim"],"picked":"SKIP","floor":7.0},{"not_picked":["Sweeping Beam","Leap"],"picked":"Glacier","floor":10.0},{"not_picked":["Coolheaded","Cold Snap","Steam"],"picked":"SKIP","floor":13.0},{"not_picked":["Ball Lightning","Go for the Eyes"],"picked":"Redo","floor":14.0},{"not_picked":["Go for the Eyes","Gash"],"picked":"Heatsinks","floor":17},{"not_picked":["Sweeping Beam+1","Cold Snap+1"],"picked":"Machine Learning","floor":18},{"not_picked":["Reprogram+1","Go for the Eyes","Redo"],"picked":"SKIP","floor":21},{"not_picked":["Reinforced Body","BootSequence","Rip and Tear"],"picked":"SKIP","floor":25},{"not_picked":["Gash","Cold Snap"],"picked":"Force Field+1","floor":27},{"not_picked":["Ball Lightning","Consume"],"picked":"Conserve Battery","floor":28},{"not_picked":["Darkness","Fusion+1","Chill+1"],"picked":"SKIP","floor":29},{"not_picked":["Turbo+1","Force Field","Ball Lightning","Barrage+1"],"picked":"SKIP","floor":31},{"not_picked":["Machine Learning","Echo Form","Thunder Strike"],"picked":"Creative AI","floor":33},{"not_picked":["Chill","Melter","Scrape"],"picked":"Hello World","floor":35},{"not_picked":["Genetic Algorithm","Steam Power","Streamline+1","Cold Snap"],"picked":"SKIP","floor":39},{"not_picked":["Hello World+1","Barrage","Conserve Battery+1","Darkness"],"picked":"SKIP","floor":41},{"not_picked":["Compile Driver","Conserve Battery+1","Steam","Ball Lightning+1"],"picked":"SKIP","floor":42}],"player_experience":46727,"relics_obtained":[{"floor":7.0,"key":"MawBank"},{"floor":9.0,"key":"Happy Flower"},{"floor":10.0,"key":"Tiny Chest"},{"floor":12.0,"key":"Bottled Tornado"},{"floor":25,"key":"Smiling Mask"},{"floor":26,"key":"Ancient Tea Set"},{"floor":29,"key":"Question Card"},{"floor":43,"key":"Centennial Puzzle"}],"event_choices":[{"event_name":"Dead Adventurer","player_choice":"Searched \u00272\u0027 times","floor":10.0,"damage_taken":0.0},{"event_name":"The Lab","player_choice":"Got Potions","floor":19,"damage_taken":0},{"event_name":"Accursed Blacksmith","player_choice":"Forge","floor":22,"damage_taken":0},{"event_name":"Nest","player_choice":"Stole From Cult","floor":24,"damage_taken":0},{"event_name":"Winding Halls","player_choice":"Embrace Madness","floor":37,"damage_taken":0},{"event_name":"Bonfire Elementals","player_choice":"BASIC","floor":38,"damage_taken":0}],"is_beta":false,"boss_relics":[{"not_picked":["White Beast Statue","Busted Crown"],"picked":"Tiny House"},{"not_picked":["Eternal Feather","Calling Bell"],"picked":"FrozenCore"}],"items_purged_floors":[36],"is_endless":false,"potions_floor_spawned":[1,2,3,7,18,29,31,33,39],"killed_by":"Transient","ascension_level":1}