{"gold_per_floor":[113,132,132,152,227,257,38,48,48,67,97,117,117,130,130,231,231,246,263,362,380,398,398,46,57,57,75,75,75,75,29,29,132,132,146,146,21,0,0,0,29,43,66,66,14,45,55,67,67,67],"floor_reached":50,"playtime":2971,"items_purged":["Strike_R","Sword Boomerang","Armaments"],"score":539,"play_id":"e9a84081-1a12-4741-a635-ea209a6fc842","local_time":"25610715015410","is_ascension_mode":false,"campfire_choices":[{"floor":13,"key":"REST"},{"floor":15,"key":"REST"},{"floor":23,"key":"REST"},{"data":"Spot Weakness","floor":28,"key":"SMITH"},{"floor":32,"key":"REST"},{"data":"Demon Form","floor":40,"key":"SMITH"},{"floor":44,"key":"REST"},{"floor":49,"key":"REST"}],"neow_cost":"","seed_source_timestamp":54436230802684,"circlet_count":0,"master_deck":["Strike_R","Strike_R","Defend_R","Defend_R","Defend_R","Bash","Spot Weakness+1","Metallicize","Heavy Blade","Blind","Warcry","Demon Form+1","Anger+1","Shrug It Off","Pommel Strike+1","Thunderclap+1","Uppercut+1","Bludgeon+1","Brutality+1","Feed+1","Dual Wield+1","Flex","Headbutt+1","Intimidate","Limit Break","Armaments+1","Iron Wave+1","Headbutt+1","Anger+1","Barricade","Infernal Blade","Intimidate+1","Fiend Fire+1","Flex"],"relics":["Burning Blood","Dream Catcher","Unceasing Top","Molten Egg 2","Gambling Chip","Astrolabe","Lee\u0027s Waffle","Pen Nib","Runic Cube","Red Mask","Bottled Tornado","Magic Flower","Boot","Letter Opener"],"potions_floor_usage":[6,11,11,16,27,33,35,41,41,42,46,46,46,46,46,47,50],"damage_taken":[{"damage":1,"enemies":"2 Louse","floor":1,"turns":4},{"damage":15,"enemies":"Jaw Worm","floor":2,"turns":4},{"damage":11,"enemies":"Small Slimes","floor":4,"turns":3},{"damage":21,"enemies":"3 Sentries","floor":6,"turns":7},{"damage":7,"enemies":"Looter","floor":8,"turns":3},{"damage":14,"enemies":"Large Slime","floor":10,"turns":5},{"damage":27,"enemies":"Gremlin Nob","floor":11,"turns":5},{"damage":4,"enemies":"Blue Slaver","floor":12,"turns":4},{"damage":0,"enemies":"2 Fungi Beasts","floor":14,"turns":2},{"damage":17,"enemies":"Hexaghost","floor":16,"turns":7},{"damage":26,"enemies":"3 Byrds","floor":18,"turns":6},{"damage":9,"enemies":"Shell Parasite","floor":19,"turns":6},{"damage":16,"enemies":"Snake Plant","floor":21,"turns":3},{"damage":49,"enemies":"3 Cultists","floor":22,"turns":6},{"damage":43,"enemies":"Centurion and Healer","floor":25,"turns":4},{"damage":18,"enemies":"Snecko","floor":27,"turns":5},{"damage":84,"enemies":"Automaton","floor":33,"turns":9},{"damage":18,"enemies":"Flame Bruiser 1 Orb","floor":35,"turns":6},{"damage":40,"enemies":"2 Orb Walkers","floor":41,"turns":4},{"damage":26,"enemies":"3 Darklings","floor":42,"turns":5},{"damage":4,"enemies":"Nemesis","floor":46,"turns":3},{"damage":36,"enemies":"4 Shapes","floor":47,"turns":4},{"damage":55,"enemies":"Spire Growth","floor":48,"turns":5},{"damage":57,"enemies":"Awakened One","floor":50,"turns":5}],"seed_played":"6841454452474637659","potions_obtained":[{"floor":1,"key":"Dexterity Potion"},{"floor":4,"key":"SteroidPotion"},{"floor":10,"key":"Fire Potion"},{"floor":12,"key":"AttackPotion"},{"floor":22,"key":"Swift Potion"},{"floor":27,"key":"Dexterity Potion"},{"floor":33,"key":"Explosive Potion"},{"floor":35,"key":"FearPotion"},{"floor":36,"key":"PowerPotion"},{"floor":36,"key":"SkillPotion"},{"floor":42,"key":"EntropicBrew"},{"floor":46,"key":"AttackPotion"},{"floor":48,"key":"Strength Potion"}],"is_trial":false,"path_per_floor":["M","M","?","M","?","E","$","M","T","M","E","M","R","M","R","B",null,"M","M","?","M","M","R","$","M","T","M","R","?","?","$","R","B",null,"M","?","$","?","T","R","E","M","T","R","$","E","M","M","R"],"character_chosen":"IRONCLAD","items_purchased":["Blind","Warcry","Lee\u0027s Waffle","Iron Wave+1","Headbutt+1","Fire Potion"],"campfire_rested":6,"item_purchase_floors":[7,7,24,24,31,45],"current_hp_per_floor":[80,71,68,63,52,37,37,36,36,28,7,9,33,39,63,52,80,64,65,65,55,16,43,99,62,62,50,50,30,64,64,95,17,104,92,92,92,92,92,92,58,41,41,72,72,77,50,22,53,0],"gold":67,"neow_bonus":"","is_prod":false,"is_daily":false,"chose_seed":false,"campfire_upgraded":2,"win_rate":0.0,"timestamp":1531594450,"path_taken":["M","M","?","M","?","E","$","M","T","M","E","M","R","M","R","BOSS","M","M","?","M","M","R","$","M","T","M","R","?","?","?","R","BOSS","M","?","$","?","?","R","E","M","T","R","$","E","?","M","R","BOSS"],"build_version":"2018-07-12","purchased_purges":3,"victory":false,"max_hp_per_floor":[80,80,80,80,80,80,80,80,80,80,80,80,80,80,80,80,80,84,88,88,88,92,92,99,99,99,99,99,104,104,104,104,104,104,104,104,104,104,104,104,104,104,104,104,104,104,104,104,104,104],"card_choices":[{"not_picked":["Rampage","Blood for Blood"],"picked":"Spot Weakness","floor":1},{"not_picked":["True Grit","Shrug It Off"],"picked":"Sword Boomerang","floor":2},{"not_picked":["Bloodletting","Perfected Strike"],"picked":"Metallicize","floor":4},{"not_picked":["Cleave","Warcry"],"picked":"Heavy Blade","floor":6},{"not_picked":["Cleave","Heavy Blade"],"picked":"Demon Form","floor":8},{"not_picked":["Shockwave","Entrench"],"picked":"Armaments","floor":10},{"not_picked":["Burning Pact","Entrench"],"picked":"Anger+1","floor":11},{"not_picked":["Flex","Pummel+1"],"picked":"Shrug It Off","floor":12},{"not_picked":["Bloodletting","Sever Soul+1"],"picked":"Pommel Strike+1","floor":13},{"not_picked":["Perfected Strike+1","Anger+1"],"picked":"Thunderclap+1","floor":14},{"not_picked":["Body Slam+1","Heavy Blade+1"],"picked":"Uppercut+1","floor":15},{"not_picked":["Feed+1","Offering"],"picked":"Bludgeon+1","floor":16},{"not_picked":["Inflame","Clash+1"],"picked":"Flex","floor":18},{"not_picked":["Iron Wave+1","Cleave+1"],"picked":"Headbutt+1","floor":19},{"not_picked":["Clash+1","Uppercut+1"],"picked":"Intimidate","floor":21},{"not_picked":["Headbutt+1","Shrug It Off"],"picked":"Limit Break","floor":22},{"not_picked":["Sword Boomerang+1","Cleave+1"],"picked":"Armaments+1","floor":23},{"not_picked":["True Grit","Body Slam+1","Corruption"],"picked":"SKIP","floor":25},{"not_picked":["Armaments","Iron Wave+1","Shockwave"],"picked":"SKIP","floor":27},{"not_picked":["Pommel Strike+1","Rupture"],"picked":"Anger+1","floor":32},{"not_picked":["Demon Form","Bludgeon+1"],"picked":"Barricade","floor":33},{"not_picked":["Thunderclap+1","Shrug It Off"],"picked":"Infernal Blade","floor":35},{"not_picked":["Armaments+1","Warcry"],"picked":"Intimidate+1","floor":41},{"not_picked":["Twin Strike+1","Iron Wave+1","Pommel Strike+1"],"picked":"SKIP","floor":42},{"not_picked":["Uppercut+1","Armaments+1","Intimidate+1"],"picked":"SKIP","floor":46},{"not_picked":["Thunderclap+1","Sword Boomerang+1"],"picked":"Fiend Fire+1","floor":47},{"not_picked":["Warcry","Clash+1"],"picked":"Flex","floor":48}],"player_experience":10731,"relics_obtained":[{"floor":6,"key":"Unceasing Top"},{"floor":9,"key":"Molten Egg 2"},{"floor":11,"key":"Gambling Chip"},{"floor":26,"key":"Pen Nib"},{"floor":39,"key":"Bottled Tornado"},{"floor":41,"key":"Magic Flower"},{"floor":43,"key":"Boot"},{"floor":46,"key":"Letter Opener"}],"event_choices":[{"event_name":"Scrap Ooze","player_choice":"success","floor":3,"damage_taken":3},{"event_name":"World of Goop","player_choice":"Gather Gold","floor":5,"damage_taken":0},{"event_name":"Nest","player_choice":"Stole From Cult","floor":20,"damage_taken":0},{"event_name":"Forgotten Altar","player_choice":"Shed Blood","floor":29,"damage_taken":0},{"event_name":"The Library","player_choice":"Heal","floor":30,"damage_taken":0},{"event_name":"The Lab","player_choice":"Got Potions","floor":36,"damage_taken":0},{"event_name":"Tomb of Lord Red Mask","player_choice":"Paid","floor":38,"damage_taken":0}],"boss_relics":[{"not_picked":["Cursed Key","White Beast Statue"],"picked":"Astrolabe"},{"not_picked":["Eternal Feather","Runic Dome"],"picked":"Runic Cube"}],"items_purged_floors":[7,24,37],"is_endless":false,"potions_floor_spawned":[1,4,10,12,22,27,33,35,42,46,48],"killed_by":"Awakened One","ascension_level":0}