{"gold_per_floor":[20,31,50,69,82,82,111,111,111,111,111],"floor_reached":11,"playtime":715,"items_purged":[],"score":128,"play_id":"a7f1eb8b-48c5-4587-8a89-7b5e28647d20","local_time":"20180713075244","is_ascension_mode":true,"campfire_choices":[{"data":"Neutralize","floor":6,"key":"SMITH"},{"data":"Slice","floor":8,"key":"SMITH"}],"neow_cost":"NO_GOLD","seed_source_timestamp":1598574674315,"circlet_count":0,"master_deck":["Defend_G","Defend_G","Defend_G","Defend_G","Defend_G","Strike_G","Strike_G","Strike_G","Strike_G","Strike_G","Survivor","Neutralize+1","AscendersBane","Flying Knee","Dagger Spray","Concentrate","Slice+1"],"relics":["Ring of the Snake","Unceasing Top","Regal Pillow","Singing Bowl"],"potions_floor_usage":[4,7],"damage_taken":[{"damage":4,"enemies":"Cultist","floor":1,"turns":5},{"damage":0,"enemies":"2 Louse","floor":2,"turns":4},{"damage":4,"enemies":"Jaw Worm","floor":3,"turns":3},{"damage":23,"enemies":"Exordium Thugs","floor":4,"turns":6},{"damage":3,"enemies":"Looter","floor":5,"turns":3},{"damage":4,"enemies":"3 Sentries","floor":7,"turns":7},{"damage":34,"enemies":"Lagavulin","floor":11,"turns":6}],"seed_played":"-4397086318725657092","potions_obtained":[{"floor":1,"key":"SkillPotion"},{"floor":4,"key":"AttackPotion"},{"floor":5,"key":"Ancient Potion"},{"floor":7,"key":"Dexterity Potion"},{"floor":10,"key":"Block Potion"}],"is_trial":false,"path_per_floor":["M","M","M","M","M","R","E","R","T","?"],"character_chosen":"THE_SILENT","items_purchased":[],"campfire_rested":0,"item_purchase_floors":[],"current_hp_per_floor":[55,55,51,28,25,25,21,21,21,21,0],"gold":111,"neow_bonus":"ONE_RARE_RELIC","is_prod":false,"is_daily":false,"chose_seed":false,"campfire_upgraded":2,"win_rate":0,"timestamp":1531493564,"path_taken":["M","M","?","M","M","R","E","R","T","?","E"],"build_version":"2018-07-12","purchased_purges":0,"victory":false,"max_hp_per_floor":[66,66,66,66,66,66,66,66,66,66,66],"card_choices":[{"not_picked":["Deadly Poison","Bane"],"picked":"Flying Knee","floor":1},{"not_picked":["Quick Slash","Poisoned Stab"],"picked":"Dagger Spray","floor":2},{"not_picked":["Bane","Deflect"],"picked":"Concentrate","floor":3},{"not_picked":["Sucker Punch","Burst","Dodge and Roll"],"picked":"SKIP","floor":4},{"not_picked":["Prepared","Flechettes"],"picked":"Slice","floor":5},{"not_picked":["Acrobatics","Underhanded Strike","Flying Knee"],"picked":"SKIP","floor":7}],"player_experience":747772,"relics_obtained":[{"floor":7,"key":"Regal Pillow"},{"floor":9,"key":"Singing Bowl"}],"event_choices":[{"event_name":"The Lab","player_choice":"Got Potions","floor":10,"damage_taken":0}],"boss_relics":[],"items_purged_floors":[],"is_endless":false,"potions_floor_spawned":[1,4,5,7],"killed_by":"Lagavulin","ascension_level":14}