{"gold_per_floor":[119,132,132,150,162,162,87,99,122,122,22,35,51,64,64,64],"floor_reached":16,"playtime":523,"items_purged":["Defend_R","Strike_R"],"score":96,"play_id":"87e8eccd-bed5-4e43-8bfb-db2b4cf98931","local_time":"20190111220655","is_ascension_mode":false,"campfire_choices":[{"data":"Bash","floor":6.0,"key":"SMITH"},{"data":"Dropkick","floor":15.0,"key":"SMITH"}],"neow_cost":"NONE","seed_source_timestamp":0,"circlet_count":0,"master_deck":["Strike_R","Strike_R","Strike_R","Defend_R","Defend_R","Defend_R","Bash+1","Dropkick+1"],"special_seed":0,"relics":["Burning Blood","Charon\u0027s Ashes","Dream Catcher","Boot"],"potions_floor_usage":[16],"damage_taken":[{"damage":6.0,"enemies":"Cultist","floor":1.0,"turns":3.0},{"damage":0.0,"enemies":"2 Louse","floor":2.0,"turns":4.0},{"damage":3.0,"enemies":"Jaw Worm","floor":4.0,"turns":5.0},{"damage":16.0,"enemies":"Blue Slaver","floor":5.0,"turns":4.0},{"damage":16.0,"enemies":"Lots of Slimes","floor":8.0,"turns":7.0},{"damage":5.0,"enemies":"2 Fungi Beasts","floor":12.0,"turns":3.0},{"damage":37.0,"enemies":"Exordium Thugs","floor":13.0,"turns":9.0},{"damage":8.0,"enemies":"Red Slaver","floor":14.0,"turns":4.0},{"damage":38,"enemies":"Slime Boss","floor":16,"turns":7}],"seed_played":"-6438579546095788206","potions_obtained":[{"floor":2.0,"key":"GamblersBrew"},{"floor":5.0,"key":"EssenceOfSteel"},{"floor":14.0,"key":"EssenceOfSteel"}],"is_trial":false,"path_per_floor":["M","M","T","M","M","R","$","M","T","?","$","M","M","M","R","B"],"character_chosen":"IRONCLAD","items_purchased":[],"campfire_rested":0,"item_purchase_floors":[],"current_hp_per_floor":[80,80,80,80,70,70,70,60,60,60,60,61,30,28,28,0],"gold":64,"neow_bonus":"REMOVE_CARD","is_prod":false,"is_daily":false,"chose_seed":false,"campfire_upgraded":2,"win_rate":0,"timestamp":1547240815,"path_taken":["M","M","?","M","?","R","?","?","T","?","$","M","?","M","R","BOSS"],"build_version":"2019-01-10","purchased_purges":2,"victory":false,"max_hp_per_floor":[80,80,80,80,80,80,80,80,80,80,80,80,80,80,80,80],"card_choices":[{"not_picked":["Headbutt","Shrug It Off","Clothesline"],"picked":"SKIP","floor":1.0},{"not_picked":["Thunderclap","Warcry","Havoc"],"picked":"SKIP","floor":2.0},{"not_picked":["Uppercut","Ghostly Armor","Warcry"],"picked":"SKIP","floor":4.0},{"not_picked":["Seeing Red","Perfected Strike","Shockwave"],"picked":"SKIP","floor":5.0},{"not_picked":["Bloodletting","Spot Weakness"],"picked":"Dropkick","floor":8.0},{"not_picked":["Heavy Blade","Entrench","True Grit"],"picked":"SKIP","floor":12.0},{"not_picked":["Exhume","Sword Boomerang","Body Slam"],"picked":"SKIP","floor":13.0},{"not_picked":["Reckless Charge","Flame Barrier","Combust"],"picked":"SKIP","floor":14.0}],"player_experience":442545,"relics_obtained":[{"floor":3.0,"key":"Charon\u0027s Ashes"},{"floor":9.0,"key":"Dream Catcher"}],"event_choices":[{"damage_healed":0.0,"max_hp_gain":0.0,"max_hp_loss":0.0,"gold_gain":0.0,"event_name":"WeMeetAgain","player_choice":"Gave Potion","floor":10.0,"gold_loss":0.0,"damage_taken":0.0,"relics_obtained":["Boot"]}],"is_beta":false,"boss_relics":[],"items_purged_floors":[7,11],"is_endless":false,"potions_floor_spawned":[2,5,14],"killed_by":"Slime Boss","ascension_level":0}