{"gold_per_floor":[119,132,143,154,115,115,141,141,141,171,171,171,209,186,198,286,298,322,334,365,206,219,219,248,248,248,263,263,263,292,308,308,380,380,399,399,107,107,18,18,38,38,61,79,79,79,98,57,57,57,57],"floor_reached":52,"playtime":1949,"items_purged":[],"score":1961,"play_id":"a1979745-c258-422d-ac84-94348f12cc6b","local_time":"20181004165443","daily_mods":["SealedDeck"],"is_ascension_mode":true,"campfire_choices":[{"data":"Defragment","floor":6.0,"key":"SMITH"},{"data":"Go for the Eyes","floor":8.0,"key":"SMITH"},{"floor":12.0,"key":"DIG"},{"floor":15.0,"key":"DIG"},{"data":"Capacitor","floor":23.0,"key":"SMITH"},{"floor":25.0,"key":"DIG"},{"floor":28.0,"key":"REST"},{"floor":32.0,"key":"DIG"},{"floor":40.0,"key":"REST"},{"floor":42.0,"key":"DIG"},{"data":"1","floor":45.0,"key":"LIFT"},{"data":"Blizzard","floor":49.0,"key":"SMITH"}],"neow_cost":"","seed_source_timestamp":0,"circlet_count":0,"master_deck":["AscendersBane","Genetic Algorithm+1","BootSequence","Conserve Battery","Compile Driver","Go for the Eyes+1","FTL","Cold Snap","Defragment+1","Loop","Core Surge","Thunder Strike+1","Glacier+1","Storm+1","Capacitor+1","Force Field+1","Biased Cognition","Blizzard+1"],"special_seed":0,"relics":["Cracked Core","Orichalcum","Dodecahedron","Shovel","MawBank","Regal Pillow","Strawberry","Astrolabe","Omamori","Centennial Puzzle","Happy Flower","Symbiotic Virus","Girya","Boot","Calling Bell","Pen Nib","Pantograph","Unceasing Top","Spirit Poop","Meat on the Bone","Turnip","War Paint"],"potions_floor_usage":[50,51],"damage_taken":[{"damage":0.0,"enemies":"Cultist","floor":1.0,"turns":3.0},{"damage":0.0,"enemies":"Jaw Worm","floor":2.0,"turns":2.0},{"damage":0.0,"enemies":"2 Louse","floor":3.0,"turns":2.0},{"damage":4.0,"enemies":"Looter","floor":4.0,"turns":3.0},{"damage":2.0,"enemies":"Gremlin Nob","floor":7.0,"turns":4.0},{"damage":0.0,"enemies":"Lagavulin","floor":10.0,"turns":6.0},{"damage":7.0,"enemies":"Gremlin Nob","floor":13.0,"turns":4.0},{"damage":17.0,"enemies":"Slime Boss","floor":16.0,"turns":11.0},{"damage":0.0,"enemies":"Chosen","floor":18.0,"turns":4.0},{"damage":1.0,"enemies":"Spheric Guardian","floor":20.0,"turns":3.0},{"damage":8.0,"enemies":"Snake Plant","floor":22.0,"turns":4.0},{"damage":10.0,"enemies":"Book of Stabbing","floor":24.0,"turns":4.0},{"damage":4.0,"enemies":"Centurion and Healer","floor":27.0,"turns":5.0},{"damage":18.0,"enemies":"Slavers","floor":30.0,"turns":4.0},{"damage":0.0,"enemies":"Cultist and Chosen","floor":31.0,"turns":5.0},{"damage":10.0,"enemies":"Collector","floor":33.0,"turns":7.0},{"damage":27.0,"enemies":"3 Darklings","floor":35.0,"turns":6.0},{"damage":6.0,"enemies":"Orb Walker","floor":41.0,"turns":3.0},{"damage":13.0,"enemies":"Spire Growth","floor":44.0,"turns":5.0},{"damage":18.0,"enemies":"4 Shapes","floor":47.0,"turns":4.0},{"damage":33,"enemies":"Awakened One","floor":50,"turns":18},{"damage":29,"enemies":"Time Eater","floor":51,"turns":11}],"seed_played":"5941946873460016370","potions_obtained":[{"floor":2.0,"key":"SmokeBomb"},{"floor":3.0,"key":"Weak Potion"},{"floor":4.0,"key":"Poison Potion"},{"floor":7.0,"key":"GamblersBrew"},{"floor":16.0,"key":"SteroidPotion"},{"floor":18.0,"key":"LiquidBronze"},{"floor":20.0,"key":"Energy Potion"},{"floor":22.0,"key":"FocusPotion"},{"floor":24.0,"key":"PowerPotion"},{"floor":35.0,"key":"AttackPotion"}],"is_trial":true,"path_per_floor":["M","M","M","M","?","R","E","R","T","E","?","R","E","?","R","B",null,"M","?","M","$","M","R","E","R","T","M","R","?","E","M","R","B",null,"M","?","$","?","$","R","M","R","T","M","R","?","M","$","R","B","B"],"character_chosen":"DEFECT","items_purchased":["Omamori","Meat on the Bone","FocusPotion","Blizzard"],"campfire_rested":2,"item_purchase_floors":[21,37,39,48],"current_hp_per_floor":[64,64,64,60,60,60,58,58,58,58,58,58,51,68,75,58,73,73,73,72,72,64,64,54,54,54,50,78,78,60,60,60,50,71,44,44,44,44,44,78,72,72,72,59,59,59,41,41,41,45,41],"gold":57,"neow_bonus":"","is_prod":false,"is_daily":false,"chose_seed":false,"campfire_upgraded":4,"win_rate":0,"timestamp":1538697283,"path_taken":["M","M","?","M","?","R","E","R","T","E","?","R","E","?","R","BOSS","M","?","M","$","M","R","E","R","T","M","R","?","E","M","R","BOSS","M","?","$","?","$","R","M","R","T","?","R","?","?","$","R","BOSS","BOSS"],"build_version":"2018-09-27","purchased_purges":0,"victory":true,"max_hp_per_floor":[71,71,71,71,71,71,71,71,71,71,71,71,71,71,78,78,78,78,78,78,78,78,78,78,78,78,78,78,78,78,78,78,78,78,78,78,78,78,78,78,78,78,78,78,78,74,74,74,74,74,74],"card_choices":[{"not_picked":["Stack","Recycle"],"picked":"Leap","floor":1.0},{"not_picked":["Go for the Eyes","Conserve Battery","Redo"],"picked":"SKIP","floor":2.0},{"not_picked":["Coolheaded","Meteor Strike","Beam Cell"],"picked":"SKIP","floor":3.0},{"not_picked":["Turbo","Cold Snap"],"picked":"Defragment","floor":4.0},{"not_picked":["Meteor Strike","Steam Power"],"picked":"Loop","floor":7.0},{"not_picked":["Conserve Battery","Lockon","Hologram"],"picked":"SKIP","floor":10.0},{"not_picked":["Leap","Creative AI","Undo"],"picked":"SKIP","floor":13.0},{"not_picked":["Multi-Cast","Rainbow"],"picked":"Core Surge","floor":16.0},{"not_picked":["Go for the Eyes","Beam Cell+1","Compile Driver"],"picked":"SKIP","floor":18.0},{"not_picked":["Rebound","Steam","Barrage"],"picked":"SKIP","floor":20.0},{"not_picked":["Tempest","Defragment","Barrage"],"picked":"SKIP","floor":22.0},{"not_picked":["White Noise","Ball Lightning"],"picked":"Force Field","floor":24.0},{"not_picked":["Redo","Lockon","Auto Shields"],"picked":"SKIP","floor":27.0},{"not_picked":["Reprogram","Defragment","Multi-Cast"],"picked":"SKIP","floor":30.0},{"not_picked":["Hologram","Hello World+1","Static Discharge"],"picked":"SKIP","floor":31.0},{"not_picked":["Core Surge","Meteor Strike"],"picked":"Biased Cognition","floor":33.0},{"not_picked":["Cold Snap","Consume+1","Heatsinks"],"picked":"SKIP","floor":35.0},{"not_picked":["Streamline","White Noise","Cold Snap"],"picked":"SKIP","floor":41.0},{"not_picked":["Gash+1","All For One","Conserve Battery+1"],"picked":"SKIP","floor":44.0},{"not_picked":["Beam Cell","Leap+1","Conserve Battery"],"picked":"SKIP","floor":47.0}],"player_experience":1265302,"relics_obtained":[{"floor":7.0,"key":"Orichalcum"},{"floor":9.0,"key":"Dodecahedron"},{"floor":10.0,"key":"Shovel"},{"floor":12.0,"key":"MawBank"},{"floor":13.0,"key":"Regal Pillow"},{"floor":15.0,"key":"Strawberry"},{"floor":24.0,"key":"Centennial Puzzle"},{"floor":25.0,"key":"Happy Flower"},{"floor":26.0,"key":"Symbiotic Virus"},{"floor":30.0,"key":"Girya"},{"floor":32.0,"key":"Boot"},{"floor":34.0,"key":"Pen Nib"},{"floor":34.0,"key":"Pantograph"},{"floor":34.0,"key":"Unceasing Top"},{"floor":42.0,"key":"Turnip"},{"floor":43.0,"key":"War Paint"}],"event_choices":[{"event_name":"World of Goop","player_choice":"Left","floor":5.0,"damage_taken":0.0},{"event_name":"Golden Wing","player_choice":"Ignored","floor":11.0,"damage_taken":0.0},{"event_name":"The Cleric","player_choice":"Healed","floor":14.0,"damage_taken":0.0},{"event_name":"The Library","player_choice":"Read","floor":19.0,"damage_taken":0.0},{"event_name":"Cursed Tome","player_choice":"Ignored","floor":29.0,"damage_taken":0.0},{"event_name":"Bonfire Elementals","player_choice":"CURSE","floor":36.0,"damage_taken":0.0},{"event_name":"Falling","player_choice":"Removed Attack","floor":38.0,"damage_taken":0.0},{"event_name":"Winding Halls","player_choice":"Max HP","floor":46.0,"damage_taken":0.0}],"is_beta":false,"boss_relics":[{"not_picked":["Snecko Eye","Runic Pyramid"],"picked":"Astrolabe"},{"not_picked":["Black Star","Tiny House"],"picked":"Calling Bell"}],"items_purged_floors":[],"is_endless":false,"potions_floor_spawned":[2,3,4,7,16,18,20,22,24,35,41,47],"ascension_level":20}