{"gold_per_floor":[118,118,118,136,151,151,170,205,251,3,20,20,20,35,35,137,137,155,123,123,123,141,141,170,170,170,203,218,218,230,240,240,345,345,364,41,52,52,65,98,117,117,117,131,144,164,196,196,196,196],"floor_reached":51,"playtime":3734,"items_purged":["Writhe"],"score":738,"play_id":"7ea0497a-755e-4dde-80b5-06789aa45088","local_time":"20181004184826","is_ascension_mode":true,"campfire_choices":[{"data":"Footwork","floor":6,"key":"SMITH"},{"data":"Neutralize","floor":12,"key":"SMITH"},{"data":"Backflip","floor":15,"key":"SMITH"},{"data":"Poisoned Stab","floor":23,"key":"SMITH"},{"data":"Deadly Poison","floor":25,"key":"SMITH"},{"data":"Backflip","floor":29,"key":"SMITH"},{"data":"Catalyst","floor":32,"key":"SMITH"},{"floor":49,"key":"REST"}],"neow_cost":"NONE","seed_source_timestamp":1543575233931030,"circlet_count":0,"master_deck":["Defend_G","Defend_G","Defend_G","Defend_G","Defend_G","Strike_G","Strike_G","Strike_G+1","Strike_G","Survivor+1","Neutralize+1","Poisoned Stab+1","Backflip+1","Poisoned Stab","Footwork+1","Poisoned Stab","Deflect","Prepared","Cloak And Dagger","Deadly Poison+1","Catalyst+1","Backflip+1","Leg Sweep+1","Adrenaline+1","Deflect","PiercingWail+1"],"relics":["Ring of the Serpent","Matryoshka","Smiling Mask","Bag of Preparation","Meat on the Bone","Lantern","Bronze Scales","Orichalcum","Mummified Hand","Molten Egg 2","Strawberry","Lizard Tail","Tiny Chest","Blood Vial","Du-Vu Doll","Bottled Lightning","Kunai","Centennial Puzzle"],"potions_floor_usage":[8,27,33,33,47,47,50],"damage_taken":[{"damage":0,"enemies":"Small Slimes","floor":1,"turns":5},{"damage":0,"enemies":"Cultist","floor":4,"turns":3},{"damage":0,"enemies":"2 Louse","floor":5,"turns":2},{"damage":0,"enemies":"2 Fungi Beasts","floor":7,"turns":4},{"damage":13,"enemies":"3 Sentries","floor":8,"turns":12},{"damage":0,"enemies":"Large Slime","floor":11,"turns":6},{"damage":2,"enemies":"Exordium Wildlife","floor":14,"turns":4},{"damage":28,"enemies":"Slime Boss","floor":16,"turns":15},{"damage":10,"enemies":"Spheric Guardian","floor":18,"turns":5},{"damage":6,"enemies":"2 Thieves","floor":19,"turns":5},{"damage":7,"enemies":"Sentry and Sphere","floor":22,"turns":8},{"damage":2,"enemies":"Book of Stabbing","floor":24,"turns":6},{"damage":17,"enemies":"Slavers","floor":27,"turns":7},{"damage":1,"enemies":"Snake Plant","floor":28,"turns":4},{"damage":4,"enemies":"Shelled Parasite and Fungi","floor":30,"turns":5},{"damage":0,"enemies":"Snecko","floor":31,"turns":4},{"damage":39,"enemies":"Automaton","floor":33,"turns":15},{"damage":17,"enemies":"3 Darklings","floor":35,"turns":7},{"damage":0,"enemies":"3 Shapes","floor":37,"turns":6},{"damage":5,"enemies":"Spire Growth","floor":39,"turns":5},{"damage":16,"enemies":"Nemesis","floor":40,"turns":7},{"damage":10,"enemies":"3 Darklings","floor":41,"turns":6},{"damage":0,"enemies":"Transient","floor":44,"turns":5},{"damage":0,"enemies":"Maw","floor":45,"turns":10},{"damage":8,"enemies":"Spire Growth","floor":46,"turns":5},{"damage":35,"enemies":"2 Orb Walkers","floor":47,"turns":8},{"damage":43,"enemies":"Donu and Deca","floor":50,"turns":19}],"seed_played":"-3270721265140070703","potions_obtained":[{"floor":1,"key":"Energy Potion"},{"floor":8,"key":"Fire Potion"},{"floor":11,"key":"GhostInAJar"},{"floor":14,"key":"EssenceOfSteel"},{"floor":27,"key":"Block Potion"},{"floor":40,"key":"Dexterity Potion"},{"floor":44,"key":"Explosive Potion"},{"floor":47,"key":"Swift Potion"}],"is_trial":false,"path_per_floor":["M","?","?","M","M","R","M","E","T","$","M","R","$","M","R","B",null,"M","M","?","T","M","R","E","R","T","E","M","R","M","M","R","B",null,"M","$","M","T","M","E","M","?","T","M","M","M","E","?","R","B"],"character_chosen":"THE_SILENT","items_purchased":["Meat on the Bone","Tiny Chest","Blood Vial"],"campfire_rested":1,"item_purchase_floors":[10,36,36],"current_hp_per_floor":[70,70,56,56,56,56,56,43,43,43,43,43,43,41,41,25,70,60,54,54,54,47,47,45,45,45,47,46,46,42,42,42,15,77,60,60,62,62,59,45,49,49,49,51,53,47,26,26,47,18],"gold":196,"neow_bonus":"THREE_CARDS","is_prod":false,"is_daily":false,"chose_seed":false,"campfire_upgraded":7,"win_rate":0,"timestamp":1538671706,"path_taken":["M","?","?","M","M","R","?","E","T","$","?","R","?","M","R","BOSS","M","M","?","?","?","R","E","R","T","E","M","R","M","M","R","BOSS","M","$","?","?","M","E","M","?","T","?","M","M","E","?","R","BOSS"],"build_version":"2018-09-27","purchased_purges":1,"victory":true,"max_hp_per_floor":[70,70,70,70,70,70,70,70,70,70,70,70,70,70,70,70,70,70,70,70,70,70,70,70,70,70,77,77,77,77,77,77,77,77,77,77,77,77,77,77,77,77,77,77,77,77,77,73,73,73],"card_choices":[{"not_picked":["Dagger Spray","Heel Hook"],"picked":"Poisoned Stab","floor":0},{"not_picked":["Predator","PiercingWail"],"picked":"Backflip","floor":1},{"not_picked":["Deflect","Bane"],"picked":"Poisoned Stab","floor":4},{"not_picked":["Outmaneuver","Dagger Throw"],"picked":"Footwork","floor":5},{"not_picked":["Predator","Dagger Spray","Sucker Punch"],"picked":"SKIP","floor":7},{"not_picked":["Expertise","Heel Hook"],"picked":"Poisoned Stab","floor":8},{"not_picked":["Prepared","Slice"],"picked":"Deflect","floor":11},{"not_picked":["Outmaneuver","Dagger Throw","Acrobatics"],"picked":"SKIP","floor":14},{"not_picked":["Well Laid Plans","Deflect"],"picked":"Prepared","floor":18},{"not_picked":["Heel Hook+1","Poisoned Stab"],"picked":"Cloak And Dagger","floor":19},{"not_picked":["Bouncing Flask","Skewer+1","Poisoned Stab"],"picked":"SKIP","floor":22},{"not_picked":["Die Die Die","Leg Sweep"],"picked":"Deadly Poison","floor":24},{"not_picked":["Tactician","Dash+1"],"picked":"Catalyst","floor":27},{"not_picked":["Infinite Blades","Outmaneuver"],"picked":"Backflip","floor":28},{"not_picked":["Slice+1","Skewer+1","Predator+1"],"picked":"SKIP","floor":30},{"not_picked":["Dagger Throw+1","Blade Dance"],"picked":"Leg Sweep+1","floor":31},{"not_picked":["Tools of the Trade","Die Die Die+1"],"picked":"Adrenaline","floor":33},{"not_picked":["Expertise","Predator+1","Dagger Spray+1"],"picked":"SKIP","floor":35},{"not_picked":["Acrobatics+1","Eviscerate+1","Underhanded Strike+1"],"picked":"SKIP","floor":37},{"not_picked":["Slice+1","Poisoned Stab+1"],"picked":"Deflect","floor":39},{"not_picked":["Acrobatics","Dagger Throw+1","Slice+1"],"picked":"SKIP","floor":40},{"not_picked":["Calculated Gamble+1","Distraction+1"],"picked":"PiercingWail+1","floor":41},{"not_picked":["Dagger Throw+1","Quick Slash+1","Expertise+1"],"picked":"SKIP","floor":44},{"not_picked":["Bane+1","Slice+1","Infinite Blades"],"picked":"SKIP","floor":45},{"not_picked":["Die Die Die+1","Blur+1","Infinite Blades"],"picked":"SKIP","floor":46},{"not_picked":["Leg Sweep","Prepared","Eviscerate+1"],"picked":"SKIP","floor":47}],"player_experience":73742,"relics_obtained":[{"floor":8,"key":"Matryoshka"},{"floor":9,"key":"Smiling Mask"},{"floor":9,"key":"Bag of Preparation"},{"floor":21,"key":"Bronze Scales"},{"floor":21,"key":"Orichalcum"},{"floor":24,"key":"Mummified Hand"},{"floor":26,"key":"Molten Egg 2"},{"floor":27,"key":"Strawberry"},{"floor":38,"key":"Du-Vu Doll"},{"floor":40,"key":"Bottled Lightning"},{"floor":43,"key":"Kunai"},{"floor":47,"key":"Centennial Puzzle"}],"event_choices":[{"event_name":"Purifier","player_choice":"One Purge","floor":2,"damage_taken":0},{"event_name":"Shining Light","player_choice":"Entered Light","floor":3,"damage_taken":0},{"event_name":"The Mausoleum","player_choice":"Yes","floor":20,"damage_taken":0},{"event_name":"Upgrade Shrine","player_choice":"Upgraded","floor":42,"damage_taken":0},{"event_name":"Winding Halls","player_choice":"Max HP","floor":48,"damage_taken":0}],"is_beta":false,"boss_relics":[{"not_picked":["Fusion Hammer","Philosopher\u0027s Stone"],"picked":"Ring of the Serpent"},{"not_picked":["Calling Bell","Runic Dome"],"picked":"Lizard Tail"}],"items_purged_floors":[36],"is_endless":false,"potions_floor_spawned":[1,8,11,14,22,24,27,28,40,44,47],"ascension_level":1}