{"gold_per_floor":[114,131,131,131,151,151,151,161,185,185,211,225,225,253,253,352,352,366,111,111,111,121,121,121],"floor_reached":24,"playtime":656,"items_purged":[],"score":265,"play_id":"84dfad42-204c-4a8a-b5fd-76633f7d23e1","local_time":"25611105163332","is_ascension_mode":true,"campfire_choices":[{"data":"Bash","floor":6,"key":"SMITH"},{"floor":13,"key":"REST"},{"data":"Shrug It Off","floor":15,"key":"SMITH"},{"data":"True Grit","floor":23,"key":"SMITH"}],"neow_cost":"TEN_PERCENT_HP_LOSS","seed_source_timestamp":6709346332955,"circlet_count":0,"master_deck":["Strike_R","Strike_R","Strike_R","Strike_R","Strike_R+1","Defend_R","Defend_R","Defend_R","Defend_R","Bash+1","Sword Boomerang+1","Clash","Shrug It Off+1","Whirlwind","Shockwave","Limit Break","Armaments","True Grit+1"],"relics":["Burning Blood","Incense Burner","Shuriken","Bird Faced Urn","Strawberry","Art of War","Bag of Marbles","Cursed Key","Nloth\u0027s Gift"],"potions_floor_usage":[14,16,22],"damage_taken":[{"damage":10,"enemies":"Cultist","floor":1,"turns":5},{"damage":7,"enemies":"Small Slimes","floor":2,"turns":3},{"damage":2,"enemies":"Jaw Worm","floor":5,"turns":2},{"damage":0,"enemies":"Exordium Wildlife","floor":8,"turns":2},{"damage":16,"enemies":"Gremlin Nob","floor":11,"turns":3},{"damage":11,"enemies":"3 Louse","floor":12,"turns":4},{"damage":25,"enemies":"Lagavulin","floor":14,"turns":4},{"damage":10,"enemies":"Hexaghost","floor":16,"turns":7},{"damage":15,"enemies":"Spheric Guardian","floor":18,"turns":4},{"damage":10,"enemies":"Shell Parasite","floor":22,"turns":4},{"damage":68,"enemies":"Book of Stabbing","floor":24,"turns":6}],"seed_played":"1809012064130362425","potions_obtained":[{"floor":2,"key":"Swift Potion"},{"floor":11,"key":"Weak Potion"},{"floor":14,"key":"Strength Potion"},{"floor":18,"key":"Ancient Potion"}],"is_trial":false,"path_per_floor":["M","M","?","?","M","R","T","M","T","?","E","M","R","E","R","B",null,"M","$","?","?","M","R","E"],"character_chosen":"IRONCLAD","items_purchased":["Lee\u0027s Waffle","Armaments"],"campfire_rested":1,"item_purchase_floors":[19,19],"current_hp_per_floor":[68,67,53,35,39,39,39,45,52,52,42,37,60,41,41,37,69,60,86,69,69,65,65,0],"gold":121,"neow_bonus":"ONE_RARE_RELIC","is_prod":false,"is_daily":false,"chose_seed":false,"campfire_upgraded":3,"win_rate":0,"timestamp":1541410412,"path_taken":["M","M","?","?","M","R","?","?","T","?","E","M","R","E","R","BOSS","M","$","?","?","M","R","E"],"build_version":"2018-11-01","purchased_purges":0,"victory":false,"max_hp_per_floor":[72,72,72,72,72,72,72,72,79,79,79,79,79,79,79,79,79,79,86,91,91,91,91,91],"card_choices":[{"not_picked":["Warcry","Intimidate"],"picked":"Sword Boomerang","floor":1},{"not_picked":["Pommel Strike","Twin Strike"],"picked":"Clash","floor":2},{"not_picked":["Flex","Twin Strike","Sever Soul"],"picked":"SKIP","floor":5},{"not_picked":["Demon Form","Twin Strike","Cleave"],"picked":"SKIP","floor":8},{"not_picked":["Headbutt","Sword Boomerang"],"picked":"Shrug It Off","floor":11},{"not_picked":["Twin Strike","Power Through"],"picked":"Whirlwind","floor":12},{"not_picked":["Perfected Strike","Wild Strike"],"picked":"Shockwave","floor":14},{"not_picked":["Brutality","Berserk"],"picked":"Limit Break","floor":16},{"not_picked":["Thunderclap","Shockwave","Searing Blow"],"picked":"SKIP","floor":18},{"not_picked":["Entrench","Sword Boomerang"],"picked":"True Grit","floor":22}],"player_experience":63760,"relics_obtained":[{"floor":7,"key":"Bird Faced Urn"},{"floor":9,"key":"Strawberry"},{"floor":11,"key":"Art of War"},{"floor":14,"key":"Bag of Marbles"}],"event_choices":[{"damage_healed":0,"gold_gain":0,"player_choice":"Entered Light","damage_taken":14,"max_hp_gain":0,"max_hp_loss":0,"event_name":"Shining Light","floor":3,"gold_loss":0,"cards_upgraded":["Sword Boomerang","Strike_R"]},{"damage_healed":0,"gold_gain":0,"player_choice":"Success","damage_taken":18,"relics_obtained":["Shuriken"],"max_hp_gain":0,"max_hp_loss":0,"event_name":"Scrap Ooze","floor":4,"gold_loss":0},{"damage_healed":0,"gold_gain":0,"player_choice":"Ignored","damage_taken":0,"max_hp_gain":0,"max_hp_loss":0,"event_name":"Liars Game","floor":10,"gold_loss":0},{"damage_healed":0,"gold_gain":0,"player_choice":"Shed Blood","damage_taken":22,"max_hp_gain":5,"max_hp_loss":0,"event_name":"Forgotten Altar","floor":20,"gold_loss":0},{"damage_healed":0,"gold_gain":0,"player_choice":"Traded Relic","damage_taken":0,"relics_obtained":["Nloth\u0027s Gift"],"max_hp_gain":0,"max_hp_loss":0,"event_name":"N\u0027loth","floor":21,"relics_lost":["Lee\u0027s Waffle"],"gold_loss":0}],"is_beta":false,"boss_relics":[{"not_picked":["Philosopher\u0027s Stone","Coffee Dripper"],"picked":"Cursed Key"}],"items_purged_floors":[],"is_endless":false,"potions_floor_spawned":[2,11,14,18],"killed_by":"Book of Stabbing","ascension_level":6}