{"gold_per_floor":[111,111,30,30,42,75,75,86,86,96,110,125,152,152,152,225,225,240,29,40,40,52,52,52,79,79,79,90,90,90,15,15,87,137,155,155,102,118,134,134,0,18,72,101,101],"floor_reached":45,"playtime":1369,"items_purged":["Decay"],"score":996,"play_id":"38043f7b-6a88-476d-b230-89d32a5f2e62","local_time":"25620220004355","is_ascension_mode":true,"campfire_choices":[{"data":"Demon Form","floor":7.0,"key":"SMITH"},{"data":"Armaments","floor":15.0,"key":"SMITH"},{"floor":23.0,"key":"REST"},{"data":"Limit Break","floor":27.0,"key":"SMITH"},{"floor":30.0,"key":"REST"},{"data":"True Grit","floor":32.0,"key":"SMITH"},{"floor":40.0,"key":"REST"}],"neow_cost":"NONE","seed_source_timestamp":41660189610963,"circlet_count":0,"master_deck":["AscendersBane","Strike_R","Strike_R","Strike_R","Strike_R+1","Defend_R","Defend_R","Defend_R","Defend_R","Bash+1","Pummel","Shrug It Off","Armaments+1","Demon Form+1","Seeing Red+1","Inflame","True Grit+1","Corruption","Feed","Uppercut+1","True Grit","Flex","Pummel","Limit Break+1","Cleave","Double Tap+1","Thunderclap","Whirlwind","Shrug It Off","Sword Boomerang","Dropkick","Regret","Shrug It Off"],"special_seed":0,"relics":["Burning Blood","NeowsBlessing","Magic Flower","Red Skull","Cursed Key","Omamori","PreservedInsect","Nloth\u0027s Gift","Regal Pillow","Tiny House","Red Mask","Anchor","War Paint"],"potions_floor_usage":[45],"damage_taken":[{"damage":0.0,"enemies":"Cultist","floor":1.0,"turns":1.0},{"damage":0.0,"enemies":"Jaw Worm","floor":5.0,"turns":1.0},{"damage":0.0,"enemies":"Gremlin Nob","floor":6.0,"turns":1.0},{"damage":0.0,"enemies":"2 Louse","floor":8.0,"turns":5.0},{"damage":6.0,"enemies":"Blue Slaver","floor":10.0,"turns":5.0},{"damage":20.0,"enemies":"2 Fungi Beasts","floor":11.0,"turns":5.0},{"damage":12.0,"enemies":"Gremlin Gang","floor":12.0,"turns":6.0},{"damage":20.0,"enemies":"Lagavulin","floor":13.0,"turns":7.0},{"damage":28.0,"enemies":"Slime Boss","floor":16.0,"turns":5.0},{"damage":37.0,"enemies":"3 Byrds","floor":18.0,"turns":7.0},{"damage":20.0,"enemies":"Spheric Guardian","floor":20.0,"turns":5.0},{"damage":26.0,"enemies":"Cultist and Chosen","floor":22.0,"turns":7.0},{"damage":28.0,"enemies":"Book of Stabbing","floor":25.0,"turns":4.0},{"damage":19.0,"enemies":"Snecko","floor":28.0,"turns":4.0},{"damage":27.0,"enemies":"Champ","floor":33.0,"turns":8.0},{"damage":47.0,"enemies":"3 Darklings","floor":35.0,"turns":5.0},{"damage":42.0,"enemies":"3 Shapes","floor":38.0,"turns":9.0},{"damage":62.0,"enemies":"Maw","floor":39.0,"turns":7.0},{"damage":41.0,"enemies":"Writhing Mass","floor":42.0,"turns":5.0},{"damage":32.0,"enemies":"Giant Head","floor":44.0,"turns":5.0},{"damage":21,"enemies":"Sphere and 2 Shapes","floor":45,"turns":2}],"seed_played":"3373250045867691567","potions_obtained":[{"floor":1.0,"key":"Strength Potion"},{"floor":6.0,"key":"PowerPotion"},{"floor":8.0,"key":"FairyPotion"},{"floor":12.0,"key":"BloodPotion"},{"floor":22.0,"key":"Ancient Potion"},{"floor":28.0,"key":"Block Potion"},{"floor":33.0,"key":"SkillPotion"},{"floor":34.0,"key":"Regen Potion"},{"floor":44.0,"key":"EssenceOfSteel"}],"is_trial":false,"path_per_floor":["M","?","$","$","M","E","R","M","T","M","M","M","E","?","R","B",null,"M","$","M","?","M","R","?","E","T","R","M","?","R","$","R","B",null,"M","?","$","M","M","R","?","M","T","E","M"],"character_chosen":"IRONCLAD","items_purchased":["Shrug It Off","Fire Potion","Omamori","True Grit","Shrug It Off"],"campfire_rested":3,"item_purchase_floors":[3,3,19,19,37],"current_hp_per_floor":[74,74,74,74,75,75,75,75,75,75,64,61,50,43,43,35,65,42,42,31,31,14,37,37,23,23,23,13,13,52,52,52,34,74,36,71,71,43,14,51,51,19,19,20,0],"gold":101,"neow_bonus":"THREE_ENEMY_KILL","is_prod":false,"is_daily":false,"chose_seed":false,"campfire_upgraded":4,"win_rate":0,"timestamp":1550598235,"path_taken":["M","?","?","$","M","E","R","M","T","M","M","?","E","?","R","BOSS","M","$","M","?","M","R","?","E","T","R","?","?","R","$","R","BOSS","M","?","$","M","M","R","?","M","T","E","M"],"build_version":"2019-01-23","purchased_purges":1,"victory":false,"max_hp_per_floor":[75,75,75,75,75,75,75,75,75,75,75,75,75,75,75,75,75,78,78,78,78,78,78,78,81,81,81,81,81,81,81,81,81,86,86,71,71,74,74,74,74,74,74,74,74],"card_choices":[{"not_picked":["Corruption","True Grit"],"picked":"Pummel","floor":1.0},{"not_picked":["Wild Strike","Perfected Strike"],"picked":"Armaments","floor":5.0},{"not_picked":["Reckless Charge","Iron Wave"],"picked":"Demon Form","floor":6.0},{"not_picked":["Twin Strike","Infernal Blade"],"picked":"Seeing Red","floor":8.0},{"not_picked":["Clothesline","Shrug It Off"],"picked":"Inflame","floor":10.0},{"not_picked":["Seeing Red","Burning Pact","Flex"],"picked":"SKIP","floor":11.0},{"not_picked":["Headbutt","Clash"],"picked":"True Grit","floor":12.0},{"not_picked":["Brutality","Seeing Red"],"picked":"Corruption","floor":13.0},{"not_picked":["Bludgeon","Berserk"],"picked":"Feed","floor":16.0},{"not_picked":["Hemokinesis","Pommel Strike"],"picked":"Uppercut+1","floor":18.0},{"not_picked":["Pommel Strike","Headbutt"],"picked":"Flex","floor":20.0},{"not_picked":["Dual Wield","Cleave"],"picked":"Pummel","floor":22.0},{"not_picked":["Exhume","Body Slam"],"picked":"Limit Break","floor":25.0},{"not_picked":["Armaments","Berserk"],"picked":"Cleave","floor":28.0},{"not_picked":["Juggernaut","Berserk"],"picked":"Double Tap","floor":33.0},{"not_picked":["Wild Strike+1","Rupture"],"picked":"Thunderclap","floor":34.0},{"not_picked":["Pommel Strike","Metallicize"],"picked":"Whirlwind","floor":35.0},{"not_picked":["Clash","Rampage"],"picked":"Sword Boomerang","floor":38.0},{"not_picked":["Clothesline+1","Cleave+1","Dark Embrace"],"picked":"SKIP","floor":39.0},{"not_picked":["Rage","Clothesline+1"],"picked":"Dropkick","floor":42.0},{"not_picked":["Clothesline","Feel No Pain"],"picked":"Shrug It Off","floor":44.0}],"player_experience":253638,"relics_obtained":[{"floor":6.0,"key":"Calipers"},{"floor":9.0,"key":"Magic Flower"},{"floor":13.0,"key":"Red Skull"},{"floor":25.0,"key":"Regal Pillow"},{"floor":43.0,"key":"Anchor"},{"floor":44.0,"key":"War Paint"}],"event_choices":[{"damage_healed":0.0,"max_hp_gain":0.0,"max_hp_loss":0.0,"gold_gain":0.0,"event_name":"Accursed Blacksmith","player_choice":"Forge","floor":2.0,"gold_loss":0.0,"damage_taken":0.0,"cards_upgraded":["Bash"]},{"cards_removed":["Strike_R"],"damage_healed":0.0,"max_hp_gain":0.0,"max_hp_loss":0.0,"gold_gain":0.0,"event_name":"Golden Wing","player_choice":"Card Removal","floor":14.0,"gold_loss":0.0,"damage_taken":7.0},{"damage_healed":0.0,"max_hp_gain":0.0,"max_hp_loss":0.0,"gold_gain":0.0,"event_name":"Addict","player_choice":"Stole Relic","floor":21.0,"gold_loss":0.0,"damage_taken":0.0,"relics_obtained":["PreservedInsect"],"cards_obtained":["Shame"]},{"damage_healed":0.0,"max_hp_gain":0.0,"max_hp_loss":0.0,"gold_gain":0.0,"event_name":"N\u0027loth","player_choice":"Traded Relic","floor":24.0,"relics_lost":["Calipers"],"gold_loss":0.0,"damage_taken":0.0,"relics_obtained":["Nloth\u0027s Gift"]},{"damage_healed":0.0,"max_hp_gain":0.0,"max_hp_loss":0.0,"gold_gain":0.0,"event_name":"Forgotten Altar","player_choice":"Smashed Altar","floor":29.0,"gold_loss":0.0,"damage_taken":0.0,"cards_obtained":["Decay"]},{"damage_healed":71.0,"max_hp_gain":0.0,"max_hp_loss":15.0,"gold_gain":0.0,"event_name":"The Moai Head","player_choice":"Heal","floor":36.0,"gold_loss":0.0,"damage_taken":0.0},{"damage_healed":0.0,"max_hp_gain":0.0,"max_hp_loss":0.0,"gold_gain":0.0,"event_name":"Tomb of Lord Red Mask","player_choice":"Paid","floor":41.0,"gold_loss":134.0,"damage_taken":0.0,"relics_obtained":["Red Mask"]}],"is_beta":false,"boss_relics":[{"not_picked":["Ectoplasm","Runic Pyramid"],"picked":"Cursed Key"},{"not_picked":["Calling Bell","Runic Cube"],"picked":"Tiny House"}],"items_purged_floors":[31],"is_endless":false,"potions_floor_spawned":[1,6,8,11,12,22,28,33,38,44],"killed_by":"Sphere and 2 Shapes","ascension_level":20}