{"gold_per_floor":[116,132,57,68,38,38,65,83,157,157,185,159,159,172,172,247,247,227,237,152,202,202,202,234,234,534,567,380,380],"floor_reached":29,"playtime":1119,"items_purged":["Strike_G","Strike_G"],"score":474,"play_id":"e2644847-05c6-4a5f-bced-1b67fa9a67c1","local_time":"20181130110249","is_ascension_mode":true,"campfire_choices":[{"data":"Noxious Fumes","floor":6.0,"key":"SMITH"},{"data":"Footwork","floor":13.0,"key":"SMITH"},{"data":"Neutralize","floor":15.0,"key":"SMITH"},{"data":"Deflect","floor":23.0,"key":"SMITH"},{"data":"Wraith Form v2","floor":25.0,"key":"SMITH"}],"neow_cost":"NONE","seed_source_timestamp":10943174669444,"circlet_count":0,"master_deck":["AscendersBane","Defend_G","Defend_G","Defend_G","Defend_G","Defend_G","Strike_G","Strike_G","Survivor","Neutralize+1","Dagger Spray","Deflect+1","Noxious Fumes+1","Predator","Dash","Corpse Explosion","Footwork+1","Burst","PiercingWail","Cloak And Dagger","Wraith Form v2+1","Well Laid Plans","Acrobatics","Noxious Fumes","Flying Knee"],"special_seed":0,"relics":["Ring of the Snake","Girya","The Courier","Blood Vial","Sozu","Nunchaku","FossilizedHelix","Old Coin","Strawberry"],"potions_floor_usage":[],"damage_taken":[{"damage":0.0,"enemies":"Small Slimes","floor":1.0,"turns":4.0},{"damage":0.0,"enemies":"Cultist","floor":2.0,"turns":4.0},{"damage":0.0,"enemies":"Jaw Worm","floor":4.0,"turns":4.0},{"damage":0.0,"enemies":"Looter","floor":5.0,"turns":4.0},{"damage":20.0,"enemies":"3 Sentries","floor":7.0,"turns":9.0},{"damage":0.0,"enemies":"3 Louse","floor":8.0,"turns":3.0},{"damage":18.0,"enemies":"Gremlin Nob","floor":11.0,"turns":4.0},{"damage":9.0,"enemies":"Exordium Thugs","floor":12.0,"turns":5.0},{"damage":3.0,"enemies":"Blue Slaver","floor":14.0,"turns":5.0},{"damage":9.0,"enemies":"The Guardian","floor":16.0,"turns":12.0},{"damage":19.0,"enemies":"2 Thieves","floor":18.0,"turns":4.0},{"damage":7.0,"enemies":"Shell Parasite","floor":19.0,"turns":6.0},{"damage":28.0,"enemies":"Gremlin Leader","floor":24.0,"turns":10.0},{"damage":3.0,"enemies":"Slavers","floor":27.0,"turns":5.0},{"damage":36,"enemies":"Sentry and Sphere","floor":29,"turns":4}],"seed_played":"-1234551332148662695","potions_obtained":[{"floor":7.0,"key":"Poison Potion"},{"floor":11.0,"key":"Regen Potion"},{"floor":12.0,"key":"Ancient Potion"},{"floor":14.0,"key":"Regen Potion"}],"is_trial":false,"path_per_floor":["M","M","$","M","M","R","E","M","T","?","E","M","R","M","R","B",null,"M","M","?","?","?","R","E","R","T","E","$","M"],"character_chosen":"THE_SILENT","items_purchased":["Acrobatics","Noxious Fumes","Flying Knee"],"campfire_rested":0,"item_purchase_floors":[28,28,28],"current_hp_per_floor":[65,65,65,65,65,65,45,45,45,45,27,20,20,19,19,27,61,44,39,39,39,39,39,28,28,28,34,34,0],"gold":380,"neow_bonus":"TEN_PERCENT_HP_BONUS","is_prod":false,"is_daily":false,"chose_seed":false,"campfire_upgraded":5,"win_rate":0,"timestamp":1543604569,"path_taken":["M","M","$","M","M","R","E","M","T","?","E","M","R","?","R","BOSS","M","?","?","?","?","R","E","R","T","E","$","M"],"build_version":"2018-11-15","purchased_purges":2,"victory":false,"max_hp_per_floor":[72,72,72,72,72,72,72,72,72,72,72,72,72,72,72,72,72,72,72,72,72,72,72,72,72,72,79,79,79],"card_choices":[{"not_picked":["Underhanded Strike","Slice"],"picked":"Dagger Spray","floor":1.0},{"not_picked":["Finisher","Blade Dance"],"picked":"Deflect","floor":2.0},{"not_picked":["Distraction","Quick Slash"],"picked":"Noxious Fumes","floor":4.0},{"not_picked":["Poisoned Stab","Blade Dance"],"picked":"Predator","floor":5.0},{"not_picked":["Distraction","Predator"],"picked":"Dash","floor":7.0},{"not_picked":["Eviscerate","Backflip","Prepared"],"picked":"SKIP","floor":8.0},{"not_picked":["Quick Slash","Backflip"],"picked":"Corpse Explosion","floor":11.0},{"not_picked":["Prepared","Flying Knee"],"picked":"Footwork","floor":12.0},{"not_picked":["Blade Dance","Choke","Outmaneuver"],"picked":"SKIP","floor":14.0},{"not_picked":["Corpse Explosion","Unload"],"picked":"Burst","floor":16.0},{"not_picked":["Dash","Dagger Throw"],"picked":"PiercingWail","floor":18.0},{"not_picked":["Well Laid Plans","Flying Knee"],"picked":"Cloak And Dagger","floor":19.0},{"not_picked":["Dagger Spray","Prepared"],"picked":"Wraith Form v2","floor":24.0},{"not_picked":["Flechettes","Expertise"],"picked":"Well Laid Plans","floor":27.0}],"player_experience":1691319,"relics_obtained":[{"floor":7.0,"key":"Girya"},{"floor":9.0,"key":"The Courier"},{"floor":11.0,"key":"Blood Vial"},{"floor":24.0,"key":"FossilizedHelix"},{"floor":26.0,"key":"Old Coin"},{"floor":27.0,"key":"Strawberry"}],"event_choices":[{"cards_removed":["Strike_G"],"damage_healed":0.0,"max_hp_gain":0.0,"max_hp_loss":0.0,"gold_gain":0.0,"event_name":"Purifier","player_choice":"Purged","floor":10.0,"gold_loss":0.0,"damage_taken":0.0},{"damage_healed":0.0,"max_hp_gain":0.0,"max_hp_loss":0.0,"gold_gain":0.0,"event_name":"Addict","player_choice":"Obtained Relic","floor":20.0,"gold_loss":85.0,"damage_taken":0.0,"relics_obtained":["Nunchaku"]},{"damage_healed":0.0,"max_hp_gain":0.0,"max_hp_loss":0.0,"gold_gain":50.0,"event_name":"Nest","player_choice":"Stole From Cult","floor":21.0,"gold_loss":0.0,"damage_taken":0.0},{"damage_healed":0.0,"max_hp_gain":0.0,"max_hp_loss":0.0,"gold_gain":0.0,"event_name":"Match and Keep!","player_choice":"0 cards matched","floor":22.0,"gold_loss":0.0,"damage_taken":0.0,"cards_obtained":[]}],"is_beta":false,"boss_relics":[{"not_picked":["Fusion Hammer","Busted Crown"],"picked":"Sozu"}],"items_purged_floors":[3,28],"is_endless":false,"potions_floor_spawned":[7,11,12,14,19],"killed_by":"Sentry and Sphere","ascension_level":15}