{"gold_per_floor":[116,116,136,136,136,136,170,193,218,283,318,318,368,418,418,513,513,537,631,51,101,171,171,346,396,396,156,175,195,87,111,111,200,200,220,330,602,652,722,753,803,844,844,860,548,139,139,162,162,162,162,162,162,12,50,50],"floor_reached":57,"playtime":4249,"items_purged":["Writhe","Perfected Strike+1","Bite","Bash+1"],"score":3007,"play_id":"7f20c2fc-71f2-455a-b159-4ff94832e9eb","local_time":"20190121161111","is_ascension_mode":true,"campfire_choices":[{"data":"Perfected Strike","floor":6.0,"key":"SMITH"},{"data":"Combust","floor":12.0,"key":"SMITH"},{"data":"Bash","floor":15.0,"key":"SMITH"},{"data":"Feed","floor":23.0,"key":"SMITH"},{"data":"Burning Pact","floor":32.0,"key":"SMITH"},{"data":"Dark Embrace","floor":47.0,"key":"SMITH"},{"floor":49.0,"key":"RECALL"},{"data":"Exhume","floor":53.0,"key":"SMITH"}],"neow_cost":"NONE","seed_source_timestamp":15328207101241,"circlet_count":0,"master_deck":["AscendersBane","Defend_R+1","Defend_R","Defend_R","Defend_R+1","Combust+1","Feed+1","Exhume+1","Headbutt+1","Disarm","Madness+1","Burning Pact+1","Berserk","Bite","Bite","Bite","Bite","Pommel Strike+1","Apotheosis+1","Dark Embrace+1","Intimidate+1","Deep Breath+1","Shrug It Off+1","Offering+1","Havoc+1","PanicButton+1","Second Wind+1","Parasite"],"special_seed":0,"relics":["Burning Blood","NeowsBlessing","Golden Idol","SsserpentHead","Strawberry","Anchor","Red Skull","Cursed Key","Red Mask","OrangePellets","StoneCalendar","Toxic Egg 2","Kunai","Coffee Dripper","Thread and Needle","Orichalcum","Singing Bowl","Sundial","Medical Kit","War Paint"],"potions_floor_usage":[56,56],"damage_taken":[{"damage":0.0,"enemies":"Small Slimes","floor":1.0,"turns":1.0},{"damage":0.0,"enemies":"Jaw Worm","floor":3.0,"turns":1.0},{"damage":0.0,"enemies":"Lagavulin","floor":7.0,"turns":1.0},{"damage":0.0,"enemies":"2 Louse","floor":8.0,"turns":2.0},{"damage":6.0,"enemies":"Exordium Thugs","floor":10.0,"turns":3.0},{"damage":25.0,"enemies":"3 Sentries","floor":11.0,"turns":6.0},{"damage":23.0,"enemies":"Slime Boss","floor":16.0,"turns":6.0},{"damage":37.0,"enemies":"Spheric Guardian","floor":18.0,"turns":5.0},{"damage":52.0,"enemies":"Masked Bandits","floor":19.0,"turns":5.0},{"damage":10.0,"enemies":"2 Thieves","floor":22.0,"turns":3.0},{"damage":19.0,"enemies":"Colosseum Slavers","floor":24.0,"turns":5.0},{"damage":57.0,"enemies":"Colosseum Nobs","floor":24.0,"turns":7.0},{"damage":23.0,"enemies":"Cultist and Chosen","floor":28.0,"turns":5.0},{"damage":27.0,"enemies":"Snake Plant","floor":29.0,"turns":4.0},{"damage":22.0,"enemies":"3 Cultists","floor":31.0,"turns":4.0},{"damage":35.0,"enemies":"Automaton","floor":33.0,"turns":10.0},{"damage":13.0,"enemies":"3 Shapes","floor":35.0,"turns":5.0},{"damage":37.0,"enemies":"2 Orb Walkers","floor":36.0,"turns":4.0},{"damage":27.0,"enemies":"3 Darklings","floor":39.0,"turns":5.0},{"damage":88.0,"enemies":"Reptomancer","floor":40.0,"turns":7.0},{"damage":18.0,"enemies":"Nemesis","floor":42.0,"turns":7.0},{"damage":7.0,"enemies":"Sphere and 2 Shapes","floor":44.0,"turns":6.0},{"damage":8.0,"enemies":"Spire Growth","floor":48.0,"turns":3.0},{"damage":34.0,"enemies":"Awakened One","floor":50.0,"turns":6.0},{"damage":13.0,"enemies":"Donu and Deca","floor":51.0,"turns":3.0},{"damage":6.0,"enemies":"Shield and Spear","floor":55.0,"turns":3.0},{"damage":6,"enemies":"The Heart","floor":56,"turns":6}],"seed_played":"6788782469919069191","potions_obtained":[{"floor":1.0,"key":"Ancient Potion"},{"floor":3.0,"key":"Poison Potion"},{"floor":7.0,"key":"BloodPotion"},{"floor":16.0,"key":"Strength Potion"},{"floor":18.0,"key":"BloodPotion"},{"floor":24.0,"key":"PowerPotion"},{"floor":31.0,"key":"SpeedPotion"},{"floor":33.0,"key":"Fire Potion"},{"floor":35.0,"key":"GamblersBrew"},{"floor":40.0,"key":"SkillPotion"},{"floor":42.0,"key":"SpeedPotion"},{"floor":44.0,"key":"Energy Potion"}],"is_trial":false,"path_per_floor":["M","?","M","?","?","R","E","M","T","M","E","R","?","?","R","B",null,"M","?","$","?","M","R","?","?","T","$","M","M","$","M","R","B",null,"M","?","?","?","M","E","?","E","T","M","$","$","R","M","R","B","B",null,"R","$","E","B",null],"character_chosen":"IRONCLAD","items_purchased":["BloodPotion","OrangePellets","Madness","Burning Pact","Berserk","Apotheosis+1","Deep Breath+1","Sundial","Medical Kit","Swift Potion"],"campfire_rested":0,"item_purchase_floors":[20,20,20,20,20,27,30,45,46,46],"current_hp_per_floor":[74,48,54,59,59,59,72,81,81,93,77,77,48,48,48,31,80,52,18,18,18,34,34,16,32,32,32,34,29,29,36,36,28,81,94,73,73,73,86,28,28,33,33,70,70,70,70,101,101,122,126,126,126,126,128,132],"gold":50,"neow_bonus":"THREE_ENEMY_KILL","is_prod":false,"is_daily":false,"chose_seed":false,"campfire_upgraded":7,"win_rate":0,"timestamp":1548058271,"path_taken":["M","?","M","?","?","R","E","M","T","?","E","R","?","?","R","BOSS","M","?","$","?","?","R","?","?","T","?","M","M","$","M","R","BOSS","M","?","?","?","?","E","?","E","T","M","?","$","R","M","R","BOSS","BOSS","R","$","E","BOSS"],"build_version":"2019-01-17v2","purchased_purges":4,"victory":true,"max_hp_per_floor":[75,75,75,80,80,80,87,90,90,93,96,96,96,96,96,96,96,99,102,102,71,74,74,82,82,82,82,82,86,86,94,94,98,98,106,106,106,106,110,110,110,110,110,112,112,112,112,118,118,122,126,126,126,126,128,132],"card_choices":[{"not_picked":["Fire Breathing","Iron Wave"],"picked":"Combust","floor":1.0},{"not_picked":["Rampage","Havoc"],"picked":"Perfected Strike","floor":3.0},{"not_picked":["Seeing Red","Wild Strike"],"picked":"Feed","floor":7.0},{"not_picked":["Wild Strike","Dual Wield","Fire Breathing"],"picked":"SKIP","floor":8.0},{"not_picked":["Burning Pact","Flex","Heavy Blade"],"picked":"SKIP","floor":10.0},{"not_picked":["Uppercut","Bloodletting","Infernal Blade"],"picked":"SKIP","floor":11.0},{"not_picked":["Barricade","Dark Embrace"],"picked":"Exhume","floor":16.0},{"not_picked":["Spot Weakness","Clash"],"picked":"Headbutt+1","floor":18.0},{"not_picked":["Clothesline","Anger"],"picked":"Disarm","floor":19.0},{"not_picked":["Thunderclap","Perfected Strike","Warcry"],"picked":"SKIP","floor":22.0},{"not_picked":["Seeing Red","Flex"],"picked":"Pommel Strike","floor":24.0},{"not_picked":["Flex+1","Clash"],"picked":"Dark Embrace","floor":28.0},{"not_picked":["Reckless Charge","Clash"],"picked":"Intimidate+1","floor":29.0},{"not_picked":["Sword Boomerang","Anger"],"picked":"Shrug It Off+1","floor":31.0},{"not_picked":["Feed","Brutality"],"picked":"Offering+1","floor":33.0},{"not_picked":["Perfected Strike","Cleave","Twin Strike"],"picked":"SKIP","floor":35.0},{"not_picked":["Metallicize","Body Slam","Armaments+1"],"picked":"SKIP","floor":39.0},{"not_picked":["Pommel Strike+1","Twin Strike"],"picked":"Havoc+1","floor":40.0},{"not_picked":["Mind Blast","Panacea+1"],"picked":"PanicButton+1","floor":41.0},{"not_picked":["Sword Boomerang","Blood for Blood"],"picked":"Second Wind+1","floor":42.0},{"not_picked":["Clothesline+1","Warcry+1","Clash"],"picked":"Singing Bowl","floor":44.0},{"not_picked":["Corruption","Fiend Fire","Wild Strike"],"picked":"Singing Bowl","floor":48.0},{"not_picked":["Second Wind+1","Perfected Strike","Havoc+1"],"picked":"Singing Bowl","floor":55.0}],"player_experience":2575983,"relics_obtained":[{"floor":7.0,"key":"Strawberry"},{"floor":9.0,"key":"Anchor"},{"floor":11.0,"key":"Red Skull"},{"floor":19.0,"key":"Red Mask"},{"floor":24.0,"key":"StoneCalendar"},{"floor":24.0,"key":"Toxic Egg 2"},{"floor":26.0,"key":"Kunai"},{"floor":36.0,"key":"Thread and Needle"},{"floor":40.0,"key":"Orichalcum"},{"floor":42.0,"key":"Singing Bowl"},{"floor":55.0,"key":"War Paint"}],"event_choices":[{"damage_healed":0.0,"max_hp_gain":0.0,"max_hp_loss":0.0,"gold_gain":0.0,"event_name":"Golden Idol","player_choice":"Take Damage","floor":2.0,"gold_loss":0.0,"damage_taken":26.0,"relics_obtained":["Golden Idol"]},{"damage_healed":0.0,"max_hp_gain":5.0,"max_hp_loss":0.0,"gold_gain":0.0,"event_name":"Big Fish","player_choice":"Donut","floor":4.0,"gold_loss":0.0,"damage_taken":0.0},{"damage_healed":0.0,"max_hp_gain":0.0,"max_hp_loss":0.0,"gold_gain":0.0,"event_name":"FaceTrader","player_choice":"Trade","floor":5.0,"gold_loss":0.0,"damage_taken":0.0,"relics_obtained":["SsserpentHead"]},{"damage_healed":0.0,"max_hp_gain":0.0,"max_hp_loss":0.0,"gold_gain":0.0,"event_name":"Shining Light","player_choice":"Entered Light","floor":13.0,"gold_loss":0.0,"damage_taken":29.0,"cards_upgraded":["Strike_R","Defend_R"]},{"damage_healed":0.0,"max_hp_gain":0.0,"max_hp_loss":0.0,"gold_gain":0.0,"event_name":"Liars Game","player_choice":"Ignored","floor":14.0,"gold_loss":0.0,"damage_taken":0.0},{"damage_healed":0.0,"max_hp_gain":0.0,"max_hp_loss":0.0,"gold_gain":0.0,"event_name":"Masked Bandits","player_choice":"Fought Bandits","floor":19.0,"gold_loss":0.0,"damage_taken":0.0},{"damage_healed":0.0,"max_hp_gain":0.0,"max_hp_loss":31.0,"gold_gain":0.0,"event_name":"Vampires","player_choice":"Became a vampire","floor":21.0,"gold_loss":0.0,"damage_taken":0.0,"cards_obtained":["Bite","Bite","Bite","Bite","Bite"]},{"damage_healed":0.0,"max_hp_gain":0.0,"max_hp_loss":0.0,"gold_gain":0.0,"event_name":"Colosseum","player_choice":"Fight","floor":24.0,"gold_loss":0.0,"damage_taken":0.0},{"damage_healed":0.0,"max_hp_gain":0.0,"max_hp_loss":0.0,"gold_gain":0.0,"event_name":"Colosseum","player_choice":"Fought Nobs","floor":24.0,"gold_loss":0.0,"damage_taken":0.0},{"damage_healed":16.0,"max_hp_gain":0.0,"max_hp_loss":0.0,"gold_gain":0.0,"event_name":"The Library","player_choice":"Heal","floor":25.0,"gold_loss":0.0,"damage_taken":0.0},{"damage_healed":0.0,"max_hp_gain":0.0,"max_hp_loss":0.0,"gold_gain":0.0,"event_name":"Mysterious Sphere","player_choice":"Fight","floor":36.0,"gold_loss":0.0,"damage_taken":0.0},{"damage_healed":0.0,"max_hp_gain":0.0,"max_hp_loss":0.0,"gold_gain":222.0,"event_name":"Tomb of Lord Red Mask","player_choice":"Wore Mask","floor":37.0,"gold_loss":0.0,"damage_taken":0.0},{"damage_healed":0.0,"max_hp_gain":0.0,"max_hp_loss":0.0,"gold_gain":0.0,"event_name":"Accursed Blacksmith","player_choice":"Forge","floor":38.0,"gold_loss":0.0,"damage_taken":0.0,"cards_upgraded":["Pommel Strike"]},{"damage_healed":0.0,"max_hp_gain":0.0,"max_hp_loss":0.0,"gold_gain":0.0,"event_name":"SensoryStone","player_choice":"Memory 1","floor":41.0,"gold_loss":0.0,"damage_taken":0.0}],"is_beta":false,"boss_relics":[{"not_picked":["Tiny House","Velvet Choker"],"picked":"Cursed Key"},{"not_picked":["Pandora\u0027s Box","Runic Dome"],"picked":"Coffee Dripper"}],"items_purged_floors":[27,45,46,54],"is_endless":false,"potions_floor_spawned":[1,3,7,16,18,24,31,33,35,40,42,44,55],"ascension_level":20}