{"gold_per_floor":[112,127,140,160,180,206,217,217,242,255,269,269,298,316,316,411,411,321,64,78,78,78],"floor_reached":22,"playtime":3404,"items_purged":["Strike_B"],"score":200,"play_id":"3679996e-f359-434f-a541-43c42e721d12","local_time":"20190323135548","is_ascension_mode":false,"campfire_choices":[{"data":"Loop","floor":8,"key":"SMITH"},{"floor":15,"key":"REST"}],"neow_cost":"NONE","seed_source_timestamp":708073355697800,"circlet_count":0,"master_deck":["Strike_B","Strike_B","Strike_B","Defend_B","Defend_B","Defend_B","Dualcast","Steam","Self Repair","Loop+1","Glacier","Go for the Eyes","Coolheaded","Multi-Cast+1","Double Energy+1","All For One","Hologram"],"relics":["Cracked Core","Bronze Scales","Oddly Smooth Stone","Bag of Marbles","Empty Cage"],"potions_floor_usage":[6,6,13,13,16],"damage_taken":[{"damage":0,"enemies":"2 Louse","floor":1,"turns":2},{"damage":0,"enemies":"Cultist","floor":2,"turns":4},{"damage":0,"enemies":"Small Slimes","floor":3,"turns":2},{"damage":19,"enemies":"Exordium Thugs","floor":4,"turns":5},{"damage":5,"enemies":"Looter","floor":5,"turns":3},{"damage":50,"enemies":"3 Sentries","floor":6,"turns":9},{"damage":0,"enemies":"Blue Slaver","floor":7,"turns":5},{"damage":3,"enemies":"2 Fungi Beasts","floor":10,"turns":4},{"damage":1,"enemies":"3 Louse","floor":11,"turns":4},{"damage":13,"enemies":"Gremlin Nob","floor":13,"turns":6},{"damage":11,"enemies":"Gremlin Gang","floor":14,"turns":4},{"damage":38,"enemies":"Slime Boss","floor":16,"turns":22},{"damage":26,"enemies":"2 Thieves","floor":18,"turns":5},{"damage":17,"enemies":"Chosen","floor":20,"turns":10},{"damage":34,"enemies":"Centurion and Healer","floor":22,"turns":22}],"seed_played":"7991222273146305511","potions_obtained":[{"floor":1,"key":"EssenceOfSteel"},{"floor":2,"key":"SpeedPotion"},{"floor":3,"key":"Energy Potion"},{"floor":7,"key":"Weak Potion"},{"floor":13,"key":"Fruit Juice"}],"is_trial":false,"path_per_floor":["M","M","M","M","M","E","M","R","T","M","M","?","E","M","R","B",null,"M","$","M","?","M"],"character_chosen":"DEFECT","items_purchased":["All For One","Hologram"],"campfire_rested":1,"item_purchase_floors":[19,19],"current_hp_per_floor":[82,82,82,63,65,22,29,29,29,33,39,39,33,29,53,27,87,68,68,58,58,24],"gold":78,"neow_bonus":"TEN_PERCENT_HP_BONUS","is_prod":false,"is_daily":false,"chose_seed":false,"campfire_upgraded":1,"win_rate":0.0,"timestamp":1553342148,"path_taken":["M","M","M","M","M","E","M","R","T","M","M","?","E","M","R","BOSS","M","$","M","?","M"],"build_version":"2019-01-23","purchased_purges":1,"victory":false,"max_hp_per_floor":[82,82,82,82,82,82,82,82,82,82,82,82,82,82,82,87,87,87,87,87,87,87],"card_choices":[{"not_picked":["Consume","Leap"],"picked":"Steam","floor":1},{"not_picked":["Sweeping Beam","Beam Cell","Compile Driver"],"picked":"SKIP","floor":2},{"not_picked":["Steam","Sweeping Beam","Genetic Algorithm"],"picked":"SKIP","floor":3},{"not_picked":["Coolheaded","Gash"],"picked":"Self Repair","floor":4},{"not_picked":["Chaos","Creative AI"],"picked":"Loop","floor":5},{"not_picked":["Compile Driver","Barrage"],"picked":"Glacier","floor":6},{"not_picked":["Leap","Beam Cell"],"picked":"Go for the Eyes","floor":7},{"not_picked":["Streamline","Fusion","Hello World"],"picked":"SKIP","floor":10},{"not_picked":["Fusion","Stack","Steam"],"picked":"SKIP","floor":11},{"not_picked":["Streamline","Stack","Beam Cell"],"picked":"SKIP","floor":13},{"not_picked":["Ball Lightning","Capacitor"],"picked":"Coolheaded","floor":14},{"not_picked":["Biased Cognition","Fission"],"picked":"Multi-Cast","floor":16},{"not_picked":["Sweeping Beam","Heatsinks+1"],"picked":"Double Energy+1","floor":18},{"not_picked":["Gash+1","Barrage","Streamline"],"picked":"SKIP","floor":20}],"player_experience":67079,"relics_obtained":[{"floor":6,"key":"Bronze Scales"},{"floor":9,"key":"Oddly Smooth Stone"},{"floor":13,"key":"Bag of Marbles"}],"event_choices":[{"damage_healed":0,"gold_gain":0,"player_choice":"Ignored","damage_taken":0,"max_hp_gain":0,"max_hp_loss":0,"event_name":"Golden Idol","floor":12,"gold_loss":0},{"damage_healed":0,"gold_gain":0,"player_choice":"Upgraded","damage_taken":0,"max_hp_gain":0,"max_hp_loss":0,"event_name":"Upgrade Shrine","floor":21,"gold_loss":0,"cards_upgraded":["Multi-Cast"]}],"is_beta":false,"boss_relics":[{"not_picked":["Orrery","Tiny House"],"picked":"Empty Cage"}],"items_purged_floors":[19],"is_endless":false,"potions_floor_spawned":[1,2,3,7,13],"killed_by":"Centurion and Healer","ascension_level":0}