{"gold_per_floor":[214,225,2,19,39,73,87,87,113,113,113,124,124,163,163,286,286,311,401,420,420,439,439,354,84,84,95,106,124,158,177,177,177],"floor_reached":33,"playtime":1113,"items_purged":["Defend_R","Strike_R"],"score":281,"play_id":"5971ce9e-02d5-4bb8-918c-eb446e336aec","local_time":"20181224111046","is_ascension_mode":false,"campfire_choices":[{"data":"Rampage","floor":8,"key":"SMITH"},{"data":"Bash","floor":11,"key":"SMITH"},{"floor":15,"key":"REST"},{"floor":23,"key":"REST"},{"floor":32,"key":"REST"}],"neow_cost":"NONE","seed_source_timestamp":287399431077621,"circlet_count":0,"master_deck":["Strike_R","Strike_R","Strike_R","Defend_R","Defend_R","Defend_R","Bash+1","Rampage+1","Battle Trance","Secret Weapon"],"relics":["Burning Blood","PreservedInsect","StoneCalendar","Orichalcum","Bloody Idol","Ancient Tea Set","Fusion Hammer","Bag of Marbles","Pear","Self Forming Clay"],"potions_floor_usage":[14,16,16,22,30,33],"damage_taken":[{"damage":0,"enemies":"Small Slimes","floor":1,"turns":3},{"damage":5,"enemies":"2 Louse","floor":2,"turns":3},{"damage":6,"enemies":"Cultist","floor":4,"turns":3},{"damage":11,"enemies":"Blue Slaver","floor":5,"turns":4},{"damage":22,"enemies":"Gremlin Nob","floor":6,"turns":4},{"damage":5,"enemies":"Large Slime","floor":7,"turns":5},{"damage":8,"enemies":"Exordium Wildlife","floor":12,"turns":4},{"damage":12,"enemies":"3 Sentries","floor":14,"turns":7},{"damage":30,"enemies":"Hexaghost","floor":16,"turns":8},{"damage":18,"enemies":"Spheric Guardian","floor":18,"turns":4},{"damage":18,"enemies":"2 Thieves","floor":20,"turns":4},{"damage":32,"enemies":"Centurion and Healer","floor":22,"turns":4},{"damage":16,"enemies":"3 Cultists","floor":27,"turns":5},{"damage":11,"enemies":"Snecko","floor":28,"turns":5},{"damage":21,"enemies":"Snake Plant","floor":29,"turns":3},{"damage":39,"enemies":"Book of Stabbing","floor":30,"turns":5},{"damage":8,"enemies":"3 Cultists","floor":31,"turns":5},{"damage":54,"enemies":"Champ","floor":33,"turns":5}],"seed_played":"3696139824940541948","potions_obtained":[{"floor":2,"key":"LiquidBronze"},{"floor":6,"key":"Poison Potion"},{"floor":12,"key":"Dexterity Potion"},{"floor":14,"key":"Swift Potion"},{"floor":18,"key":"BloodPotion"},{"floor":30,"key":"SteroidPotion"},{"floor":31,"key":"Strength Potion"}],"is_trial":false,"path_per_floor":["M","M","$","M","M","E","M","R","T","?","R","M","?","E","R","B",null,"M","?","M","?","M","R","?","$","T","M","M","M","E","M","R","B"],"character_chosen":"IRONCLAD","items_purchased":["PreservedInsect","Secret Weapon"],"campfire_rested":3,"item_purchase_floors":[3,25],"current_hp_per_floor":[80,80,80,80,75,59,60,60,60,60,60,58,38,32,56,32,80,68,52,40,40,19,43,43,43,53,48,48,38,19,22,49,0],"gold":177,"neow_bonus":"HUNDRED_GOLD","is_prod":false,"is_daily":false,"chose_seed":false,"campfire_upgraded":2,"win_rate":0,"timestamp":1545646246,"path_taken":["M","M","$","M","M","E","M","R","T","?","R","M","?","E","R","BOSS","M","?","?","?","M","R","?","?","T","M","M","?","E","M","R","BOSS"],"build_version":"2018-12-20","purchased_purges":2,"victory":false,"max_hp_per_floor":[80,80,80,80,80,80,80,80,80,80,80,80,80,80,80,80,80,80,80,80,80,80,80,80,80,90,90,90,90,90,90,90,90],"card_choices":[{"not_picked":["Iron Wave","Armaments","Dual Wield"],"picked":"SKIP","floor":1},{"not_picked":["Sword Boomerang","Whirlwind","Wild Strike"],"picked":"SKIP","floor":2},{"not_picked":["Warcry","Cleave","Heavy Blade"],"picked":"SKIP","floor":4},{"not_picked":["Intimidate","True Grit","Twin Strike"],"picked":"SKIP","floor":5},{"not_picked":["Battle Trance","Flame Barrier"],"picked":"Rampage","floor":6},{"not_picked":["Dual Wield","Fire Breathing","Blood for Blood"],"picked":"SKIP","floor":7},{"not_picked":["Heavy Blade","Twin Strike","Perfected Strike"],"picked":"SKIP","floor":12},{"not_picked":["Anger","Sword Boomerang","Shockwave"],"picked":"SKIP","floor":14},{"not_picked":["Twin Strike","Perfected Strike","Battle Trance"],"picked":"SKIP","floor":18},{"not_picked":["Twin Strike","Perfected Strike"],"picked":"Battle Trance","floor":18},{"not_picked":["Heavy Blade","Twin Strike","Clothesline"],"picked":"SKIP","floor":20},{"not_picked":["Uppercut","Fire Breathing","Sever Soul"],"picked":"SKIP","floor":22},{"not_picked":["Iron Wave+1","Sword Boomerang+1","Clash"],"picked":"SKIP","floor":27},{"not_picked":["Corruption","Exhume","Second Wind"],"picked":"SKIP","floor":28},{"not_picked":["Shrug It Off+1","Clash","Twin Strike+1"],"picked":"SKIP","floor":29},{"not_picked":["Clash+1","Hemokinesis","Brutality"],"picked":"SKIP","floor":30},{"not_picked":["Body Slam","Clash+1","Armaments+1"],"picked":"SKIP","floor":31}],"player_experience":382494,"relics_obtained":[{"floor":6,"key":"StoneCalendar"},{"floor":9,"key":"Orichalcum"},{"floor":14,"key":"Ancient Tea Set"},{"floor":26,"key":"Pear"},{"floor":30,"key":"Self Forming Clay"}],"event_choices":[{"cards_removed":["Strike_R"],"damage_healed":0,"gold_gain":0,"player_choice":"Forget","damage_taken":0,"max_hp_gain":0,"max_hp_loss":0,"event_name":"Living Wall","floor":10,"gold_loss":0},{"damage_healed":0,"gold_gain":0,"player_choice":"Take Damage","damage_taken":20,"relics_obtained":["Golden Idol"],"max_hp_gain":0,"max_hp_loss":0,"event_name":"Golden Idol","floor":13,"gold_loss":0},{"damage_healed":0,"gold_gain":90,"player_choice":"GOLD ","damage_taken":16,"max_hp_gain":0,"max_hp_loss":0,"event_name":"Knowing Skull","floor":19,"potions_obtained":[],"gold_loss":0,"cards_obtained":[]},{"damage_healed":0,"gold_gain":0,"player_choice":"Gave Idol","damage_taken":0,"relics_obtained":["Bloody Idol"],"max_hp_gain":0,"max_hp_loss":0,"event_name":"Forgotten Altar","floor":21,"relics_lost":["Golden Idol"],"gold_loss":0},{"damage_healed":0,"gold_gain":0,"player_choice":"Obtained Relic","damage_taken":0,"relics_obtained":["Bag of Marbles"],"max_hp_gain":0,"max_hp_loss":0,"event_name":"Addict","floor":24,"gold_loss":85}],"is_beta":false,"boss_relics":[{"not_picked":["White Beast Statue","Ectoplasm"],"picked":"Fusion Hammer"}],"items_purged_floors":[3,25],"is_endless":false,"potions_floor_spawned":[2,6,12,14,18,30,31],"killed_by":"Champ","ascension_level":0}