{"gold_per_floor":[117,137,137,148,68,96,96,121,121,121,139,168,187,112,112,190,190,210,223,5,5,5,5,5,5,5,21,56,56,69,98,98,98],"floor_reached":33,"playtime":1642,"items_purged":["Strike_G","Strike_G"],"score":530,"play_id":"1a52b2ca-1c2e-4b69-b6c9-32054519aa7d","local_time":"20181227174517","is_ascension_mode":true,"campfire_choices":[{"data":"Neutralize","floor":7.0,"key":"SMITH"},{"data":"Noxious Fumes","floor":10.0,"key":"SMITH"},{"data":"Terror","floor":15.0,"key":"SMITH"},{"data":"Malaise","floor":23.0,"key":"SMITH"},{"data":"Cloak And Dagger","floor":25.0,"key":"SMITH"},{"floor":32,"key":"REST"}],"neow_cost":"CURSE","seed_source_timestamp":32898547484982,"circlet_count":0,"master_deck":["AscendersBane","Defend_G+1","Defend_G","Defend_G","Defend_G","Defend_G","Strike_G","Strike_G","Survivor+1","Neutralize+1","Parasite","After Image","Leg Sweep","Dagger Throw","Dagger Throw","Noxious Fumes+1","Backstab","Terror+1","Malaise+1","Leg Sweep","Cloak And Dagger+1","Well Laid Plans","Prepared+1"],"special_seed":0,"relics":["Ring of the Snake","Bronze Scales","Letter Opener","War Paint","Strawberry","Busted Crown","Smiling Mask","Mercury Hourglass"],"potions_floor_usage":[31,33],"damage_taken":[{"damage":5.0,"enemies":"Small Slimes","floor":1.0,"turns":4.0},{"damage":0.0,"enemies":"Cultist","floor":2.0,"turns":5.0},{"damage":0.0,"enemies":"2 Louse","floor":4.0,"turns":4.0},{"damage":6.0,"enemies":"Lagavulin","floor":6.0,"turns":9.0},{"damage":25.0,"enemies":"3 Sentries","floor":8.0,"turns":9.0},{"damage":0.0,"enemies":"2 Fungi Beasts","floor":11.0,"turns":4.0},{"damage":6.0,"enemies":"Lagavulin","floor":12.0,"turns":8.0},{"damage":0.0,"enemies":"Looter","floor":13.0,"turns":3.0},{"damage":9.0,"enemies":"Slime Boss","floor":16.0,"turns":11.0},{"damage":0.0,"enemies":"3 Byrds","floor":18.0,"turns":2.0},{"damage":0.0,"enemies":"Shell Parasite","floor":19.0,"turns":6.0},{"damage":0.0,"enemies":"Colosseum Slavers","floor":21.0,"turns":6.0},{"damage":0.0,"enemies":"Shelled Parasite and Fungi","floor":27.0,"turns":6.0},{"damage":2.0,"enemies":"Book of Stabbing","floor":28.0,"turns":8.0},{"damage":0,"enemies":"Snecko","floor":30,"turns":8},{"damage":3,"enemies":"Slavers","floor":31,"turns":6},{"damage":66,"enemies":"Champ","floor":33,"turns":16}],"seed_played":"1055536366429285097","potions_obtained":[{"floor":2.0,"key":"Block Potion"},{"floor":3.0,"key":"Regen Potion"},{"floor":8.0,"key":"Swift Potion"},{"floor":27.0,"key":"SteroidPotion"},{"floor":31,"key":"SteroidPotion"}],"is_trial":false,"path_per_floor":["M","M","?","M","$","E","R","E","T","R","M","E","M","$","R","B",null,"M","M","$","?","?","R","?","R","T","M","E","?","M","E","R","B"],"character_chosen":"THE_SILENT","items_purchased":["Noxious Fumes","Cloak And Dagger","Well Laid Plans"],"campfire_rested":1,"item_purchase_floors":[5,20,20],"current_hp_per_floor":[54,54,54,54,54,48,48,38,38,38,38,39,39,39,39,30,62,62,62,62,62,41,41,41,41,41,41,39,39,39,36,59,0],"gold":98,"neow_bonus":"THREE_RARE_CARDS","is_prod":false,"is_daily":false,"chose_seed":false,"campfire_upgraded":5,"win_rate":0,"timestamp":1545961517,"path_taken":["M","M","?","?","?","E","R","E","T","R","M","E","M","$","R","BOSS","M","M","$","?","?","R","?","R","T","?","E","?","M","E","R","BOSS"],"build_version":"2018-12-20","purchased_purges":2,"victory":false,"max_hp_per_floor":[66,66,66,66,66,66,66,66,66,66,66,73,73,73,73,73,73,73,73,73,73,78,78,78,78,78,78,78,78,78,78,78,78],"card_choices":[{"not_picked":["Bullet Time","Burst"],"picked":"After Image","floor":0.0},{"not_picked":["Skewer","Bane"],"picked":"Leg Sweep","floor":1.0},{"not_picked":["Deadly Poison","Acrobatics"],"picked":"Dagger Throw","floor":2.0},{"not_picked":["Concentrate","Underhanded Strike"],"picked":"Dagger Throw","floor":4.0},{"not_picked":["Heel Hook","Glass Knife"],"picked":"Backstab","floor":6.0},{"not_picked":["Outmaneuver","Eviscerate","Riddle With Holes"],"picked":"SKIP","floor":8.0},{"not_picked":["Acrobatics","Caltrops","Backflip"],"picked":"SKIP","floor":11.0},{"not_picked":["Reflex","Poisoned Stab"],"picked":"Terror","floor":12.0},{"not_picked":["Dagger Throw","Deadly Poison","All Out Attack"],"picked":"SKIP","floor":13.0},{"not_picked":["Wraith Form v2","Unload"],"picked":"Malaise","floor":16.0},{"not_picked":["Eviscerate"],"picked":"SKIP","floor":18.0},{"not_picked":[],"picked":"Leg Sweep","floor":19.0},{"not_picked":["Reflex"],"picked":"SKIP","floor":27.0},{"not_picked":[],"picked":"Prepared+1","floor":28.0},{"not_picked":["Blade Dance"],"picked":"SKIP","floor":30},{"not_picked":["Blade Dance"],"picked":"SKIP","floor":31}],"player_experience":1894688,"relics_obtained":[{"floor":6.0,"key":"Bronze Scales"},{"floor":8.0,"key":"Letter Opener"},{"floor":9.0,"key":"War Paint"},{"floor":12.0,"key":"Strawberry"},{"floor":28.0,"key":"Smiling Mask"},{"floor":31,"key":"Mercury Hourglass"}],"event_choices":[{"damage_healed":0.0,"max_hp_gain":0.0,"max_hp_loss":0.0,"gold_gain":0.0,"event_name":"Lab","player_choice":"Got Potions","floor":3.0,"gold_loss":0.0,"damage_taken":0.0},{"damage_healed":0.0,"max_hp_gain":0.0,"max_hp_loss":0.0,"gold_gain":0.0,"event_name":"Colosseum","player_choice":"Fight","floor":21.0,"gold_loss":0.0,"damage_taken":0.0},{"damage_healed":0.0,"max_hp_gain":0.0,"max_hp_loss":0.0,"gold_gain":0.0,"event_name":"Colosseum","player_choice":"Fled From Nobs","floor":21.0,"gold_loss":0.0,"damage_taken":0.0},{"damage_healed":0.0,"max_hp_gain":5.0,"max_hp_loss":0.0,"gold_gain":0.0,"event_name":"Forgotten Altar","player_choice":"Shed Blood","floor":22.0,"gold_loss":0.0,"damage_taken":26.0},{"cards_removed":["Strike_G"],"damage_healed":0.0,"max_hp_gain":0.0,"max_hp_loss":0.0,"gold_gain":0.0,"event_name":"Purifier","player_choice":"Purged","floor":24.0,"gold_loss":0.0,"damage_taken":0.0},{"damage_healed":0,"gold_gain":0,"player_choice":"Ignored","damage_taken":0,"max_hp_gain":0,"max_hp_loss":0,"event_name":"The Mausoleum","floor":29,"gold_loss":0}],"is_beta":false,"boss_relics":[{"not_picked":["Eternal Feather","Runic Dome"],"picked":"Busted Crown"}],"items_purged_floors":[14,20],"is_endless":false,"potions_floor_spawned":[2,6,8,13,16,18,21,27,30,31],"killed_by":"Champ","ascension_level":15}