{"gold_per_floor":[115,132,282,282,302,329,329,341,366,378,378,378,21,53,65,77],"floor_reached":16,"playtime":509,"items_purged":["Doubt"],"score":220,"play_id":"41de1cbe-1a29-4a7e-b2b6-6db5cb21a9c7","local_time":"20190318232758","is_ascension_mode":true,"campfire_choices":[{"floor":7.0,"key":"REST"},{"data":"Beam Cell","floor":12.0,"key":"SMITH"},{"data":"Skim","floor":15.0,"key":"SMITH"}],"neow_cost":"NONE","seed_source_timestamp":0,"circlet_count":0,"master_deck":["AscendersBane","Strike_B","Strike_B","Strike_B","Strike_B","Defend_B","Defend_B","Defend_B","Defend_B","Zap","Dualcast","Gash","Gash","Beam Cell+1","Skim+1","White Noise","Cold Snap","Gash","Parasite","Leap+1"],"special_seed":0,"relics":["Runic Dome","Dream Catcher","DataDisk","Toxic Egg 2","MawBank"],"potions_floor_usage":[16],"damage_taken":[{"damage":2.0,"enemies":"2 Louse","floor":1.0,"turns":3.0},{"damage":9.0,"enemies":"Jaw Worm","floor":2.0,"turns":3.0},{"damage":12.0,"enemies":"Small Slimes","floor":5.0,"turns":4.0},{"damage":37.0,"enemies":"Gremlin Nob","floor":6.0,"turns":5.0},{"damage":16.0,"enemies":"3 Louse","floor":8.0,"turns":4.0},{"damage":11.0,"enemies":"Exordium Wildlife","floor":10.0,"turns":5.0},{"damage":27.0,"enemies":"3 Sentries","floor":14.0,"turns":9.0},{"damage":14,"enemies":"Hexaghost","floor":16,"turns":8}],"seed_played":"6131096841094066357","potions_obtained":[{"floor":1.0,"key":"Weak Potion"},{"floor":5.0,"key":"Ancient Potion"},{"floor":8.0,"key":"LiquidBronze"}],"is_trial":false,"path_per_floor":["M","M","?","?","M","E","R","M","T","M","?","R","$","E","R","B"],"character_chosen":"DEFECT","items_purchased":["Toxic Egg 2"],"campfire_rested":1,"item_purchase_floors":[13],"current_hp_per_floor":[62,53,53,71,59,22,43,27,27,16,33,33,33,6,6,0],"gold":77,"neow_bonus":"BOSS_RELIC","is_prod":false,"is_daily":false,"chose_seed":true,"campfire_upgraded":2,"win_rate":0,"timestamp":1552922878,"path_taken":["M","M","?","?","M","E","R","M","T","M","?","R","$","E","R","BOSS"],"build_version":"2019-01-23","purchased_purges":1,"victory":false,"max_hp_per_floor":[71,71,71,71,71,71,71,71,71,71,71,71,71,71,71,71],"card_choices":[{"not_picked":["Rip and Tear","Aggregate"],"picked":"Gash","floor":1.0},{"not_picked":["Cold Snap","Steam"],"picked":"Gash","floor":2.0},{"not_picked":["Rebound","Barrage"],"picked":"Beam Cell","floor":5.0},{"not_picked":["Machine Learning","Redo"],"picked":"Skim","floor":6.0},{"not_picked":["Redo","Scrape"],"picked":"White Noise","floor":7.0},{"not_picked":["Double Energy","Barrage"],"picked":"Cold Snap","floor":8.0},{"not_picked":["Doom and Gloom","Rebound"],"picked":"Gash","floor":10.0},{"not_picked":["Tempest+1","Rip and Tear"],"picked":"Leap+1","floor":14.0}],"player_experience":2860267,"relics_obtained":[{"floor":6.0,"key":"Dream Catcher"},{"floor":9.0,"key":"DataDisk"},{"floor":14.0,"key":"MawBank"}],"event_choices":[{"damage_healed":0.0,"max_hp_gain":0.0,"max_hp_loss":0.0,"gold_gain":150.0,"event_name":"Liars Game","player_choice":"AGREE","floor":3.0,"gold_loss":0.0,"damage_taken":0.0,"cards_obtained":["Doubt"]},{"damage_healed":23.0,"max_hp_gain":0.0,"max_hp_loss":0.0,"gold_gain":0.0,"event_name":"Big Fish","player_choice":"Banana","floor":4.0,"gold_loss":0.0,"damage_taken":0.0},{"damage_healed":17.0,"max_hp_gain":0.0,"max_hp_loss":0.0,"gold_gain":0.0,"event_name":"Mushrooms","player_choice":"Healed and dodged fight","floor":11.0,"gold_loss":0.0,"damage_taken":0.0,"cards_obtained":["Parasite"]}],"is_beta":false,"boss_relics":[],"items_purged_floors":[13],"is_endless":false,"potions_floor_spawned":[1,5,8],"killed_by":"Hexaghost","ascension_level":20}