{"gold_per_floor":[110,60,73,73,73,73,91,120,120,45,45,78,78,96,96,224,224,243,256,31,55,70,70,70,70,95,109,109,126,126,49,49,154,154,172,0,45,59,23,23],"floor_reached":40,"playtime":3976,"items_purged":["Injury"],"score":384,"play_id":"eb7ec459-396f-4b0b-96ad-e4cf4704d5e8","local_time":"20190507123957","is_ascension_mode":false,"campfire_choices":[{"data":"Power Through","floor":6,"key":"SMITH"},{"data":"True Grit","floor":11,"key":"SMITH"},{"data":"True Grit","floor":13,"key":"SMITH"},{"floor":15,"key":"REST"},{"data":"Heavy Blade","floor":23,"key":"SMITH"},{"data":"Flex","floor":25,"key":"SMITH"},{"data":"Rampage","floor":30,"key":"SMITH"},{"data":"Body Slam","floor":32,"key":"SMITH"}],"neow_cost":"NONE","seed_source_timestamp":73539546991986,"circlet_count":0,"master_deck":["Strike_R","Strike_R","Strike_R","Strike_R","Strike_R","Defend_R","Defend_R","Bash+1","Power Through+1","Rampage+1","Headbutt","True Grit+1","True Grit+1","Flex+1","Demon Form+1","Inflame+1","Armaments+1","Heavy Blade+1","Headbutt","Pommel Strike","Body Slam+1","Intimidate+1","Power Through"],"relics":["Black Blood","Bloody Idol","Odd Mushroom","Frozen Egg 2","Thread and Needle","Busted Crown","Happy Flower","MutagenicStrength","Boot","Red Mask","Ginger"],"potions_floor_usage":[8,14,16,21,33,35],"damage_taken":[{"damage":5,"enemies":"Cultist","floor":1,"turns":4},{"damage":0,"enemies":"2 Louse","floor":3,"turns":2},{"damage":8,"enemies":"Small Slimes","floor":7,"turns":3},{"damage":9,"enemies":"The Mushroom Lair","floor":8,"turns":4},{"damage":26,"enemies":"3 Sentries","floor":12,"turns":8},{"damage":0,"enemies":"3 Louse","floor":14,"turns":3},{"damage":45,"enemies":"The Guardian","floor":16,"turns":10},{"damage":0,"enemies":"Shell Parasite","floor":18,"turns":4},{"damage":1,"enemies":"Chosen","floor":19,"turns":4},{"damage":22,"enemies":"Snake Plant","floor":21,"turns":4},{"damage":2,"enemies":"Cultist and Chosen","floor":22,"turns":6},{"damage":0,"enemies":"Centurion and Healer","floor":27,"turns":5},{"damage":12,"enemies":"Snake Plant","floor":29,"turns":4},{"damage":35,"enemies":"Automaton","floor":33,"turns":8},{"damage":11,"enemies":"Orb Walker","floor":35,"turns":3},{"damage":40,"enemies":"2 Orb Walkers","floor":37,"turns":5},{"damage":24,"enemies":"3 Darklings","floor":38,"turns":6},{"damage":60,"enemies":"Giant Head","floor":40,"turns":8}],"seed_played":"-1472015085967428870","potions_obtained":[{"floor":3,"key":"Strength Potion"},{"floor":12,"key":"FearPotion"},{"floor":14,"key":"Block Potion"},{"floor":18,"key":"Strength Potion"},{"floor":29,"key":"Block Potion"},{"floor":33,"key":"Fire Potion"}],"is_trial":false,"path_per_floor":["M","?","M","?","?","R","M","?","T","$","R","E","R","M","R","B",null,"M","M","$","M","M","R","?","R","T","M","?","M","R","$","R","B",null,"M","?","?","M","$","E"],"character_chosen":"IRONCLAD","items_purchased":["Inflame+1","Happy Flower","Pommel Strike","Body Slam","Power Through"],"campfire_rested":1,"item_purchase_floors":[20,20,31,31,39],"current_hp_per_floor":[80,80,80,73,73,73,71,68,68,68,68,48,48,54,78,39,80,80,80,80,64,68,68,68,68,68,74,74,73,73,73,73,49,80,80,80,55,46,46,0],"gold":23,"neow_bonus":"UPGRADE_CARD","is_prod":false,"is_daily":false,"chose_seed":false,"campfire_upgraded":7,"win_rate":0.0,"timestamp":1557200397,"path_taken":["M","?","M","?","?","R","M","?","T","?","R","E","R","M","R","BOSS","M","M","$","M","M","R","?","R","T","M","?","M","R","$","R","BOSS","M","?","?","?","$","E"],"build_version":"2019-01-23","purchased_purges":1,"victory":false,"max_hp_per_floor":[80,80,80,80,80,80,80,80,80,80,80,80,80,80,80,80,80,80,80,80,80,80,80,80,80,80,80,80,80,80,80,80,80,80,80,80,80,80,80,80],"card_choices":[{"not_picked":["Anger","Thunderclap"],"picked":"Power Through","floor":1},{"not_picked":["Infernal Blade","Rage"],"picked":"Rampage","floor":3},{"not_picked":["Havoc","Inflame"],"picked":"Headbutt","floor":7},{"not_picked":["Berserk","Heavy Blade"],"picked":"True Grit","floor":8},{"not_picked":["Reaper","Heavy Blade"],"picked":"True Grit","floor":12},{"not_picked":["Entrench","Havoc"],"picked":"Flex","floor":14},{"not_picked":["Juggernaut+1","Impervious"],"picked":"Demon Form+1","floor":16},{"not_picked":["Flex"],"picked":"SKIP","floor":18},{"not_picked":["Blood for Blood"],"picked":"SKIP","floor":19},{"not_picked":[],"picked":"Armaments+1","floor":21},{"not_picked":[],"picked":"Heavy Blade","floor":22},{"not_picked":[],"picked":"Headbutt","floor":27},{"not_picked":["Thunderclap"],"picked":"SKIP","floor":29},{"not_picked":["Thunderclap"],"picked":"SKIP","floor":29},{"not_picked":[],"picked":"Intimidate+1","floor":35},{"not_picked":["Hemokinesis"],"picked":"SKIP","floor":38}],"player_experience":43431,"relics_obtained":[{"floor":8,"key":"Odd Mushroom"},{"floor":9,"key":"Frozen Egg 2"},{"floor":12,"key":"Thread and Needle"},{"floor":26,"key":"Boot"},{"floor":37,"key":"Ginger"}],"event_choices":[{"cards_removed":["Defend_R"],"damage_healed":0,"gold_gain":0,"player_choice":"Card Removal","damage_taken":0,"max_hp_gain":0,"max_hp_loss":0,"event_name":"The Cleric","floor":2,"gold_loss":50},{"cards_removed":["Defend_R"],"damage_healed":0,"gold_gain":0,"player_choice":"Card Removal","damage_taken":7,"max_hp_gain":0,"max_hp_loss":0,"event_name":"Golden Wing","floor":4,"gold_loss":0},{"damage_healed":0,"gold_gain":0,"player_choice":"Take Wound","damage_taken":0,"relics_obtained":["Golden Idol"],"max_hp_gain":0,"max_hp_loss":0,"event_name":"Golden Idol","floor":5,"gold_loss":0,"cards_obtained":["Injury"]},{"damage_healed":0,"gold_gain":0,"player_choice":"Fought Mushrooms","damage_taken":0,"max_hp_gain":0,"max_hp_loss":0,"event_name":"Mushrooms","floor":8,"gold_loss":0},{"damage_healed":0,"gold_gain":0,"player_choice":"Inject Mutagens","damage_taken":0,"relics_obtained":["MutagenicStrength"],"max_hp_gain":0,"max_hp_loss":0,"event_name":"Drug Dealer","floor":24,"gold_loss":0},{"damage_healed":0,"gold_gain":0,"player_choice":"Gave Idol","damage_taken":0,"relics_obtained":["Bloody Idol"],"max_hp_gain":0,"max_hp_loss":0,"event_name":"Forgotten Altar","floor":28,"relics_lost":["Golden Idol"],"gold_loss":0},{"damage_healed":0,"gold_gain":0,"player_choice":"Paid","damage_taken":0,"relics_obtained":["Red Mask"],"max_hp_gain":0,"max_hp_loss":0,"event_name":"Tomb of Lord Red Mask","floor":36,"gold_loss":172},{"damage_healed":0,"gold_gain":0,"player_choice":"Fight","damage_taken":0,"max_hp_gain":0,"max_hp_loss":0,"event_name":"Mysterious Sphere","floor":37,"gold_loss":0}],"is_beta":false,"boss_relics":[{"not_picked":["Black Star","Coffee Dripper"],"picked":"Busted Crown"},{"not_picked":["Eternal Feather","Philosopher\u0027s Stone"],"picked":"Black Blood"}],"items_purged_floors":[10],"is_endless":false,"potions_floor_spawned":[3,12,14,18,29,33],"killed_by":"Giant Head","ascension_level":0}