{"gold_per_floor":[15,34,34,34,50,79,79,79,79,96,96,96,108,122,122,218,218,237,250,250,262,274,293,293],"floor_reached":24,"playtime":914,"items_purged":[],"score":202,"play_id":"50fd870c-5393-415f-b6d9-9145f50ae922","local_time":"25611101220630","is_ascension_mode":false,"campfire_choices":[{"data":"Redo","floor":12,"key":"SMITH"},{"data":"Zap","floor":15,"key":"SMITH"}],"neow_cost":"NO_GOLD","seed_source_timestamp":25099295355364,"circlet_count":0,"master_deck":["Strike_B","Strike_B","Strike_B","Defend_B","Defend_B","Defend_B","Defend_B","Zap+1","Dualcast","Dramatic Entrance","Trip","Leap","Auto Shields","Self Repair","Self Repair","Redo+1","Gash","Tempest","Buffer","Redo+1","Conserve Battery","Streamline","Chaos+1"],"relics":["Cracked Core","WarpedTongs","Gambling Chip","Letter Opener","Gremlin Horn","Philosopher\u0027s Stone","Kunai"],"potions_floor_usage":[6,18,19,22,22,24],"damage_taken":[{"damage":10,"enemies":"Small Slimes","floor":1,"turns":3},{"damage":0,"enemies":"Cultist","floor":2,"turns":4},{"damage":0,"enemies":"2 Louse","floor":5,"turns":2},{"damage":12,"enemies":"3 Sentries","floor":6,"turns":7},{"damage":2,"enemies":"Looter","floor":10,"turns":3},{"damage":7,"enemies":"3 Louse","floor":13,"turns":2},{"damage":0,"enemies":"Large Slime","floor":14,"turns":4},{"damage":21,"enemies":"Slime Boss","floor":16,"turns":8},{"damage":23,"enemies":"2 Thieves","floor":18,"turns":4},{"damage":0,"enemies":"Chosen","floor":19,"turns":4},{"damage":42,"enemies":"3 Cultists","floor":21,"turns":4},{"damage":13,"enemies":"Centurion and Healer","floor":22,"turns":4},{"damage":7,"enemies":"Snecko","floor":23,"turns":3},{"damage":68,"enemies":"Slavers","floor":24,"turns":3}],"seed_played":"-3842566197822183909","potions_obtained":[{"floor":1,"key":"Block Potion"},{"floor":10,"key":"GamblersBrew"},{"floor":13,"key":"Regen Potion"},{"floor":14,"key":"GamblersBrew"},{"floor":18,"key":"PowerPotion"},{"floor":19,"key":"SkillPotion"},{"floor":23,"key":"FearPotion"}],"is_trial":false,"path_per_floor":["M","M","?","?","M","E","?","?","T","M","T","R","M","M","R","B",null,"M","M","?","M","M","M"],"character_chosen":"DEFECT","items_purchased":[],"campfire_rested":0,"item_purchase_floors":[],"current_hp_per_floor":[65,65,65,65,65,60,60,60,60,72,72,72,75,75,75,61,75,66,75,75,53,66,66,0],"gold":293,"neow_bonus":"RANDOM_COLORLESS_2","is_prod":false,"is_daily":false,"chose_seed":false,"campfire_upgraded":2,"win_rate":0.0,"timestamp":1541084790,"path_taken":["M","M","?","?","M","E","?","?","T","M","?","R","?","M","R","BOSS","M","M","?","M","M","M","E"],"build_version":"2018-10-25v2","purchased_purges":0,"victory":false,"max_hp_per_floor":[75,75,75,75,75,75,75,75,75,75,75,75,75,75,75,75,75,75,75,75,75,75,75,75],"card_choices":[{"not_picked":["Steam Power","Steam"],"picked":"Leap","floor":1},{"not_picked":["Sweeping Beam","Ball Lightning"],"picked":"Auto Shields","floor":2},{"not_picked":["Thunder Strike","Go for the Eyes"],"picked":"Self Repair","floor":5},{"not_picked":["Coolheaded","Stack"],"picked":"Self Repair","floor":6},{"not_picked":["Cold Snap","Rip and Tear"],"picked":"Gash","floor":10},{"not_picked":["Beam Cell","Gash","Melter"],"picked":"SKIP","floor":13},{"not_picked":["Compile Driver","Double Energy"],"picked":"Tempest","floor":14},{"not_picked":["Biased Cognition","Seek"],"picked":"Buffer","floor":16},{"not_picked":["Hologram+1","Barrage"],"picked":"Redo+1","floor":18},{"not_picked":["Leap","Steam"],"picked":"Conserve Battery","floor":19},{"not_picked":["Genetic Algorithm","Steam"],"picked":"Streamline","floor":21},{"not_picked":["Beam Cell","Steam"],"picked":"Chaos+1","floor":22},{"not_picked":["Hologram","Barrage","Storm"],"picked":"SKIP","floor":23}],"player_experience":36106,"relics_obtained":[{"floor":6,"key":"Gambling Chip"},{"floor":9,"key":"Letter Opener"},{"floor":11,"key":"Gremlin Horn"}],"event_choices":[{"damage_healed":0,"gold_gain":0,"player_choice":"Rummage","damage_taken":0,"relics_obtained":["WarpedTongs"],"max_hp_gain":0,"max_hp_loss":0,"event_name":"Accursed Blacksmith","floor":3,"gold_loss":0,"cards_obtained":["Pain"]},{"damage_healed":0,"gold_gain":0,"player_choice":"Ignored","damage_taken":0,"max_hp_gain":0,"max_hp_loss":0,"event_name":"Liars Game","floor":4,"gold_loss":0},{"cards_removed":["Pain"],"damage_healed":0,"gold_gain":0,"player_choice":"Purged","damage_taken":0,"max_hp_gain":0,"max_hp_loss":0,"event_name":"Purifier","floor":7,"gold_loss":0},{"damage_healed":0,"gold_gain":0,"cards_transformed":["Strike_B"],"player_choice":"Transformed","damage_taken":0,"max_hp_gain":0,"max_hp_loss":0,"event_name":"Transmorgrifier","floor":8,"gold_loss":0,"cards_obtained":["Redo"]},{"damage_healed":0,"gold_gain":0,"player_choice":"Opened","damage_taken":0,"relics_obtained":["Kunai"],"max_hp_gain":0,"max_hp_loss":0,"event_name":"The Mausoleum","floor":20,"gold_loss":0}],"is_beta":false,"boss_relics":[{"not_picked":["Lizard Tail","Snecko Eye"],"picked":"Philosopher\u0027s Stone"}],"items_purged_floors":[],"is_endless":false,"potions_floor_spawned":[1,10,13,14,18,19,23],"killed_by":"Slavers","ascension_level":0}