{"gold_per_floor":[12,22,37,112,35,35,70,70,70,70,89,108,185,197,197,296,296,312,332,332,332,39,71,71,82,82,82,101,116,134,145,145,248,248,261,64,83,103,117,117,144,144,171,204,223,323,358,371,371,371,371,371,22,54,66],"floor_reached":55,"playtime":2067,"items_purged":[],"score":838,"play_id":"3234d716-4b58-4441-9d8d-bd1afe92119d","local_time":"20181202130701","is_ascension_mode":false,"campfire_choices":[{"data":"Fiend Fire","floor":6,"key":"SMITH"},{"data":"Spot Weakness","floor":8,"key":"SMITH"},{"data":"Clothesline","floor":10,"key":"SMITH"},{"data":"Metallicize","floor":15,"key":"SMITH"},{"data":"Metallicize","floor":24,"key":"SMITH"},{"floor":27,"key":"RECALL"},{"data":"Immolate","floor":32,"key":"SMITH"},{"floor":40,"key":"REST"},{"data":"Double Tap","floor":42,"key":"SMITH"},{"data":"Disarm","floor":49,"key":"SMITH"},{"data":"Pummel","floor":52,"key":"SMITH"}],"neow_cost":"NO_GOLD","seed_source_timestamp":554883837923634,"circlet_count":0,"master_deck":["Strike_R","Strike_R","Strike_R","Strike_R","Strike_R","Defend_R","Defend_R","Defend_R","Defend_R","Bash","Fiend Fire+1","Thunderclap","Iron Wave","Battle Trance","Spot Weakness+1","Clothesline+1","Metallicize+1","Warcry","Disarm+1","Double Tap+1","Metallicize+1","Shame","Headbutt","Twin Strike","Perfected Strike+1","Immolate+1","Twin Strike","Offering","Twin Strike+1","Perfected Strike+1","Flame Barrier+1","Armaments+1","Pummel+1","Shrug It Off+1","Dual Wield+1","Offering"],"relics":["Burning Blood","StoneCalendar","Nunchaku","Philosopher\u0027s Stone","Blood Vial","MutagenicStrength","Magic Flower","Anchor","PreservedInsect","Snecko Eye","DollysMirror","Darkstone Periapt","Bag of Preparation","Du-Vu Doll","Paper Frog","Brimstone","MawBank"],"potions_floor_usage":[11,19,23,28,30,33,33,41,50,50,50],"damage_taken":[{"damage":0,"enemies":"Small Slimes","floor":1,"turns":3},{"damage":1,"enemies":"2 Louse","floor":2,"turns":2},{"damage":6,"enemies":"Jaw Worm","floor":3,"turns":2},{"damage":26,"enemies":"3 Sentries","floor":7,"turns":8},{"damage":1,"enemies":"Exordium Wildlife","floor":11,"turns":3},{"damage":10,"enemies":"Looter","floor":12,"turns":2},{"damage":9,"enemies":"Large Slime","floor":14,"turns":4},{"damage":22,"enemies":"Hexaghost","floor":16,"turns":12},{"damage":0,"enemies":"Spheric Guardian","floor":18,"turns":1},{"damage":34,"enemies":"2 Thieves","floor":19,"turns":4},{"damage":25,"enemies":"Gremlin Leader","floor":23,"turns":5},{"damage":10,"enemies":"Cultist and Chosen","floor":25,"turns":7},{"damage":7,"enemies":"Snecko","floor":28,"turns":3},{"damage":17,"enemies":"3 Cultists","floor":29,"turns":4},{"damage":3,"enemies":"Cultist and Chosen","floor":30,"turns":6},{"damage":9,"enemies":"Centurion and Healer","floor":31,"turns":3},{"damage":48,"enemies":"Collector","floor":33,"turns":7},{"damage":5,"enemies":"3 Shapes","floor":35,"turns":3},{"damage":0,"enemies":"Orb Walker","floor":37,"turns":1},{"damage":0,"enemies":"4 Shapes","floor":38,"turns":2},{"damage":44,"enemies":"Maw","floor":39,"turns":5},{"damage":0,"enemies":"Reptomancer","floor":41,"turns":3},{"damage":39,"enemies":"Nemesis","floor":44,"turns":5},{"damage":7,"enemies":"Spire Growth","floor":45,"turns":3},{"damage":4,"enemies":"Mind Bloom Boss Battle","floor":46,"turns":3},{"damage":26,"enemies":"Giant Head","floor":47,"turns":4},{"damage":3,"enemies":"4 Shapes","floor":48,"turns":3},{"damage":28,"enemies":"Time Eater","floor":50,"turns":5},{"damage":4,"enemies":"Shield and Spear","floor":54,"turns":3},{"damage":99,"enemies":"The Heart","floor":55,"turns":3}],"seed_played":"1272890754155192651","potions_obtained":[{"floor":1,"key":"BloodPotion"},{"floor":3,"key":"SkillPotion"},{"floor":14,"key":"Ancient Potion"},{"floor":18,"key":"Energy Potion"},{"floor":28,"key":"Swift Potion"},{"floor":29,"key":"Regen Potion"},{"floor":31,"key":"SneckoOil"},{"floor":35,"key":"Poison Potion"},{"floor":39,"key":"GamblersBrew"},{"floor":44,"key":"FearPotion"},{"floor":45,"key":"Regen Potion"},{"floor":46,"key":"FairyPotion"},{"floor":48,"key":"Fruit Juice"}],"is_trial":false,"path_per_floor":["M","M","M","?","$","R","E","R","T","R","M","M","?","M","R","B",null,"M","M","?","?","$","E","R","M","T","R","M","M","M","M","R","B",null,"M","$","M","M","M","R","E","R","T","E","M","?","E","M","R","B",null,"R","$","E","B"],"character_chosen":"IRONCLAD","items_purchased":["Spot Weakness","Magic Flower","DollysMirror","Brimstone","Offering"],"campfire_rested":1,"item_purchase_floors":[5,22,36,53,53],"current_hp_per_floor":[80,80,80,69,69,69,49,49,49,49,54,50,50,47,47,31,80,80,60,60,60,60,47,47,49,49,49,54,49,80,80,80,41,80,80,80,80,80,45,69,80,80,80,50,55,63,49,58,58,72,85,85,85,85,0],"gold":66,"neow_bonus":"THREE_RARE_CARDS","is_prod":false,"is_daily":false,"chose_seed":false,"campfire_upgraded":9,"win_rate":0,"timestamp":1543752421,"path_taken":["M","M","M","?","$","R","E","R","T","R","M","M","?","M","R","BOSS","M","M","?","?","$","E","R","M","T","R","M","M","M","M","R","BOSS","M","$","M","M","M","R","E","R","T","E","M","?","E","M","R","BOSS","R","$","E","BOSS"],"build_version":"2018-11-15","purchased_purges":0,"victory":false,"max_hp_per_floor":[80,80,80,80,80,80,80,80,80,80,80,80,80,80,80,80,80,80,80,80,80,80,80,80,80,80,80,80,80,80,80,80,80,80,80,80,80,80,80,80,80,80,80,80,80,80,80,80,80,85,85,85,85,85,85],"card_choices":[{"not_picked":["Exhume","Bludgeon"],"picked":"Fiend Fire","floor":0},{"not_picked":["Burning Pact","Iron Wave"],"picked":"Thunderclap","floor":1},{"not_picked":["Thunderclap","Combust"],"picked":"Iron Wave","floor":2},{"not_picked":["Shrug It Off","True Grit"],"picked":"Battle Trance","floor":3},{"not_picked":["Brutality","Body Slam"],"picked":"Clothesline","floor":7},{"not_picked":["Spot Weakness","Rage"],"picked":"Metallicize","floor":11},{"not_picked":["Clash","Armaments"],"picked":"Warcry","floor":12},{"not_picked":["Perfected Strike","Offering"],"picked":"Disarm","floor":14},{"not_picked":["Bludgeon","Limit Break"],"picked":"Double Tap","floor":16},{"not_picked":["Shrug It Off+1","Pommel Strike+1"],"picked":"Metallicize","floor":18},{"not_picked":["Reckless Charge","Thunderclap","Heavy Blade"],"picked":"SKIP","floor":19},{"not_picked":["Armaments","Dropkick"],"picked":"Headbutt","floor":23},{"not_picked":["Sword Boomerang","Headbutt"],"picked":"Twin Strike","floor":25},{"not_picked":["Disarm","Feel No Pain"],"picked":"Perfected Strike+1","floor":28},{"not_picked":["Iron Wave+1","Headbutt"],"picked":"Immolate","floor":29},{"not_picked":["Heavy Blade","Body Slam"],"picked":"Twin Strike","floor":30},{"not_picked":["Heavy Blade","Fire Breathing","Wild Strike"],"picked":"SKIP","floor":31},{"not_picked":["Berserk","Fiend Fire"],"picked":"Offering","floor":33},{"not_picked":["Entrench","Body Slam"],"picked":"Twin Strike+1","floor":35},{"not_picked":["Spot Weakness","Anger+1","Flame Barrier"],"picked":"SKIP","floor":37},{"not_picked":["True Grit","Evolve"],"picked":"Flame Barrier+1","floor":38},{"not_picked":["Clash","Clothesline","Anger+1"],"picked":"SKIP","floor":39},{"not_picked":["Burning Pact","Flex"],"picked":"Armaments+1","floor":41},{"not_picked":["Dark Embrace","Fire Breathing+1","Uppercut"],"picked":"SKIP","floor":44},{"not_picked":["Warcry","Disarm"],"picked":"Pummel","floor":45},{"not_picked":["Warcry","Thunderclap+1"],"picked":"Shrug It Off+1","floor":46},{"not_picked":["Uppercut+1","Fire Breathing+1"],"picked":"Dual Wield+1","floor":47},{"not_picked":["Flex","Wild Strike+1","Cleave"],"picked":"SKIP","floor":48},{"not_picked":["Searing Blow+1","Double Tap","Rupture+1"],"picked":"SKIP","floor":54}],"player_experience":362026,"relics_obtained":[{"floor":7,"key":"StoneCalendar"},{"floor":9,"key":"Nunchaku"},{"floor":23,"key":"Anchor"},{"floor":26,"key":"PreservedInsect"},{"floor":41,"key":"Darkstone Periapt"},{"floor":44,"key":"Bag of Preparation"},{"floor":46,"key":"Du-Vu Doll"},{"floor":47,"key":"Paper Frog"},{"floor":54,"key":"MawBank"}],"event_choices":[{"damage_healed":0,"gold_gain":75,"player_choice":"Gather Gold","damage_taken":11,"max_hp_gain":0,"max_hp_loss":0,"event_name":"World of Goop","floor":4,"gold_loss":0},{"damage_healed":0,"gold_gain":77,"player_choice":"Gained Gold","damage_taken":0,"max_hp_gain":0,"max_hp_loss":0,"event_name":"Golden Wing","floor":13,"gold_loss":0},{"damage_healed":0,"gold_gain":0,"player_choice":"Stole Relic","damage_taken":0,"relics_obtained":["Blood Vial"],"max_hp_gain":0,"max_hp_loss":0,"event_name":"Addict","floor":20,"gold_loss":0,"cards_obtained":["Shame"]},{"damage_healed":0,"gold_gain":0,"player_choice":"Inject Mutagens","damage_taken":0,"relics_obtained":["MutagenicStrength"],"max_hp_gain":0,"max_hp_loss":0,"event_name":"Drug Dealer","floor":21,"gold_loss":0},{"damage_healed":0,"gold_gain":0,"player_choice":"Fight","damage_taken":0,"max_hp_gain":0,"max_hp_loss":0,"event_name":"MindBloom","floor":46,"gold_loss":0}],"is_beta":false,"boss_relics":[{"not_picked":["Tiny House","Black Blood"],"picked":"Philosopher\u0027s Stone"},{"not_picked":["White Beast Statue","Runic Cube"],"picked":"Snecko Eye"}],"items_purged_floors":[],"is_endless":false,"potions_floor_spawned":[1,3,14,18,28,29,31,35,39,44,45,46,48],"killed_by":"The Heart","ascension_level":0}