{"gold_per_floor":[112,124,138,138,63,63,79,79,158,73,101,113,113,145,145,145],"floor_reached":16,"playtime":755,"items_purged":["Defend_B"],"score":220,"play_id":"29c4c167-5147-4437-8dcf-6ee60f9bd2ae","local_time":"20190427224222","is_ascension_mode":true,"campfire_choices":[{"data":"Zap","floor":6.0,"key":"SMITH"},{"data":"Fission","floor":8.0,"key":"SMITH"},{"data":"Blizzard","floor":13.0,"key":"SMITH"},{"data":"Loop","floor":15.0,"key":"SMITH"}],"neow_cost":"PERCENT_DAMAGE","seed_source_timestamp":12698674070800,"circlet_count":0,"master_deck":["AscendersBane","Strike_B","Strike_B","Defend_B","Defend_B","Defend_B","Zap+1","Dualcast","Glacier","Reprogram","Recycle","Core Surge","Fission+1","Loop+1","Blizzard+1"],"special_seed":0,"relics":["Cracked Core","Pear","PreservedInsect","Strawberry"],"potions_floor_usage":[16],"damage_taken":[{"damage":1.0,"enemies":"Cultist","floor":1.0,"turns":4.0},{"damage":2.0,"enemies":"2 Louse","floor":2.0,"turns":4.0},{"damage":10.0,"enemies":"Small Slimes","floor":3.0,"turns":6.0},{"damage":0.0,"enemies":"Gremlin Gang","floor":7.0,"turns":6.0},{"damage":29.0,"enemies":"3 Sentries","floor":11.0,"turns":9.0},{"damage":0.0,"enemies":"Looter","floor":12.0,"turns":3.0},{"damage":6.0,"enemies":"Gremlin Nob","floor":14.0,"turns":4.0},{"damage":18,"enemies":"Hexaghost","floor":16,"turns":11}],"seed_played":"5010712886914186481","potions_obtained":[{"floor":7.0,"key":"EntropicBrew"},{"floor":12.0,"key":"Explosive Potion"}],"is_trial":false,"path_per_floor":["M","M","M","?","$","R","M","R","T","$","E","M","R","E","R","B"],"character_chosen":"DEFECT","items_purchased":["Blizzard"],"campfire_rested":0,"item_purchase_floors":[10],"current_hp_per_floor":[45,43,33,33,33,33,33,33,43,43,14,14,14,15,15,0],"gold":145,"neow_bonus":"TRANSFORM_TWO_CARDS","is_prod":false,"is_daily":false,"chose_seed":false,"campfire_upgraded":4,"win_rate":0,"timestamp":1556376142,"path_taken":["M","?","M","?","$","R","M","R","T","?","E","M","R","E","R","BOSS"],"build_version":"2019-04-23","purchased_purges":1,"victory":false,"max_hp_per_floor":[71,71,71,71,71,71,71,71,81,81,81,81,81,88,88,88],"card_choices":[{"not_picked":["Go for the Eyes","Conserve Battery","Hologram"],"picked":"SKIP","floor":1.0},{"not_picked":["Hologram","Stack"],"picked":"Recycle","floor":2.0},{"not_picked":["Chaos","Compile Driver"],"picked":"Core Surge","floor":3.0},{"not_picked":["Rebound","White Noise"],"picked":"Loop","floor":7.0},{"not_picked":["Storm","Blizzard","Force Field"],"picked":"SKIP","floor":11.0},{"not_picked":["Storm","Blizzard","Force Field"],"picked":"SKIP","floor":11.0},{"not_picked":["Heatsinks","Conserve Battery","Gash"],"picked":"SKIP","floor":12.0},{"not_picked":["Heatsinks","Conserve Battery","Gash"],"picked":"SKIP","floor":12.0},{"not_picked":["Steam Power","Genetic Algorithm","Recycle"],"picked":"SKIP","floor":14.0}],"player_experience":1405601,"relics_obtained":[{"floor":9.0,"key":"Pear"},{"floor":11.0,"key":"PreservedInsect"},{"floor":14.0,"key":"Strawberry"}],"event_choices":[{"damage_healed":0.0,"max_hp_gain":0.0,"max_hp_loss":0.0,"gold_gain":0.0,"event_name":"Match and Keep!","player_choice":"1 cards matched","floor":4.0,"gold_loss":0.0,"damage_taken":0.0,"cards_obtained":["Fission"]}],"is_beta":true,"boss_relics":[],"items_purged_floors":[5],"is_endless":false,"potions_floor_spawned":[7,12],"killed_by":"Hexaghost","ascension_level":20}