{"gold_per_floor":[111,131,146,146,31,31,66,66,66,86,112,112,141,141,141,141],"floor_reached":16,"playtime":718,"items_purged":[],"score":236,"play_id":"b8d79aa1-bdf4-4f13-9915-1ddce9d981e5","local_time":"20190321162244","is_ascension_mode":true,"campfire_choices":[{"data":"Pommel Strike","floor":6,"key":"SMITH"},{"floor":8,"key":"REST"},{"floor":15,"key":"REST"}],"neow_cost":"NONE","seed_source_timestamp":125426236366100,"circlet_count":0,"master_deck":["AscendersBane","Strike_R","Strike_R","Strike_R","Strike_R","Strike_R","Defend_R","Defend_R","Defend_R+1","Defend_R","Bash","Anger","Sword Boomerang+1","Pommel Strike+1","Shockwave","Metallicize","Thunderclap","Armaments","Parasite","Burning Pact"],"relics":["Burning Blood","Pen Nib","Self Forming Clay","Matryoshka","Turnip","Juzu Bracelet","Bottled Tornado","Bottled Flame"],"potions_floor_usage":[7,7,16,16],"damage_taken":[{"damage":18,"enemies":"Small Slimes","floor":1,"turns":5},{"damage":2,"enemies":"Jaw Worm","floor":2,"turns":3},{"damage":0,"enemies":"Cultist","floor":3,"turns":2},{"damage":27,"enemies":"3 Sentries","floor":7,"turns":8},{"damage":13,"enemies":"Exordium Thugs","floor":10,"turns":6},{"damage":36,"enemies":"Gremlin Nob","floor":11,"turns":5},{"damage":23,"enemies":"3 Sentries","floor":13,"turns":8},{"damage":44,"enemies":"Slime Boss","floor":16,"turns":8}],"seed_played":"-2860033937108167806","potions_obtained":[{"floor":2,"key":"BloodPotion"},{"floor":3,"key":"LiquidBronze"},{"floor":11,"key":"Ancient Potion"},{"floor":13,"key":"BloodPotion"}],"is_trial":false,"path_per_floor":["M","M","M","?","$","R","E","R","T","M","E","?","E","T","R","B"],"character_chosen":"IRONCLAD","items_purchased":["Shockwave","Metallicize"],"campfire_rested":2,"item_purchase_floors":[5,5],"current_hp_per_floor":[56,60,66,43,43,43,29,51,51,44,14,32,15,15,37,0],"gold":141,"neow_bonus":"RANDOM_COMMON_RELIC","is_prod":false,"is_daily":false,"chose_seed":false,"campfire_upgraded":1,"win_rate":0,"timestamp":1553185364,"path_taken":["M","M","M","?","$","R","E","R","T","M","E","?","E","?","R","BOSS"],"build_version":"2019-01-23","purchased_purges":0,"victory":false,"max_hp_per_floor":[75,75,75,75,75,75,75,75,75,75,75,75,75,75,75,75],"card_choices":[{"not_picked":["Twin Strike","Clash"],"picked":"Anger","floor":1},{"not_picked":["Anger","Evolve"],"picked":"Sword Boomerang","floor":2},{"not_picked":["Double Tap","Infernal Blade"],"picked":"Pommel Strike","floor":3},{"not_picked":["Seeing Red","Bloodletting"],"picked":"Thunderclap","floor":7},{"not_picked":["Thunderclap","Brutality"],"picked":"Armaments","floor":10},{"not_picked":["Twin Strike","Metallicize","Blood for Blood"],"picked":"SKIP","floor":11},{"not_picked":["Warcry","Flex"],"picked":"Burning Pact","floor":13}],"player_experience":2290317,"relics_obtained":[{"floor":7,"key":"Self Forming Clay"},{"floor":9,"key":"Matryoshka"},{"floor":11,"key":"Turnip"},{"floor":13,"key":"Juzu Bracelet"},{"floor":14,"key":"Bottled Tornado"},{"floor":14,"key":"Bottled Flame"}],"event_choices":[{"damage_healed":0,"gold_gain":0,"player_choice":"Entered Light","damage_taken":23,"max_hp_gain":0,"max_hp_loss":0,"event_name":"Shining Light","floor":4,"gold_loss":0,"cards_upgraded":["Sword Boomerang","Defend_R"]},{"damage_healed":18,"gold_gain":0,"player_choice":"Healed and dodged fight","damage_taken":0,"max_hp_gain":0,"max_hp_loss":0,"event_name":"Mushrooms","floor":12,"gold_loss":0,"cards_obtained":["Parasite"]}],"is_beta":false,"boss_relics":[],"items_purged_floors":[],"is_endless":false,"potions_floor_spawned":[2,3,11,13],"killed_by":"Slime Boss","ascension_level":20}