{"gold_per_floor":[119,135,135,135,148,178,196,224,250,275,291,318,338,65,65,142,142,157,157,157,169,169,169,188,188,188,220,239,26,52,86,86,158,158,178,400,419,436,436,436,466,466,493,493,593,121,140,172,172,172,172],"floor_reached":52,"playtime":2005,"items_purged":[],"score":2231,"play_id":"b6e13289-6966-4a7f-b563-bc8af42a1d37","local_time":"20181031131615","daily_mods":["SealedDeck"],"is_ascension_mode":true,"campfire_choices":[{"data":"Disarm","floor":15.0,"key":"SMITH"},{"data":"Uppercut","floor":23.0,"key":"SMITH"},{"data":"Armaments","floor":25.0,"key":"SMITH"},{"data":"Exhume","floor":32.0,"key":"SMITH"},{"data":"True Grit","floor":40.0,"key":"SMITH"},{"data":"Shrug It Off","floor":44.0,"key":"SMITH"},{"data":"Whirlwind","floor":49,"key":"SMITH"}],"neow_cost":"","seed_source_timestamp":0,"circlet_count":0,"master_deck":["AscendersBane","Headbutt","True Grit+1","Armaments+1","Battle Trance","Flex","Twin Strike+1","Shrug It Off","Cleave+1","Inflame","Uppercut+1","Disarm+1","Offering","Reaper","Shrug It Off+1","Exhume+1","Spot Weakness","Whirlwind+1","Disarm+1","Heavy Blade+1"],"special_seed":0,"relics":["Burning Blood","Thread and Needle","Smiling Mask","Pen Nib","Whetstone","Sundial","Bottled Tornado","Matryoshka","Busted Crown","MutagenicStrength","Regal Pillow","Meat on the Bone","Strawberry","Brimstone","Vajra","Red Mask","Sozu","Juzu Bracelet","Blood Vial","Lantern","Du-Vu Doll","DollysMirror","Bag of Marbles","Champion Belt"],"potions_floor_usage":[51,51],"damage_taken":[{"damage":0.0,"enemies":"Jaw Worm","floor":1.0,"turns":3.0},{"damage":0.0,"enemies":"2 Louse","floor":2.0,"turns":3.0},{"damage":0.0,"enemies":"Cultist","floor":5.0,"turns":3.0},{"damage":20.0,"enemies":"Gremlin Nob","floor":6.0,"turns":4.0},{"damage":0.0,"enemies":"Looter","floor":7.0,"turns":3.0},{"damage":3.0,"enemies":"Lagavulin","floor":8.0,"turns":7.0},{"damage":6.0,"enemies":"3 Sentries","floor":10.0,"turns":3.0},{"damage":6.0,"enemies":"2 Fungi Beasts","floor":11.0,"turns":2.0},{"damage":6.0,"enemies":"Gremlin Nob","floor":12.0,"turns":2.0},{"damage":0.0,"enemies":"3 Louse","floor":13.0,"turns":2.0},{"damage":6.0,"enemies":"Hexaghost","floor":16.0,"turns":7.0},{"damage":11.0,"enemies":"2 Thieves","floor":18.0,"turns":2.0},{"damage":0.0,"enemies":"Chosen","floor":21.0,"turns":5.0},{"damage":9.0,"enemies":"Shelled Parasite and Fungi","floor":24.0,"turns":5.0},{"damage":23.0,"enemies":"Book of Stabbing","floor":27.0,"turns":3.0},{"damage":14.0,"enemies":"Snecko","floor":28.0,"turns":6.0},{"damage":29.0,"enemies":"Slavers","floor":30.0,"turns":3.0},{"damage":10.0,"enemies":"Masked Bandits","floor":31.0,"turns":2.0},{"damage":11.0,"enemies":"Champ","floor":33.0,"turns":7.0},{"damage":6.0,"enemies":"3 Shapes","floor":35.0,"turns":2.0},{"damage":12.0,"enemies":"3 Darklings","floor":37.0,"turns":2.0},{"damage":5.0,"enemies":"4 Shapes","floor":38.0,"turns":4.0},{"damage":80.0,"enemies":"Reptomancer","floor":41.0,"turns":5.0},{"damage":6.0,"enemies":"Mind Bloom Boss Battle","floor":45.0,"turns":3.0},{"damage":21.0,"enemies":"Sphere and 2 Shapes","floor":47.0,"turns":3.0},{"damage":6,"enemies":"Nemesis","floor":48,"turns":1},{"damage":43,"enemies":"Time Eater","floor":50,"turns":5},{"damage":16,"enemies":"Awakened One","floor":51,"turns":8}],"seed_played":"-6162051260363469796","potions_obtained":[{"floor":7.0,"key":"BloodPotion"},{"floor":8.0,"key":"BloodPotion"},{"floor":10.0,"key":"SpeedPotion"},{"floor":16.0,"key":"Ancient Potion"}],"is_trial":true,"path_per_floor":["M","M","?","?","M","E","M","E","T","E","M","E","M","$","R","B",null,"M","?","?","M","?","R","M","R","T","E","M","$","E","?","R","B",null,"M","?","M","M","?","R","E","?","T","R","?","$","M","E","R","B","B"],"character_chosen":"IRONCLAD","items_purchased":["Matryoshka","Brimstone","Whirlwind","DollysMirror","Bag of Marbles"],"campfire_rested":0,"item_purchase_floors":[14,29,46,46,46],"current_hp_per_floor":[74,75,80,54,60,46,52,63,63,63,63,63,69,69,69,78,80,75,75,75,80,80,80,80,80,80,87,87,87,87,87,87,87,87,87,87,87,87,87,87,78,78,78,78,87,87,81,87,87,81,83],"gold":172,"neow_bonus":"","is_prod":false,"is_daily":false,"chose_seed":false,"campfire_upgraded":7,"win_rate":0,"timestamp":1541016975,"path_taken":["M","M","?","?","M","E","M","E","T","E","M","E","M","$","R","BOSS","M","?","?","?","?","R","M","R","T","E","M","$","E","?","R","BOSS","M","?","M","?","?","R","E","?","T","R","?","?","M","E","R","BOSS","BOSS"],"build_version":"2018-10-25v2","purchased_purges":0,"victory":true,"max_hp_per_floor":[75,75,80,80,80,80,80,80,80,80,80,80,80,80,80,80,80,80,80,80,80,80,80,80,80,80,87,87,87,87,87,87,87,87,87,87,87,87,87,87,87,87,87,87,87,87,87,87,87,87,87],"card_choices":[{"not_picked":["Thunderclap","Metallicize","Sentinel"],"picked":"SKIP","floor":1.0},{"not_picked":["Armaments","Battle Trance","Blood for Blood"],"picked":"SKIP","floor":2.0},{"not_picked":["Second Wind","Twin Strike","Heavy Blade"],"picked":"SKIP","floor":5.0},{"not_picked":["Armaments","Anger"],"picked":"Disarm","floor":6.0},{"not_picked":["Evolve","Shrug It Off","Thunderclap"],"picked":"SKIP","floor":7.0},{"not_picked":["True Grit","Dropkick"],"picked":"Offering","floor":8.0},{"not_picked":["Combust","Twin Strike","Metallicize"],"picked":"SKIP","floor":10.0},{"not_picked":["Clothesline","Twin Strike","True Grit"],"picked":"SKIP","floor":11.0},{"not_picked":["Warcry","Twin Strike"],"picked":"Reaper","floor":12.0},{"not_picked":["Battle Trance","Sentinel"],"picked":"Shrug It Off","floor":13.0},{"not_picked":["Demon Form","Fiend Fire"],"picked":"Exhume","floor":16.0},{"not_picked":["Headbutt"],"picked":"SKIP","floor":18.0},{"not_picked":["Clash"],"picked":"SKIP","floor":21.0},{"not_picked":["Rupture"],"picked":"SKIP","floor":24.0},{"not_picked":["Uppercut"],"picked":"SKIP","floor":27.0},{"not_picked":["Armaments"],"picked":"SKIP","floor":28.0},{"not_picked":["Clash"],"picked":"SKIP","floor":30.0},{"not_picked":["Anger"],"picked":"SKIP","floor":35.0},{"not_picked":["Perfected Strike"],"picked":"SKIP","floor":37.0},{"not_picked":["Perfected Strike"],"picked":"SKIP","floor":38.0},{"not_picked":["Havoc"],"picked":"SKIP","floor":41.0},{"not_picked":[],"picked":"Heavy Blade+1","floor":47.0},{"not_picked":["Whirlwind+1"],"picked":"SKIP","floor":48}],"player_experience":1532715,"relics_obtained":[{"floor":6.0,"key":"Smiling Mask"},{"floor":8.0,"key":"Pen Nib"},{"floor":9.0,"key":"Whetstone"},{"floor":10.0,"key":"Sundial"},{"floor":12.0,"key":"Bottled Tornado"},{"floor":26.0,"key":"Regal Pillow"},{"floor":26.0,"key":"Meat on the Bone"},{"floor":27.0,"key":"Strawberry"},{"floor":30.0,"key":"Vajra"},{"floor":31.0,"key":"Red Mask"},{"floor":41.0,"key":"Juzu Bracelet"},{"floor":43.0,"key":"Blood Vial"},{"floor":43.0,"key":"Lantern"},{"floor":45.0,"key":"Du-Vu Doll"},{"floor":48,"key":"Champion Belt"}],"event_choices":[{"damage_healed":0.0,"max_hp_gain":5.0,"max_hp_loss":0.0,"gold_gain":0.0,"event_name":"Big Fish","player_choice":"Donut","floor":3.0,"gold_loss":0.0,"damage_taken":0.0},{"damage_healed":0.0,"max_hp_gain":0.0,"max_hp_loss":0.0,"gold_gain":0.0,"event_name":"Scrap Ooze","player_choice":"Success","floor":4.0,"gold_loss":0.0,"damage_taken":26.0,"relics_obtained":["Thread and Needle"]},{"damage_healed":0.0,"max_hp_gain":0.0,"max_hp_loss":0.0,"gold_gain":0.0,"event_name":"Match and Keep!","player_choice":"0 cards matched","floor":19.0,"gold_loss":0.0,"damage_taken":0.0,"cards_obtained":[]},{"damage_healed":0.0,"max_hp_gain":0.0,"max_hp_loss":0.0,"gold_gain":0.0,"event_name":"Drug Dealer","player_choice":"Inject Mutagens","floor":20.0,"gold_loss":0.0,"damage_taken":0.0,"relics_obtained":["MutagenicStrength"]},{"damage_healed":0.0,"max_hp_gain":0.0,"max_hp_loss":0.0,"gold_gain":0.0,"event_name":"The Library","player_choice":"Read","floor":22.0,"gold_loss":0.0,"damage_taken":0.0,"cards_obtained":["Spot Weakness"]},{"damage_healed":0.0,"max_hp_gain":0.0,"max_hp_loss":0.0,"gold_gain":0.0,"event_name":"Masked Bandits","player_choice":"Fought Bandits","floor":31.0,"gold_loss":0.0,"damage_taken":0.0},{"damage_healed":0.0,"max_hp_gain":0.0,"max_hp_loss":0.0,"gold_gain":222.0,"event_name":"Tomb of Lord Red Mask","player_choice":"Wore Mask","floor":36.0,"gold_loss":0.0,"damage_taken":0.0},{"damage_healed":0.0,"max_hp_gain":0.0,"max_hp_loss":0.0,"gold_gain":0.0,"event_name":"Transmorgrifier","player_choice":"Ignored","floor":39.0,"gold_loss":0.0,"damage_taken":0.0},{"damage_healed":0.0,"max_hp_gain":0.0,"max_hp_loss":0.0,"gold_gain":0.0,"event_name":"SecretPortal","player_choice":"Ignored","floor":42.0,"gold_loss":0.0,"damage_taken":0.0},{"damage_healed":0.0,"max_hp_gain":0.0,"max_hp_loss":0.0,"gold_gain":0.0,"event_name":"MindBloom","player_choice":"Fight","floor":45.0,"gold_loss":0.0,"damage_taken":0.0}],"is_beta":false,"boss_relics":[{"not_picked":["Snecko Eye","Ectoplasm"],"picked":"Busted Crown"},{"not_picked":["Eternal Feather","Black Blood"],"picked":"Sozu"}],"items_purged_floors":[],"is_endless":false,"potions_floor_spawned":[7,8,10,13,16,24,27,28,31,37,47,48],"ascension_level":20}