{"gold_per_floor":[117,127,146,146,146,146,182,207,286,286,322,322,3,3,15,123,135,172,208,220,255,285,297,345,482,521,556,568,614,626,678,690,800,812,843,674,694,714,106,106,139,203,203,203,203,203,222,260,260,260],"floor_reached":51,"playtime":1689,"items_purged":["Strike_R","Strike_R","Strike_R"],"score":1473,"play_id":"8f466cb2-3eb8-4d5f-889f-7fecc2b85a9a","local_time":"20181108124047","is_ascension_mode":true,"campfire_choices":[{"data":"Bash","floor":6.0,"key":"SMITH"},{"data":"Clothesline","floor":10.0,"key":"SMITH"},{"data":"Whirlwind","floor":12.0,"key":"SMITH"},{"floor":15.0,"key":"REST"},{"data":"Flame Barrier","floor":23.0,"key":"SMITH"},{"data":"1","floor":28.0,"key":"LIFT"},{"data":"2","floor":32.0,"key":"LIFT"},{"data":"3","floor":40.0,"key":"LIFT"},{"data":"Shockwave","floor":45.0,"key":"SMITH"},{"data":"Spot Weakness","floor":49,"key":"SMITH"}],"neow_cost":"NONE","seed_source_timestamp":16434661802108,"circlet_count":0,"master_deck":["AscendersBane","Strike_R","Strike_R","Defend_R","Defend_R","Defend_R","Defend_R","Bash+1","Clothesline+1","Flame Barrier+1","Corruption","Anger","Whirlwind+1","Shrug It Off","Reaper","Shrug It Off","Pommel Strike","Shockwave+1","True Grit","Bludgeon","Inflame+1","Spot Weakness","Heavy Blade+1","Parasite","Limit Break","Impervious","Uppercut","Pummel","Dark Embrace+1","Spot Weakness+1","Seeing Red"],"special_seed":0,"relics":["Burning Blood","Golden Idol","Magic Flower","Frozen Egg 2","Bag of Preparation","Chemical X","MawBank","Snecko Eye","Lantern","Gambling Chip","Girya","Pantograph","Pen Nib","Strawberry","Red Mask","Mark of Pain","Bag of Marbles","FossilizedHelix","Unceasing Top","Molten Egg 2","Orichalcum"],"potions_floor_usage":[],"damage_taken":[{"damage":13.0,"enemies":"Jaw Worm","floor":1.0,"turns":5.0},{"damage":8.0,"enemies":"Small Slimes","floor":2.0,"turns":5.0},{"damage":4.0,"enemies":"Cultist","floor":3.0,"turns":5.0},{"damage":42.0,"enemies":"3 Sentries","floor":7.0,"turns":14.0},{"damage":13.0,"enemies":"Blue Slaver","floor":8.0,"turns":5.0},{"damage":10.0,"enemies":"Lagavulin","floor":11.0,"turns":7.0},{"damage":16.0,"enemies":"Slime Boss","floor":16.0,"turns":6.0},{"damage":4.0,"enemies":"Shell Parasite","floor":18.0,"turns":3.0},{"damage":0.0,"enemies":"Spheric Guardian","floor":19.0,"turns":3.0},{"damage":7.0,"enemies":"Snake Plant","floor":22.0,"turns":4.0},{"damage":6.0,"enemies":"Gremlin Leader","floor":24.0,"turns":5.0},{"damage":10.0,"enemies":"Colosseum Slavers","floor":25.0,"turns":3.0},{"damage":0.0,"enemies":"Colosseum Nobs","floor":25.0,"turns":2.0},{"damage":7.0,"enemies":"Sentry and Sphere","floor":27.0,"turns":4.0},{"damage":0.0,"enemies":"Book of Stabbing","floor":29.0,"turns":3.0},{"damage":0.0,"enemies":"Masked Bandits","floor":31.0,"turns":2.0},{"damage":19.0,"enemies":"Champ","floor":33.0,"turns":5.0},{"damage":0.0,"enemies":"3 Darklings","floor":35.0,"turns":1.0},{"damage":0.0,"enemies":"Orb Walker","floor":37.0,"turns":1.0},{"damage":0.0,"enemies":"Writhing Mass","floor":38.0,"turns":4.0},{"damage":0.0,"enemies":"Reptomancer","floor":41.0,"turns":2.0},{"damage":0.0,"enemies":"2 Orb Walkers","floor":42.0,"turns":2.0},{"damage":0.0,"enemies":"3 Darklings","floor":47.0,"turns":1.0},{"damage":0,"enemies":"Nemesis","floor":48,"turns":3},{"damage":15,"enemies":"Donu and Deca","floor":50,"turns":5}],"seed_played":"-6448783488548362203","potions_obtained":[{"floor":2.0,"key":"FairyPotion"},{"floor":7.0,"key":"EssenceOfSteel"},{"floor":19.0,"key":"GamblersBrew"},{"floor":24.0,"key":"Swift Potion"},{"floor":33.0,"key":"FearPotion"}],"is_trial":false,"path_per_floor":["M","M","M","?","?","R","E","M","T","R","E","R","$","?","R","B",null,"M","M","?","T","M","R","E","?","T","M","R","E","?","?","R","B",null,"M","$","M","M","$","R","E","?","T","?","R","?","M","M","E","R","B",null],"character_chosen":"IRONCLAD","items_purchased":["Chemical X","Shrug It Off","Spot Weakness","Limit Break","Impervious","Uppercut","Bag of Marbles"],"campfire_rested":1,"item_purchase_floors":[13,13,36,39,39,39,39],"current_hp_per_floor":[68,66,68,68,68,68,32,28,28,28,27,27,27,27,49,42,66,71,74,74,74,74,74,74,74,74,74,74,81,81,81,81,81,81,81,81,81,81,81,81,81,81,81,81,81,81,81,81,81,81],"gold":260,"neow_bonus":"TEN_PERCENT_HP_BONUS","is_prod":false,"is_daily":false,"chose_seed":false,"campfire_upgraded":6,"win_rate":0,"timestamp":1541709647,"path_taken":["M","M","M","?","?","R","E","M","T","R","E","R","$","?","R","BOSS","M","?","?","?","M","R","E","?","T","M","R","E","?","?","R","BOSS","M","$","M","M","$","R","E","?","T","?","R","?","?","E","R","BOSS"],"build_version":"2018-11-01","purchased_purges":3,"victory":true,"max_hp_per_floor":[82,82,82,82,74,74,74,74,74,74,74,74,74,74,74,74,74,74,74,74,74,74,74,74,74,74,74,74,81,81,81,81,81,81,81,81,81,81,81,81,81,81,81,81,81,81,81,81,81,81],"card_choices":[{"not_picked":["Warcry","Headbutt"],"picked":"Clothesline","floor":1.0},{"not_picked":["Intimidate","Sentinel"],"picked":"Flame Barrier","floor":2.0},{"not_picked":["Body Slam","Dropkick","Havoc"],"picked":"SKIP","floor":3.0},{"not_picked":["Perfected Strike","Thunderclap"],"picked":"Corruption","floor":7.0},{"not_picked":["Whirlwind","Burning Pact"],"picked":"Anger","floor":8.0},{"not_picked":["Wild Strike","Clash"],"picked":"Whirlwind","floor":11.0},{"not_picked":["Immolate","Berserk+1"],"picked":"Reaper","floor":16.0},{"not_picked":["Sword Boomerang","Dual Wield"],"picked":"Shrug It Off","floor":18.0},{"not_picked":["Rage+1","Infernal Blade+1","Shrug It Off"],"picked":"SKIP","floor":19.0},{"not_picked":["Wild Strike+1","Sword Boomerang","Armaments"],"picked":"SKIP","floor":22.0},{"not_picked":["Cleave+1","Headbutt"],"picked":"Shockwave","floor":24.0},{"not_picked":["Iron Wave","Anger"],"picked":"True Grit","floor":25.0},{"not_picked":["Clash+1","Cleave","Shrug It Off"],"picked":"SKIP","floor":27.0},{"not_picked":["Clothesline","Wild Strike+1","Evolve+1"],"picked":"SKIP","floor":29.0},{"not_picked":["Berserk+1","Feed"],"picked":"Bludgeon","floor":33.0},{"not_picked":["Armaments","Perfected Strike"],"picked":"Inflame+1","floor":35.0},{"not_picked":["Havoc","Evolve+1"],"picked":"Heavy Blade+1","floor":37.0},{"not_picked":["Burning Pact","Evolve+1","Pommel Strike"],"picked":"SKIP","floor":38.0},{"not_picked":["Iron Wave","Rage"],"picked":"Pummel","floor":41.0},{"not_picked":["Headbutt+1","Pommel Strike+1","True Grit"],"picked":"SKIP","floor":47.0},{"not_picked":["Corruption+1","Blood for Blood+1"],"picked":"Seeing Red","floor":48}],"player_experience":1603053,"relics_obtained":[{"floor":7.0,"key":"Magic Flower"},{"floor":9.0,"key":"Frozen Egg 2"},{"floor":11.0,"key":"Bag of Preparation"},{"floor":21.0,"key":"Lantern"},{"floor":24.0,"key":"Gambling Chip"},{"floor":25.0,"key":"Girya"},{"floor":25.0,"key":"Pantograph"},{"floor":26.0,"key":"Pen Nib"},{"floor":29.0,"key":"Strawberry"},{"floor":31.0,"key":"Red Mask"},{"floor":41.0,"key":"FossilizedHelix"},{"floor":42.0,"key":"Unceasing Top"},{"floor":43.0,"key":"Molten Egg 2"},{"floor":48,"key":"Orichalcum"}],"event_choices":[{"damage_healed":0.0,"max_hp_gain":0.0,"max_hp_loss":0.0,"gold_gain":0.0,"event_name":"Liars Game","player_choice":"Ignored","floor":4.0,"gold_loss":0.0,"damage_taken":0.0},{"damage_healed":0.0,"max_hp_gain":0.0,"max_hp_loss":8.0,"gold_gain":0.0,"event_name":"Golden Idol","player_choice":"Lose Max HP","floor":5.0,"gold_loss":0.0,"damage_taken":0.0,"relics_obtained":["Golden Idol"]},{"damage_healed":0.0,"max_hp_gain":0.0,"max_hp_loss":0.0,"gold_gain":0.0,"event_name":"WeMeetAgain","player_choice":"Gave Potion","floor":14.0,"gold_loss":0.0,"damage_taken":0.0,"relics_obtained":["MawBank"]},{"damage_healed":0.0,"max_hp_gain":0.0,"max_hp_loss":0.0,"gold_gain":0.0,"event_name":"The Library","player_choice":"Read","floor":20.0,"gold_loss":0.0,"damage_taken":0.0,"cards_obtained":["Pommel Strike"]},{"damage_healed":0.0,"max_hp_gain":0.0,"max_hp_loss":0.0,"gold_gain":0.0,"event_name":"Colosseum","player_choice":"Fight","floor":25.0,"gold_loss":0.0,"damage_taken":0.0},{"damage_healed":0.0,"max_hp_gain":0.0,"max_hp_loss":0.0,"gold_gain":0.0,"event_name":"Colosseum","player_choice":"Fought Nobs","floor":25.0,"gold_loss":0.0,"damage_taken":0.0},{"damage_healed":0.0,"max_hp_gain":0.0,"max_hp_loss":0.0,"gold_gain":0.0,"event_name":"Vampires","player_choice":"Ignored","floor":30.0,"gold_loss":0.0,"damage_taken":0.0},{"damage_healed":0.0,"max_hp_gain":0.0,"max_hp_loss":0.0,"gold_gain":0.0,"event_name":"Masked Bandits","player_choice":"Fought Bandits","floor":31.0,"gold_loss":0.0,"damage_taken":0.0},{"damage_healed":0.0,"max_hp_gain":0.0,"max_hp_loss":0.0,"gold_gain":0.0,"event_name":"Mysterious Sphere","player_choice":"Fight","floor":42.0,"gold_loss":0.0,"damage_taken":0.0},{"damage_healed":0.0,"max_hp_gain":0.0,"max_hp_loss":0.0,"gold_gain":0.0,"event_name":"SensoryStone","player_choice":"Memory 1","floor":44.0,"gold_loss":0.0,"damage_taken":0.0},{"damage_healed":0.0,"max_hp_gain":0.0,"max_hp_loss":0.0,"gold_gain":0.0,"event_name":"Match and Keep!","player_choice":"2 cards matched","floor":46.0,"gold_loss":0.0,"damage_taken":0.0,"cards_obtained":["Dark Embrace","Spot Weakness"]}],"is_beta":false,"boss_relics":[{"not_picked":["Lizard Tail","Velvet Choker"],"picked":"Snecko Eye"},{"not_picked":["Tiny House","White Beast Statue"],"picked":"Mark of Pain"}],"items_purged_floors":[13,36,39],"is_endless":false,"potions_floor_spawned":[2,7,19,24,25,29,33,35,41,47],"ascension_level":15}