{"gold_per_floor":[112,130,146,146,161,192,202,202,229,229,229,154,154,187,187,261,261,272,290,177,177,77,77,87,114,126,170,195,207,248,58,58,132,132,144,244,244,257,257,282,301,301,353,57,88,14,14,25,25,25,25,25,25,51,51],"floor_reached":55,"playtime":2664,"items_purged":["Strike_B","Strike_B","Strike_B","Hyperbeam+1"],"score":1434,"play_id":"ab717f5b-8055-40da-bab5-f3f9b073918f","local_time":"20190112145301","is_ascension_mode":true,"campfire_choices":[{"data":"Zap","floor":8,"key":"SMITH"},{"data":"Dualcast","floor":11,"key":"SMITH"},{"data":"Undo","floor":13,"key":"SMITH"},{"data":"Leap","floor":15,"key":"SMITH"},{"data":"Go for the Eyes","floor":23,"key":"SMITH"},{"data":"Defragment","floor":29,"key":"SMITH"},{"floor":32,"key":"REST"},{"data":"Defragment","floor":47,"key":"SMITH"},{"floor":49,"key":"RECALL"},{"data":"Blizzard","floor":52,"key":"SMITH"}],"neow_cost":"NONE","seed_source_timestamp":111886919725046,"circlet_count":0,"master_deck":["AscendersBane","Defend_B","Zap+1","Dualcast+1","Cold Snap","Leap+1","Undo+1","Ball Lightning","Chill+1","Compile Driver","Rainbow+1","Go for the Eyes+1","Leap+1","Glacier+1","Defragment+1","Chaos+1","BootSequence+1","Leap+1","Coolheaded+1","Fission+1","Fission+1","BootSequence+1","Echo Form+1","Leap+1","Defragment+1","FTL","Blizzard+1","Loop","Glacier+1","Skim+1"],"relics":["Cracked Core","Toxic Egg 2","Boot","Happy Flower","Philosopher\u0027s Stone","MawBank","Meat on the Bone","Symbiotic Virus","Gremlin Horn","Astrolabe","Mango","Bottled Tornado","Singing Bowl","PreservedInsect","Pear","Art of War"],"potions_floor_usage":[25,25,30,50],"damage_taken":[{"damage":1,"enemies":"Cultist","floor":1,"turns":3},{"damage":5,"enemies":"Jaw Worm","floor":2,"turns":3},{"damage":5,"enemies":"Small Slimes","floor":3,"turns":3},{"damage":0,"enemies":"Looter","floor":5,"turns":3},{"damage":17,"enemies":"Lagavulin","floor":6,"turns":7},{"damage":0,"enemies":"Blue Slaver","floor":7,"turns":4},{"damage":9,"enemies":"3 Sentries","floor":14,"turns":9},{"damage":31,"enemies":"The Guardian","floor":16,"turns":12},{"damage":6,"enemies":"Shell Parasite","floor":18,"turns":6},{"damage":10,"enemies":"2 Thieves","floor":19,"turns":4},{"damage":13,"enemies":"Centurion and Healer","floor":24,"turns":9},{"damage":3,"enemies":"Gremlin Leader","floor":25,"turns":8},{"damage":9,"enemies":"Book of Stabbing","floor":27,"turns":6},{"damage":0,"enemies":"Snake Plant","floor":28,"turns":3},{"damage":24,"enemies":"Slavers","floor":30,"turns":7},{"damage":21,"enemies":"Collector","floor":33,"turns":14},{"damage":0,"enemies":"Orb Walker","floor":35,"turns":3},{"damage":15,"enemies":"Mind Bloom Boss Battle","floor":36,"turns":8},{"damage":0,"enemies":"3 Shapes","floor":38,"turns":3},{"damage":0,"enemies":"Nemesis","floor":40,"turns":7},{"damage":0,"enemies":"Writhing Mass","floor":41,"turns":6},{"damage":0,"enemies":"Reptomancer","floor":45,"turns":7},{"damage":0,"enemies":"Jaw Worm Horde","floor":48,"turns":4},{"damage":6,"enemies":"Awakened One","floor":50,"turns":16},{"damage":29,"enemies":"Shield and Spear","floor":54,"turns":6},{"damage":70,"enemies":"The Heart","floor":55,"turns":3}],"seed_played":"4181948787685430001","potions_obtained":[{"floor":7,"key":"Energy Potion"},{"floor":14,"key":"EssenceOfSteel"},{"floor":16,"key":"FocusPotion"},{"floor":27,"key":"EssenceOfSteel"},{"floor":38,"key":"Explosive Potion"},{"floor":40,"key":"SmokeBomb"}],"is_trial":false,"path_per_floor":["M","M","M","?","M","E","M","R","T","?","R","?","R","E","R","B",null,"M","M","$","?","$","R","M","E","T","E","M","R","E","$","R","B",null,"M","?","?","M","T","E","M","?","T","$","E","$","R","M","R","B",null,"R","$","E","B"],"character_chosen":"DEFECT","items_purchased":["Glacier+1","Fission+1","PreservedInsect","Loop"],"campfire_rested":1,"item_purchase_floors":[20,31,44,46],"current_hp_per_floor":[70,65,60,60,60,43,43,43,43,43,43,43,43,34,34,3,59,53,43,43,43,43,43,30,27,27,30,42,42,30,30,53,44,70,70,69,69,69,69,71,71,71,71,71,81,81,81,81,81,75,97,97,97,68,0],"gold":51,"neow_bonus":"TEN_PERCENT_HP_BONUS","is_prod":false,"is_daily":false,"chose_seed":false,"campfire_upgraded":8,"win_rate":0,"timestamp":1547333581,"path_taken":["M","?","M","?","M","E","M","R","T","?","R","?","R","E","R","BOSS","M","M","$","?","?","R","?","E","T","E","M","R","E","$","R","BOSS","M","?","?","M","?","E","?","?","T","$","E","?","R","M","R","BOSS","R","$","E","BOSS"],"build_version":"2019-01-10","purchased_purges":4,"victory":false,"max_hp_per_floor":[78,78,78,78,78,78,78,78,78,78,78,78,78,78,78,78,78,78,78,78,78,78,78,78,78,78,78,78,78,78,78,78,78,78,78,92,92,92,92,94,94,94,94,94,104,104,104,104,104,104,104,104,104,104,104],"card_choices":[{"not_picked":["Sweeping Beam","Turbo"],"picked":"Cold Snap","floor":1},{"not_picked":["Steam","Beam Cell"],"picked":"Leap","floor":2},{"not_picked":["Rip and Tear","Hologram"],"picked":"Undo","floor":3},{"not_picked":["Barrage","Fission"],"picked":"Ball Lightning","floor":5},{"not_picked":["Barrage","Reprogram"],"picked":"Chill","floor":6},{"not_picked":["Redo+1","Heatsinks"],"picked":"Compile Driver","floor":7},{"not_picked":["Thunder Strike","Self Repair"],"picked":"Ball Lightning","floor":14},{"not_picked":["Amplify+1","Thunder Strike"],"picked":"Rainbow+1","floor":16},{"not_picked":["Undo+1","Redo+1"],"picked":"Go for the Eyes","floor":18},{"not_picked":["Turbo+1","Conserve Battery+1"],"picked":"Leap+1","floor":19},{"not_picked":["Fusion+1","Redo+1"],"picked":"Defragment","floor":24},{"not_picked":["Redo+1","Genetic Algorithm+1"],"picked":"Chaos+1","floor":25},{"not_picked":["Streamline","Double Energy+1"],"picked":"BootSequence+1","floor":27},{"not_picked":["Streamline","Reinforced Body+1"],"picked":"Leap+1","floor":28},{"not_picked":["Consume+1","Genetic Algorithm+1"],"picked":"Coolheaded+1","floor":30},{"not_picked":["Machine Learning","Amplify+1"],"picked":"Fission+1","floor":33},{"not_picked":["Redo+1","Stack+1","Aggregate+1"],"picked":"SKIP","floor":35},{"not_picked":["Turbo+1","Barrage+1"],"picked":"Leap+1","floor":36},{"not_picked":["Blizzard+1","Scrape"],"picked":"Defragment","floor":38},{"not_picked":["Self Repair","Fusion+1","Reboot+1"],"picked":"Singing Bowl","floor":40},{"not_picked":["Sweeping Beam","Cold Snap+1"],"picked":"FTL","floor":41},{"not_picked":["Streamline","White Noise+1"],"picked":"Blizzard","floor":45},{"not_picked":["Darkness+1","Rebound"],"picked":"Glacier+1","floor":48},{"not_picked":["Aggregate+1","Turbo+1"],"picked":"Skim+1","floor":54}],"player_experience":1979742,"relics_obtained":[{"floor":6,"key":"Toxic Egg 2"},{"floor":9,"key":"Boot"},{"floor":14,"key":"Happy Flower"},{"floor":25,"key":"MawBank"},{"floor":26,"key":"Meat on the Bone"},{"floor":27,"key":"Symbiotic Virus"},{"floor":30,"key":"Gremlin Horn"},{"floor":36,"key":"Mango"},{"floor":39,"key":"Bottled Tornado"},{"floor":40,"key":"Singing Bowl"},{"floor":45,"key":"Pear"},{"floor":54,"key":"Art of War"}],"event_choices":[{"damage_healed":0,"gold_gain":0,"player_choice":"Ignored","damage_taken":0,"max_hp_gain":0,"max_hp_loss":0,"event_name":"Golden Idol","floor":4,"gold_loss":0},{"damage_healed":0,"gold_gain":0,"player_choice":"Ignored","damage_taken":0,"max_hp_gain":0,"max_hp_loss":0,"event_name":"Shining Light","floor":10,"gold_loss":0},{"cards_removed":["Strike_B"],"damage_healed":0,"gold_gain":0,"player_choice":"Card Removal","damage_taken":0,"max_hp_gain":0,"max_hp_loss":0,"event_name":"The Cleric","floor":12,"gold_loss":75},{"damage_healed":0,"gold_gain":0,"player_choice":"Ignored","damage_taken":0,"max_hp_gain":0,"max_hp_loss":0,"event_name":"The Mausoleum","floor":21,"gold_loss":0},{"damage_healed":0,"gold_gain":0,"player_choice":"Fight","damage_taken":0,"max_hp_gain":0,"max_hp_loss":0,"event_name":"MindBloom","floor":36,"gold_loss":0},{"damage_healed":0,"gold_gain":0,"player_choice":"Ignored","damage_taken":0,"max_hp_gain":0,"max_hp_loss":0,"event_name":"Tomb of Lord Red Mask","floor":37,"gold_loss":0},{"cards_removed":["Ball Lightning"],"damage_healed":0,"gold_gain":0,"player_choice":"Removed Attack","damage_taken":0,"max_hp_gain":0,"max_hp_loss":0,"event_name":"Falling","floor":42,"gold_loss":0}],"is_beta":false,"boss_relics":[{"not_picked":["FrozenCore","Empty Cage"],"picked":"Philosopher\u0027s Stone"},{"not_picked":["Runic Dome","Eternal Feather"],"picked":"Astrolabe"}],"items_purged_floors":[20,22,31,44],"is_endless":false,"potions_floor_spawned":[7,14,16,18,19,27,38,40,41],"killed_by":"The Heart","ascension_level":15}