{"gold_per_floor":[109,124,124,198,218,218,248,260,311,362,375,403,403,428,428,504,504,520,445,475,38,48,111,111,122,149,149,149,180,180,190,190,190],"floor_reached":33,"playtime":1427,"items_purged":["Strike_G"],"score":555,"play_id":"3464a693-b04e-452a-a8b8-d4900a6971b7","local_time":"20181123081757","is_ascension_mode":true,"campfire_choices":[{"data":"Neutralize","floor":6.0,"key":"SMITH"},{"data":"Terror","floor":13.0,"key":"SMITH"},{"data":"Cloak And Dagger","floor":15.0,"key":"SMITH"},{"floor":24,"key":"REST"},{"floor":28,"key":"REST"},{"data":"Malaise","floor":32,"key":"SMITH"}],"neow_cost":"NONE","seed_source_timestamp":1359133523518,"circlet_count":0,"master_deck":["AscendersBane","Defend_G+1","Defend_G+1","Defend_G+1","Defend_G+1","Strike_G+1","Survivor","Neutralize+1","All Out Attack+1","Outmaneuver+1","Eviscerate+1","Dodge and Roll","Cloak And Dagger+1","Deflect","Flying Knee","Dagger Spray","Terror+1","Corpse Explosion","Malaise+1","Dagger Throw","Footwork","Backstab","Crippling Poison+1","Prepared+1","Calculated Gamble+1"],"special_seed":0,"relics":["Astrolabe","Matryoshka","Art of War","Smiling Mask","Dream Catcher","Boot","Pear","Strawberry","Busted Crown","Red Mask","Toxic Egg 2","Tiny Chest","Centennial Puzzle","Question Card"],"potions_floor_usage":[20,23,29,33],"damage_taken":[{"damage":10.0,"enemies":"2 Louse","floor":1.0,"turns":3.0},{"damage":3.0,"enemies":"Jaw Worm","floor":2.0,"turns":5.0},{"damage":0.0,"enemies":"Small Slimes","floor":5.0,"turns":4.0},{"damage":8.0,"enemies":"3 Sentries","floor":7.0,"turns":11.0},{"damage":0.0,"enemies":"Blue Slaver","floor":8.0,"turns":5.0},{"damage":1.0,"enemies":"Large Slime","floor":11.0,"turns":7.0},{"damage":22.0,"enemies":"Gremlin Nob","floor":12.0,"turns":6.0},{"damage":7.0,"enemies":"Lagavulin","floor":14.0,"turns":7.0},{"damage":22.0,"enemies":"Hexaghost","floor":16.0,"turns":11.0},{"damage":37.0,"enemies":"Spheric Guardian","floor":18.0,"turns":6.0},{"damage":7,"enemies":"Masked Bandits","floor":20,"turns":3},{"damage":15,"enemies":"2 Thieves","floor":22,"turns":4},{"damage":2,"enemies":"Slavers","floor":23,"turns":2},{"damage":5,"enemies":"Snecko","floor":25,"turns":5},{"damage":2,"enemies":"Gremlin Leader","floor":29,"turns":5},{"damage":15,"enemies":"Centurion and Healer","floor":31,"turns":5},{"damage":52,"enemies":"Automaton","floor":33,"turns":12}],"seed_played":"5221620375329348657","potions_obtained":[{"floor":1.0,"key":"Weak Potion"},{"floor":2.0,"key":"GhostInAJar"},{"floor":12.0,"key":"AttackPotion"},{"floor":14.0,"key":"SpeedPotion"},{"floor":16.0,"key":"SpeedPotion"},{"floor":18.0,"key":"SpeedPotion"},{"floor":23,"key":"Swift Potion"},{"floor":29,"key":"Weak Potion"},{"floor":31,"key":"Swift Potion"}],"is_trial":false,"path_per_floor":["M","M","?","?","M","R","E","M","T","T","M","E","R","E","R","B",null,"M","?","?","$","M","E","R","M","T","?","R","E","$","M","R","B"],"character_chosen":"THE_SILENT","items_purchased":["Toxic Egg 2","Backstab","Crippling Poison+1"],"campfire_rested":2,"item_purchase_floors":[21,21,21],"current_hp_per_floor":[49,46,51,51,51,51,43,43,43,43,42,30,30,30,30,8,68,31,31,24,24,9,7,33,28,28,28,54,52,52,37,37,0],"gold":190,"neow_bonus":"BOSS_RELIC","is_prod":false,"is_daily":false,"chose_seed":false,"campfire_upgraded":4,"win_rate":0,"timestamp":1542989877,"path_taken":["M","M","?","?","M","R","E","M","T","?","M","E","R","E","R","BOSS","M","?","?","$","M","E","R","M","T","?","R","E","?","M","R","BOSS"],"build_version":"2018-11-15","purchased_purges":1,"victory":false,"max_hp_per_floor":[66,66,71,71,71,71,71,71,71,71,71,81,81,88,88,88,88,88,88,88,88,88,88,88,88,88,88,88,88,88,88,88,88],"card_choices":[{"not_picked":["Eviscerate","Escape Plan"],"picked":"Dodge and Roll","floor":1.0},{"not_picked":["Outmaneuver","Distraction"],"picked":"Cloak And Dagger","floor":2.0},{"not_picked":["Expertise","Prepared"],"picked":"Deflect","floor":5.0},{"not_picked":["Deadly Poison","Dodge and Roll"],"picked":"Flying Knee","floor":7.0},{"not_picked":["Backflip","Deflect","Outmaneuver"],"picked":"SKIP","floor":8.0},{"not_picked":["Terror","Skewer"],"picked":"Dagger Spray","floor":11.0},{"not_picked":["Slice","Distraction"],"picked":"Terror","floor":12.0},{"not_picked":["Deadly Poison","Concentrate"],"picked":"Corpse Explosion","floor":14.0},{"not_picked":["Adrenaline","Burst"],"picked":"Malaise","floor":16.0},{"not_picked":[],"picked":"Dagger Throw","floor":18.0},{"not_picked":[],"picked":"Footwork","floor":20},{"not_picked":[],"picked":"Prepared+1","floor":22},{"not_picked":["Eviscerate"],"picked":"SKIP","floor":23},{"not_picked":[],"picked":"Calculated Gamble+1","floor":24},{"not_picked":["Endless Agony"],"picked":"SKIP","floor":25},{"not_picked":["Predator"],"picked":"SKIP","floor":29},{"not_picked":["Catalyst+1","Infinite Blades"],"picked":"SKIP","floor":31}],"player_experience":1653801,"relics_obtained":[{"floor":7.0,"key":"Matryoshka"},{"floor":9.0,"key":"Art of War"},{"floor":9.0,"key":"Smiling Mask"},{"floor":10.0,"key":"Dream Catcher"},{"floor":10.0,"key":"Boot"},{"floor":12.0,"key":"Pear"},{"floor":14.0,"key":"Strawberry"},{"floor":20,"key":"Red Mask"},{"floor":23,"key":"Tiny Chest"},{"floor":26,"key":"Centennial Puzzle"},{"floor":29,"key":"Question Card"}],"event_choices":[{"damage_healed":0.0,"max_hp_gain":5.0,"max_hp_loss":0.0,"gold_gain":0.0,"event_name":"Big Fish","player_choice":"Donut","floor":3.0,"gold_loss":0.0,"damage_taken":0.0},{"damage_healed":0.0,"max_hp_gain":0.0,"max_hp_loss":0.0,"gold_gain":74.0,"event_name":"Golden Wing","player_choice":"Gained Gold","floor":4.0,"gold_loss":0.0,"damage_taken":0.0},{"cards_removed":["Strike_G"],"damage_healed":0.0,"max_hp_gain":0.0,"max_hp_loss":0.0,"gold_gain":0.0,"event_name":"Beggar","player_choice":"Gave Gold","floor":19.0,"gold_loss":75.0,"damage_taken":0.0},{"damage_healed":0,"gold_gain":0,"player_choice":"Fought Bandits","damage_taken":0,"max_hp_gain":0,"max_hp_loss":0,"event_name":"Masked Bandits","floor":20,"gold_loss":0},{"damage_healed":0,"gold_gain":0,"player_choice":"Simplicity","damage_taken":0,"max_hp_gain":0,"max_hp_loss":0,"event_name":"Back to Basics","floor":27,"gold_loss":0,"cards_upgraded":["Defend_G","Defend_G","Defend_G","Defend_G","Strike_G"]}],"is_beta":false,"boss_relics":[{"not_picked":["WristBlade","Snecko Eye"],"picked":"Busted Crown"}],"items_purged_floors":[21],"is_endless":false,"potions_floor_spawned":[1,2,12,14,16,18,23,29,31],"killed_by":"Automaton","ascension_level":15}