{"gold_per_floor":[117,133,153,153,80,114,114,114,114,114,131,131,131,149,149,249,249,266,120,120,120,136,136,163,163,163,176,176,186,111,111,111,210,210,224,224,224,224,224,224,45,45,127,141,155,190,72,88,88,88],"floor_reached":50,"playtime":4224,"items_purged":["Fusion"],"score":537,"play_id":"2bca0118-de72-4c7e-98c8-7ca1adc4ca3f","local_time":"20181014143749","is_ascension_mode":true,"campfire_choices":[{"data":"Echo Form","floor":7,"key":"SMITH"},{"data":"Creative AI","floor":13,"key":"SMITH"},{"data":"White Noise","floor":15,"key":"SMITH"},{"data":"Bite","floor":23,"key":"SMITH"},{"floor":25,"key":"REST"},{"data":"Bite","floor":28,"key":"SMITH"},{"floor":32,"key":"REST"},{"data":"Electrodynamics","floor":40,"key":"SMITH"},{"data":"Thunder Strike","floor":42,"key":"SMITH"},{"floor":49,"key":"REST"}],"neow_cost":"NONE","seed_source_timestamp":427602959673,"circlet_count":0,"master_deck":["Defend_B","Defend_B","Dualcast","Redo","Ball Lightning","Creative AI+1","Echo Form+1","White Noise+1","Electrodynamics+1","Bite+1","Bite","Bite+1","Bite+1","Bite+1","Glacier+1","Thunder Strike+1","Reinforced Body","White Noise+1","Go for the Eyes+1"],"relics":["Cracked Core","Letter Opener","Art of War","Sozu","PreservedInsect","Dream Catcher","The Courier","MutagenicStrength","Philosopher\u0027s Stone","Orichalcum","Mummified Hand","Potion Belt","Whetstone"],"potions_floor_usage":[39],"damage_taken":[{"damage":5,"enemies":"Small Slimes","floor":1,"turns":4},{"damage":0,"enemies":"2 Louse","floor":2,"turns":3},{"damage":1,"enemies":"Jaw Worm","floor":3,"turns":4},{"damage":18,"enemies":"Lagavulin","floor":6,"turns":7},{"damage":2,"enemies":"Blue Slaver","floor":11,"turns":3},{"damage":10,"enemies":"Looter","floor":14,"turns":3},{"damage":42,"enemies":"The Guardian","floor":16,"turns":8},{"damage":17,"enemies":"Shell Parasite","floor":18,"turns":4},{"damage":10,"enemies":"Chosen","floor":22,"turns":4},{"damage":73,"enemies":"Book of Stabbing","floor":24,"turns":6},{"damage":1,"enemies":"Centurion and Healer","floor":27,"turns":7},{"damage":22,"enemies":"Snake Plant","floor":29,"turns":5},{"damage":40,"enemies":"Automaton","floor":33,"turns":10},{"damage":10,"enemies":"3 Shapes","floor":35,"turns":3},{"damage":0,"enemies":"3 Darklings","floor":39,"turns":1},{"damage":27,"enemies":"Transient","floor":44,"turns":5},{"damage":2,"enemies":"Sphere and 2 Shapes","floor":45,"turns":4},{"damage":42,"enemies":"Nemesis","floor":46,"turns":5},{"damage":27,"enemies":"3 Darklings","floor":48,"turns":3},{"damage":102,"enemies":"Time Eater","floor":50,"turns":13}],"seed_played":"1615183673167446714","potions_obtained":[{"floor":16,"key":"SmokeBomb"}],"is_trial":false,"path_per_floor":["M","M","M","?","$","E","R","?","T","?","M","T","R","M","R","B",null,"M","$","?","?","M","R","E","R","T","M","R","M","?","?","R","B",null,"M","?","$","?","M","R","$","R","T","M","M","E","$","M","R"],"character_chosen":"DEFECT","items_purchased":["Creative AI","PreservedInsect","Orichalcum","Whetstone"],"campfire_rested":3,"item_purchase_floors":[5,19,41,47],"current_hp_per_floor":[70,70,69,54,54,36,36,61,61,61,59,59,59,51,51,11,75,58,58,58,63,65,65,12,34,34,50,50,37,37,37,59,54,75,67,67,67,67,67,67,67,67,67,48,58,37,37,21,43,0],"gold":88,"neow_bonus":"REMOVE_CARD","is_prod":false,"is_daily":false,"chose_seed":false,"campfire_upgraded":7,"win_rate":0,"timestamp":1539542269,"path_taken":["M","M","M","?","$","E","R","?","T","?","M","?","R","?","R","BOSS","M","$","?","?","M","R","E","R","T","?","R","M","?","?","R","BOSS","M","?","?","?","M","R","$","R","T","M","M","E","?","M","R","BOSS"],"build_version":"2018-10-11","purchased_purges":1,"victory":false,"max_hp_per_floor":[75,75,75,75,75,75,75,75,75,75,75,75,75,75,75,75,75,75,75,75,75,75,75,75,75,75,75,75,75,75,75,75,75,75,75,75,75,75,75,75,75,75,75,75,75,75,75,75,75,75],"card_choices":[{"not_picked":["Hologram","Auto Shields"],"picked":"Redo","floor":1},{"not_picked":["Redo","Streamline"],"picked":"Sweeping Beam","floor":2},{"not_picked":["Gash","Barrage"],"picked":"Ball Lightning","floor":3},{"not_picked":["Steam","Turbo"],"picked":"Echo Form","floor":6},{"not_picked":["Consume","Steam","Ball Lightning"],"picked":"SKIP","floor":11},{"not_picked":["Stack","Undo"],"picked":"White Noise","floor":14},{"not_picked":["All For One","Echo Form"],"picked":"Electrodynamics","floor":16},{"not_picked":["Hologram","Barrage","Steam"],"picked":"SKIP","floor":18},{"not_picked":["Reprogram","Genetic Algorithm","Stack"],"picked":"SKIP","floor":22},{"not_picked":["Melter+1","Meteor Strike"],"picked":"Glacier+1","floor":24},{"not_picked":["Beam Cell","Rebound","Reprogram"],"picked":"SKIP","floor":27},{"not_picked":["Ball Lightning","Stack","Seek"],"picked":"SKIP","floor":29},{"not_picked":["Creative AI","Hyperbeam"],"picked":"Thunder Strike","floor":33},{"not_picked":["Steam Power","Double Energy","Cold Snap+1"],"picked":"SKIP","floor":35},{"not_picked":["Stack","Go for the Eyes"],"picked":"Reinforced Body","floor":44},{"not_picked":["Steam+1","Redo+1"],"picked":"White Noise+1","floor":45},{"not_picked":["Machine Learning","Hello World+1","Beam Cell+1"],"picked":"SKIP","floor":46},{"not_picked":["Sweeping Beam","Conserve Battery","Undo+1"],"picked":"SKIP","floor":48},{"not_picked":["Gash+1","Recycle+1"],"picked":"Go for the Eyes+1","floor":49}],"player_experience":55027,"relics_obtained":[{"floor":6,"key":"Letter Opener"},{"floor":9,"key":"Art of War"},{"floor":12,"key":"Blood Vial"},{"floor":24,"key":"Dream Catcher"},{"floor":26,"key":"The Courier"},{"floor":43,"key":"Mummified Hand"},{"floor":46,"key":"Potion Belt"}],"event_choices":[{"event_name":"Shining Light","player_choice":"Entered Light","floor":4,"damage_taken":0},{"event_name":"Big Fish","player_choice":"Banana","floor":8,"damage_taken":0},{"event_name":"Purifier","player_choice":"One Purge","floor":10,"damage_taken":0},{"event_name":"Vampires","player_choice":"Became a vampire (Vial)","floor":20,"damage_taken":0},{"event_name":"Bonfire Elementals","player_choice":"COMMON","floor":21,"damage_taken":0},{"event_name":"Beggar","player_choice":"Gave Gold","floor":30,"damage_taken":0},{"event_name":"Drug Dealer","player_choice":"Inject Mutagens","floor":31,"damage_taken":0},{"event_name":"Falling","player_choice":"Removed Skill","floor":36,"damage_taken":0},{"event_name":"Transmorgrifier","player_choice":"Transform","floor":38,"damage_taken":0}],"is_beta":false,"boss_relics":[{"not_picked":["Pandora\u0027s Box","Cursed Key"],"picked":"Sozu"},{"not_picked":["Orrery","Empty Cage"],"picked":"Philosopher\u0027s Stone"}],"items_purged_floors":[41],"is_endless":false,"potions_floor_spawned":[16,24,33,44,46,48],"killed_by":"Time Eater","ascension_level":1}