{"gold_per_floor":[216,119,119,132,145,157,157,191,215,249,249,249,263,279,279,352,352,368,368,385,405,330,330,330],"floor_reached":24,"playtime":992,"items_purged":[],"score":364,"play_id":"db753a65-e157-4737-a0e0-570566eaefb3","local_time":"20190308200232","is_ascension_mode":true,"campfire_choices":[{"data":"Bash","floor":7.0,"key":"SMITH"},{"floor":12.0,"key":"REST"},{"data":"Combust","floor":15.0,"key":"SMITH"},{"floor":23,"key":"REST"}],"neow_cost":"NONE","seed_source_timestamp":41111871874570,"circlet_count":0,"master_deck":["AscendersBane","Strike_R","Strike_R","Strike_R","Defend_R","Defend_R","Defend_R","Defend_R","Bash+1","Havoc","Cleave","Hemokinesis","Feel No Pain","Clothesline","Warcry","Disarm","Heavy Blade","Combust+1","Shockwave","Immolate","Pommel Strike","Uppercut","Dark Embrace","Power Through","Anger","Warcry","Impervious","Havoc+1","Limit Break"],"special_seed":0,"relics":["Burning Blood","Boot","Smiling Mask","Anchor","Paper Frog","Orrery"],"potions_floor_usage":[20,21,21],"damage_taken":[{"damage":8.0,"enemies":"Small Slimes","floor":1.0,"turns":5.0},{"damage":6.0,"enemies":"Cultist","floor":4.0,"turns":3.0},{"damage":8.0,"enemies":"2 Louse","floor":5.0,"turns":4.0},{"damage":11.0,"enemies":"Blue Slaver","floor":6.0,"turns":3.0},{"damage":20.0,"enemies":"Lagavulin","floor":8.0,"turns":7.0},{"damage":28.0,"enemies":"3 Sentries","floor":10.0,"turns":8.0},{"damage":3.0,"enemies":"Lots of Slimes","floor":13.0,"turns":4.0},{"damage":6.0,"enemies":"Large Slime","floor":14.0,"turns":6.0},{"damage":29.0,"enemies":"Slime Boss","floor":16.0,"turns":7.0},{"damage":35.0,"enemies":"Spheric Guardian","floor":18.0,"turns":5.0},{"damage":23,"enemies":"Shell Parasite","floor":20,"turns":10},{"damage":10,"enemies":"Snake Plant","floor":21,"turns":7},{"damage":35,"enemies":"Book of Stabbing","floor":24,"turns":4}],"seed_played":"-1447586554682639748","potions_obtained":[{"floor":6.0,"key":"SkillPotion"},{"floor":10.0,"key":"BloodPotion"},{"floor":13.0,"key":"Strength Potion"},{"floor":18.0,"key":"Fire Potion"},{"floor":20,"key":"EssenceOfSteel"}],"is_trial":false,"path_per_floor":["M","$","?","M","M","M","R","E","T","E","?","R","M","M","R","B",null,"M","?","M","M","?","R","E"],"character_chosen":"IRONCLAD","items_purchased":["Cleave","AttackPotion"],"campfire_rested":2,"item_purchase_floors":[2,2],"current_hp_per_floor":[66,66,66,66,64,59,59,45,45,23,12,34,44,44,44,21,62,33,33,16,12,12,34,0],"gold":330,"neow_bonus":"HUNDRED_GOLD","is_prod":false,"is_daily":false,"chose_seed":false,"campfire_upgraded":2,"win_rate":0,"timestamp":1552104152,"path_taken":["M","$","?","M","M","?","R","E","T","E","?","R","M","M","R","BOSS","M","?","?","M","?","R","E"],"build_version":"2019-01-23","purchased_purges":0,"victory":false,"max_hp_per_floor":[75,75,75,75,75,75,75,75,75,75,75,75,75,75,75,75,75,75,75,75,75,75,75,75],"card_choices":[{"not_picked":["Body Slam","Clash"],"picked":"Havoc","floor":1.0},{"not_picked":["Thunderclap","Pommel Strike"],"picked":"Feel No Pain","floor":4.0},{"not_picked":["Battle Trance","Disarm"],"picked":"Clothesline","floor":5.0},{"not_picked":["Entrench","Sentinel"],"picked":"Warcry","floor":6.0},{"not_picked":["Infernal Blade","Sentinel"],"picked":"Disarm","floor":8.0},{"not_picked":["Cleave","Bloodletting"],"picked":"Heavy Blade","floor":10.0},{"not_picked":["Entrench","Thunderclap"],"picked":"Combust","floor":13.0},{"not_picked":["Brutality","Twin Strike"],"picked":"Shockwave","floor":14.0},{"not_picked":["Reaper","Feed"],"picked":"Immolate","floor":16.0},{"not_picked":["Hemokinesis","Thunderclap"],"picked":"Pommel Strike","floor":17.0},{"not_picked":["Warcry","Infernal Blade"],"picked":"Uppercut","floor":17.0},{"not_picked":["Pommel Strike","Dual Wield"],"picked":"Dark Embrace","floor":17.0},{"not_picked":["Thunderclap","Clothesline"],"picked":"Power Through","floor":17.0},{"not_picked":["Clothesline","True Grit"],"picked":"Anger","floor":17.0},{"not_picked":["Twin Strike","Cleave"],"picked":"Warcry","floor":18.0},{"not_picked":["Warcry","Fire Breathing"],"picked":"Havoc+1","floor":20},{"not_picked":["Armaments","Thunderclap"],"picked":"Limit Break","floor":21}],"player_experience":2332312,"relics_obtained":[{"floor":8.0,"key":"Boot"},{"floor":9.0,"key":"Smiling Mask"},{"floor":10.0,"key":"Anchor"}],"event_choices":[{"damage_healed":0.0,"max_hp_gain":0.0,"max_hp_loss":0.0,"gold_gain":0.0,"cards_transformed":["Strike_R"],"event_name":"Transmorgrifier","player_choice":"Transformed","floor":3.0,"gold_loss":0.0,"damage_taken":0.0,"cards_obtained":["Hemokinesis"]},{"damage_healed":0.0,"max_hp_gain":0.0,"max_hp_loss":0.0,"gold_gain":0.0,"event_name":"Scrap Ooze","player_choice":"Success","floor":11.0,"gold_loss":0.0,"damage_taken":11.0,"relics_obtained":["Paper Frog"]},{"damage_healed":0,"gold_gain":0,"player_choice":"1 cards matched","damage_taken":0,"max_hp_gain":0,"max_hp_loss":0,"event_name":"Match and Keep!","floor":19,"gold_loss":0,"cards_obtained":["Impervious"]},{"cards_removed":["Strike_R"],"damage_healed":0,"gold_gain":0,"player_choice":"Gave Gold","damage_taken":0,"max_hp_gain":0,"max_hp_loss":0,"event_name":"Beggar","floor":22,"gold_loss":75}],"is_beta":false,"boss_relics":[{"not_picked":["Tiny House","Coffee Dripper"],"picked":"Orrery"}],"items_purged_floors":[],"is_endless":false,"potions_floor_spawned":[6,8,10,13,14,18,20],"killed_by":"Book of Stabbing","ascension_level":15}