{"gold_per_floor":[117,129,129,141,153,185,185,199,252,263,298,298,312,324,324,426,426,439,452,471,571,584,611,611,627,627,641,517,537,152,182,182,282,282,300,400,400,418,469,469,504,504,504,536,536,549,564,594,594,594],"floor_reached":51,"playtime":2731,"items_purged":["Doubt","Strike_R"],"score":868,"play_id":"ad27bc81-1bd2-4ac9-bccd-12adb86bbf71","local_time":"20190508223249","is_ascension_mode":false,"campfire_choices":[{"data":"Shockwave","floor":7.0,"key":"SMITH"},{"data":"Armaments","floor":12.0,"key":"SMITH"},{"data":"Shockwave","floor":15.0,"key":"SMITH"},{"data":"Spot Weakness","floor":24.0,"key":"SMITH"},{"floor":32.0,"key":"REST"},{"data":"Double Tap","floor":40,"key":"SMITH"},{"data":"Disarm","floor":45,"key":"SMITH"},{"data":"1","floor":49,"key":"LIFT"}],"neow_cost":"NONE","seed_source_timestamp":0,"circlet_count":0,"master_deck":["Strike_R","Strike_R","Defend_R","Defend_R","Defend_R","Defend_R","Bash+1","Feel No Pain","Shockwave+1","Wild Strike","Combust","Armaments+1","Ghostly Armor","Spot Weakness+1","Shockwave+1","Feed","Feel No Pain","Shrug It Off+1","Armaments+1","Whirlwind+1","Shrug It Off","Battle Trance","Disarm+1","Spot Weakness","Double Tap+1","Cleave+1","Whirlwind+1","Feel No Pain+1","Shame","Battle Trance+1","Headbutt+1","Warcry+1"],"special_seed":0,"relics":["Burning Blood","Dodecahedron","PreservedInsect","Sundial","Cursed Key","Bag of Preparation","Matryoshka","ClockworkSouvenir","Blue Candle","Busted Crown","Turnip","FossilizedHelix","Girya","Red Skull","Juzu Bracelet","Gremlin Horn","Pantograph"],"potions_floor_usage":[41,44,50,50],"damage_taken":[{"damage":6.0,"enemies":"Small Slimes","floor":1.0,"turns":3.0},{"damage":1.0,"enemies":"Cultist","floor":2.0,"turns":4.0},{"damage":8.0,"enemies":"Jaw Worm","floor":4.0,"turns":3.0},{"damage":8.0,"enemies":"Gremlin Gang","floor":5.0,"turns":7.0},{"damage":19.0,"enemies":"3 Sentries","floor":6.0,"turns":10.0},{"damage":15.0,"enemies":"Exordium Wildlife","floor":8.0,"turns":5.0},{"damage":0.0,"enemies":"2 Fungi Beasts","floor":10.0,"turns":5.0},{"damage":10.0,"enemies":"Lagavulin","floor":11.0,"turns":8.0},{"damage":1.0,"enemies":"Gremlin Gang","floor":13.0,"turns":2.0},{"damage":6.0,"enemies":"3 Louse","floor":14.0,"turns":4.0},{"damage":37.0,"enemies":"Hexaghost","floor":16.0,"turns":11.0},{"damage":15.0,"enemies":"2 Thieves","floor":18.0,"turns":5.0},{"damage":25.0,"enemies":"Spheric Guardian","floor":19.0,"turns":7.0},{"damage":6.0,"enemies":"Snecko","floor":20.0,"turns":5.0},{"damage":9.0,"enemies":"Chosen and Byrds","floor":22.0,"turns":7.0},{"damage":10.0,"enemies":"Slavers","floor":23.0,"turns":8.0},{"damage":8.0,"enemies":"Snake Plant","floor":25.0,"turns":6.0},{"damage":24.0,"enemies":"Sentry and Sphere","floor":27.0,"turns":6.0},{"damage":0.0,"enemies":"Snecko","floor":29.0,"turns":5.0},{"damage":0.0,"enemies":"Book of Stabbing","floor":31.0,"turns":7.0},{"damage":52.0,"enemies":"Collector","floor":33.0,"turns":11.0},{"damage":2,"enemies":"3 Darklings","floor":35,"turns":3},{"damage":0,"enemies":"Mind Bloom Boss Battle","floor":36,"turns":11},{"damage":0,"enemies":"3 Shapes","floor":38,"turns":3},{"damage":20,"enemies":"2 Orb Walkers","floor":39,"turns":5},{"damage":9,"enemies":"Giant Head","floor":41,"turns":7},{"damage":3,"enemies":"Nemesis","floor":44,"turns":7},{"damage":14,"enemies":"Writhing Mass","floor":46,"turns":10},{"damage":0,"enemies":"4 Shapes","floor":47,"turns":2},{"damage":0,"enemies":"Reptomancer","floor":48,"turns":5},{"damage":53,"enemies":"Time Eater","floor":50,"turns":9}],"seed_played":"-8763243995532668938","potions_obtained":[{"floor":2.0,"key":"Energy Potion"},{"floor":6.0,"key":"Explosive Potion"},{"floor":10.0,"key":"BloodPotion"},{"floor":11.0,"key":"Weak Potion"},{"floor":16.0,"key":"Ancient Potion"},{"floor":19.0,"key":"Poison Potion"},{"floor":22.0,"key":"SpeedPotion"},{"floor":25.0,"key":"Energy Potion"},{"floor":33.0,"key":"Block Potion"},{"floor":38,"key":"PowerPotion"},{"floor":46,"key":"FearPotion"}],"is_trial":false,"path_per_floor":["M","M","?","M","M","E","R","M","T","M","E","R","M","M","R","B",null,"M","M","M","?","M","E","R","M","T","M","$","M","$","E","R","B",null,"M","?","?","M","?","R","E","?","T","E","R","M","M","E","R","B",null],"character_chosen":"IRONCLAD","items_purchased":["Weak Potion","Spot Weakness","ClockworkSouvenir"],"campfire_rested":1,"item_purchase_floors":[28,30,30],"current_hp_per_floor":[80,80,80,78,76,63,63,54,54,60,56,56,61,61,61,30,80,75,56,56,56,56,55,55,53,53,38,38,48,48,54,83,37,97,97,100,100,104,90,90,87,87,87,90,90,82,91,97,97,60],"gold":594,"neow_bonus":"UPGRADE_CARD","is_prod":false,"is_daily":false,"chose_seed":false,"campfire_upgraded":6,"win_rate":1,"timestamp":1557379969,"path_taken":["M","M","?","M","M","E","R","M","T","M","E","R","M","M","R","BOSS","M","M","?","?","M","E","R","M","T","M","$","?","$","E","R","BOSS","M","?","?","?","?","R","E","?","T","E","R","M","M","E","R","BOSS"],"build_version":"2019-01-23","purchased_purges":2,"victory":true,"max_hp_per_floor":[80,80,80,80,80,80,80,80,80,80,80,80,80,80,80,80,80,84,84,84,84,87,90,90,90,90,93,93,97,97,97,97,97,97,97,100,100,104,104,104,104,104,104,104,104,104,107,107,107,107],"card_choices":[{"not_picked":["Warcry","Havoc"],"picked":"Feel No Pain","floor":1.0},{"not_picked":["Havoc","Pommel Strike"],"picked":"Shockwave","floor":2.0},{"not_picked":["Reckless Charge","Flex"],"picked":"Wild Strike","floor":4.0},{"not_picked":["Combust","Warcry","Sentinel"],"picked":"SKIP","floor":5.0},{"not_picked":["Warcry","Sentinel"],"picked":"Combust","floor":5.0},{"not_picked":["Evolve","Havoc"],"picked":"Armaments","floor":6.0},{"not_picked":["Evolve","Carnage"],"picked":"Ghostly Armor","floor":8.0},{"not_picked":["Entrench","Dual Wield","Clash"],"picked":"SKIP","floor":10.0},{"not_picked":["Flex","Thunderclap"],"picked":"Spot Weakness","floor":11.0},{"not_picked":["Havoc","Infernal Blade","Body Slam"],"picked":"SKIP","floor":13.0},{"not_picked":["Rupture","Wild Strike"],"picked":"Shockwave","floor":14.0},{"not_picked":["Brutality","Immolate"],"picked":"Feed","floor":16.0},{"not_picked":["Clothesline","Rage"],"picked":"Feel No Pain","floor":18.0},{"not_picked":["Bloodletting+1","Corruption"],"picked":"Shrug It Off+1","floor":19.0},{"not_picked":["Sentinel","True Grit"],"picked":"Armaments+1","floor":20.0},{"not_picked":["Perfected Strike+1","Cleave+1"],"picked":"Whirlwind+1","floor":22.0},{"not_picked":["Havoc","Pommel Strike"],"picked":"Shrug It Off","floor":23.0},{"not_picked":["Shrug It Off","Dropkick+1"],"picked":"Battle Trance","floor":25.0},{"not_picked":["Sword Boomerang","Limit Break"],"picked":"Disarm","floor":27.0},{"not_picked":["Shockwave","Iron Wave","Bloodletting"],"picked":"SKIP","floor":29.0},{"not_picked":["Fire Breathing","Shockwave","Pommel Strike"],"picked":"SKIP","floor":31.0},{"not_picked":["Brutality","Bludgeon"],"picked":"Double Tap","floor":33.0},{"not_picked":[],"picked":"Cleave+1","floor":35},{"not_picked":[],"picked":"Whirlwind+1","floor":36},{"not_picked":[],"picked":"Feel No Pain+1","floor":38},{"not_picked":["Sword Boomerang"],"picked":"SKIP","floor":41},{"not_picked":[],"picked":"Battle Trance+1","floor":44},{"not_picked":[],"picked":"Headbutt+1","floor":46},{"not_picked":[],"picked":"Warcry+1","floor":47},{"not_picked":["Anger+1"],"picked":"SKIP","floor":48}],"player_experience":763104,"relics_obtained":[{"floor":6.0,"key":"Dodecahedron"},{"floor":9.0,"key":"PreservedInsect"},{"floor":11.0,"key":"Sundial"},{"floor":23.0,"key":"Bag of Preparation"},{"floor":26.0,"key":"Matryoshka"},{"floor":31.0,"key":"Blue Candle"},{"floor":36,"key":"Turnip"},{"floor":39,"key":"FossilizedHelix"},{"floor":41,"key":"Girya"},{"floor":43,"key":"Red Skull"},{"floor":43,"key":"Juzu Bracelet"},{"floor":44,"key":"Gremlin Horn"},{"floor":48,"key":"Pantograph"}],"event_choices":[{"cards_removed":["Strike_R"],"damage_healed":0.0,"max_hp_gain":0.0,"max_hp_loss":0.0,"gold_gain":0.0,"event_name":"Bonfire Elementals","player_choice":"Offered Basic","floor":3.0,"gold_loss":0.0,"damage_taken":0.0},{"damage_healed":0.0,"max_hp_gain":0.0,"max_hp_loss":0.0,"gold_gain":100.0,"event_name":"Golden Shrine","player_choice":"Pray","floor":21.0,"gold_loss":0.0,"damage_taken":0.0},{"damage_healed":0,"gold_gain":0,"player_choice":"Fight","damage_taken":0,"max_hp_gain":0,"max_hp_loss":0,"event_name":"MindBloom","floor":36,"gold_loss":0},{"cards_removed":["Strike_R"],"damage_healed":0,"gold_gain":0,"player_choice":"Purged","damage_taken":0,"max_hp_gain":0,"max_hp_loss":0,"event_name":"Purifier","floor":37,"gold_loss":0},{"damage_healed":0,"gold_gain":0,"player_choice":"Fight","damage_taken":0,"max_hp_gain":0,"max_hp_loss":0,"event_name":"Mysterious Sphere","floor":39,"gold_loss":0},{"damage_healed":0,"gold_gain":0,"player_choice":"0 cards matched","damage_taken":0,"max_hp_gain":0,"max_hp_loss":0,"event_name":"Match and Keep!","floor":42,"gold_loss":0,"cards_obtained":[]}],"is_beta":false,"boss_relics":[{"not_picked":["Fusion Hammer","Eternal Feather"],"picked":"Cursed Key"},{"not_picked":["Velvet Choker","Astrolabe"],"picked":"Busted Crown"}],"items_purged_floors":[28,30],"is_endless":false,"potions_floor_spawned":[2,6,10,11,16,19,22,25,29,33,36,38,39,46],"ascension_level":0}