{"gold_per_floor":[114,32,32,42,42,70,70,102,127,127,202,214,66,16,16,121,121,134,34,60,60,60,60,79,90,90,8,8,19,52,70,70,165,165,180,19,19,37,37,64,64,64,64,78,78,97,97,97,97,97],"floor_reached":51,"playtime":1907,"items_purged":["Strike_G","Strike_G"],"score":799,"play_id":"f4b6586e-f190-4d91-9fc0-0225bcc6e313","local_time":"20181116222526","is_ascension_mode":false,"campfire_choices":[{"data":"Crippling Poison","floor":7,"key":"SMITH"},{"data":"Crippling Poison","floor":10,"key":"SMITH"},{"data":"Noxious Fumes","floor":15,"key":"SMITH"},{"data":"Corpse Explosion","floor":23,"key":"SMITH"},{"data":"Footwork","floor":28,"key":"SMITH"},{"data":"PiercingWail","floor":32,"key":"SMITH"},{"floor":41,"key":"REST"},{"floor":45,"key":"REST"},{"floor":49,"key":"REST"}],"neow_cost":"NONE","seed_source_timestamp":224209378961915,"circlet_count":0,"master_deck":["Defend_G","Defend_G","Defend_G","Defend_G","Strike_G+1","Survivor","Neutralize","Crippling Poison+1","Cloak And Dagger","Calculated Gamble","Riddle With Holes+1","Cloak And Dagger","Noxious Fumes+1","Corpse Explosion+1","Blade Dance","PiercingWail+1","Iron Wave","Burst","Footwork+1","Dodge and Roll","Cloak And Dagger","Bullet Time","Catalyst","Accuracy","PiercingWail","Expertise+1","Parasite","Tactician+1","Cloak And Dagger+1","Doubt"],"relics":["Ring of the Snake","NeowsBlessing","Anchor","Darkstone Periapt","Whetstone","Pen Nib","WristBlade","Red Mask","Lantern","Mummified Hand","Fusion Hammer","Meat on the Bone","Dodecahedron"],"potions_floor_usage":[8,20,30,31,33,35,46,50,50],"damage_taken":[{"damage":0,"enemies":"Jaw Worm","floor":1,"turns":1},{"damage":0,"enemies":"Cultist","floor":4,"turns":1},{"damage":0,"enemies":"Gremlin Nob","floor":6,"turns":1},{"damage":7,"enemies":"Lagavulin","floor":8,"turns":5},{"damage":0,"enemies":"Small Slimes","floor":12,"turns":3},{"damage":26,"enemies":"Slime Boss","floor":16,"turns":10},{"damage":10,"enemies":"Spheric Guardian","floor":18,"turns":4},{"damage":0,"enemies":"Masked Bandits","floor":20,"turns":3},{"damage":0,"enemies":"3 Byrds","floor":24,"turns":2},{"damage":18,"enemies":"Sentry and Sphere","floor":25,"turns":4},{"damage":1,"enemies":"Chosen and Byrds","floor":29,"turns":6},{"damage":0,"enemies":"Gremlin Leader","floor":30,"turns":7},{"damage":0,"enemies":"Centurion and Healer","floor":31,"turns":4},{"damage":36,"enemies":"Automaton","floor":33,"turns":9},{"damage":0,"enemies":"3 Shapes","floor":35,"turns":4},{"damage":0,"enemies":"3 Darklings","floor":38,"turns":3},{"damage":54,"enemies":"Nemesis","floor":40,"turns":7},{"damage":20,"enemies":"Writhing Mass","floor":44,"turns":6},{"damage":22,"enemies":"Transient","floor":46,"turns":5},{"damage":60,"enemies":"Awakened One","floor":50,"turns":18}],"seed_played":"5036993625331817622","potions_obtained":[{"floor":1,"key":"Fire Potion"},{"floor":3,"key":"SkillPotion"},{"floor":3,"key":"Poison Potion"},{"floor":12,"key":"EssenceOfSteel"},{"floor":25,"key":"LiquidBronze"},{"floor":30,"key":"Regen Potion"},{"floor":33,"key":"Fruit Juice"},{"floor":38,"key":"Fire Potion"},{"floor":46,"key":"Swift Potion"}],"is_trial":false,"path_per_floor":["M","$","?","M","?","E","R","E","T","R","?","M","$","?","R","B",null,"M","$","?","?","?","R","M","M","T","$","R","M","E","M","R","B",null,"M","$","?","M","?","E","R","$","T","M","R","M","$","?","R","B",null],"character_chosen":"THE_SILENT","items_purchased":["Crippling Poison","Noxious Fumes","Footwork","Catalyst","Accuracy"],"campfire_rested":3,"item_purchase_floors":[2,13,27,36,36],"current_hp_per_floor":[70,70,70,70,63,63,63,56,56,56,45,45,45,45,45,19,70,60,60,60,60,60,60,60,42,42,42,42,41,41,55,55,19,70,75,75,75,75,75,21,43,43,43,41,65,43,43,87,87,39],"gold":97,"neow_bonus":"THREE_ENEMY_KILL","is_prod":false,"is_daily":false,"chose_seed":false,"campfire_upgraded":6,"win_rate":0,"timestamp":1542403526,"path_taken":["M","$","?","?","?","E","R","E","T","R","?","M","$","?","R","BOSS","M","$","?","?","?","R","M","?","T","$","R","M","E","M","R","BOSS","M","$","?","?","?","E","R","$","T","M","R","M","?","?","R","BOSS"],"build_version":"2018-11-15","purchased_purges":2,"victory":true,"max_hp_per_floor":[70,70,70,70,70,70,70,70,70,70,70,70,70,70,70,70,70,70,70,70,70,70,70,70,70,70,70,70,70,70,70,70,70,70,75,75,75,75,75,75,75,75,75,81,81,81,81,87,87,87],"card_choices":[{"not_picked":["Deflect","Underhanded Strike"],"picked":"Crippling Poison","floor":1},{"not_picked":["Dodge and Roll","Bane"],"picked":"Cloak And Dagger","floor":4},{"not_picked":["Deflect","Dagger Spray"],"picked":"Calculated Gamble","floor":6},{"not_picked":["Dagger Throw","Acrobatics"],"picked":"Riddle With Holes","floor":8},{"not_picked":["Bane","Well Laid Plans"],"picked":"Cloak And Dagger","floor":12},{"not_picked":["A Thousand Cuts","Adrenaline"],"picked":"Corpse Explosion","floor":16},{"not_picked":["Outmaneuver","Poisoned Stab"],"picked":"Blade Dance","floor":18},{"not_picked":["Skewer","Expertise"],"picked":"PiercingWail","floor":20},{"not_picked":["Acrobatics+1","Quick Slash","Distraction"],"picked":"SKIP","floor":24},{"not_picked":["Dagger Throw","Acrobatics"],"picked":"Burst","floor":25},{"not_picked":["Masterful Stab","Riddle With Holes"],"picked":"Dodge and Roll","floor":29},{"not_picked":["A Thousand Cuts","Bane"],"picked":"Cloak And Dagger","floor":30},{"not_picked":["All Out Attack","Endless Agony+1","Terror"],"picked":"SKIP","floor":31},{"not_picked":["Wraith Form v2","Doppelganger"],"picked":"Bullet Time","floor":33},{"not_picked":["Riddle With Holes+1","Backflip","Underhanded Strike"],"picked":"SKIP","floor":35},{"not_picked":["Well Laid Plans","Prepared"],"picked":"PiercingWail","floor":38},{"not_picked":["Flechettes","Slice+1"],"picked":"Expertise+1","floor":40},{"not_picked":["Setup+1","Poisoned Stab+1"],"picked":"Tactician+1","floor":44},{"not_picked":["Skewer","Distraction+1"],"picked":"Cloak And Dagger+1","floor":46}],"player_experience":342007,"relics_obtained":[{"floor":6,"key":"Darkstone Periapt"},{"floor":8,"key":"Whetstone"},{"floor":9,"key":"Pen Nib"},{"floor":20,"key":"Red Mask"},{"floor":26,"key":"Lantern"},{"floor":30,"key":"Mummified Hand"},{"floor":40,"key":"Meat on the Bone"},{"floor":43,"key":"Dodecahedron"}],"event_choices":[{"damage_healed":0,"gold_gain":0,"player_choice":"Got Potions","damage_taken":0,"max_hp_gain":0,"max_hp_loss":0,"event_name":"Lab","floor":3,"gold_loss":0},{"damage_healed":0,"gold_gain":0,"player_choice":"Success","damage_taken":7,"relics_obtained":["Anchor"],"max_hp_gain":0,"max_hp_loss":0,"event_name":"Scrap Ooze","floor":5,"gold_loss":0},{"damage_healed":0,"gold_gain":75,"player_choice":"Gather Gold","damage_taken":11,"max_hp_gain":0,"max_hp_loss":0,"event_name":"World of Goop","floor":11,"gold_loss":0},{"cards_removed":["Strike_G"],"damage_healed":0,"gold_gain":0,"player_choice":"Card Removal","damage_taken":0,"max_hp_gain":0,"max_hp_loss":0,"event_name":"The Cleric","floor":14,"gold_loss":50},{"damage_healed":0,"gold_gain":0,"player_choice":"Fought Bandits","damage_taken":0,"max_hp_gain":0,"max_hp_loss":0,"event_name":"Masked Bandits","floor":20,"gold_loss":0},{"damage_healed":0,"gold_gain":0,"player_choice":"Ignored","damage_taken":0,"max_hp_gain":0,"max_hp_loss":0,"event_name":"Ghosts","floor":21,"gold_loss":0},{"cards_removed":["Crippling Poison"],"damage_healed":0,"gold_gain":0,"player_choice":"Took Card","damage_taken":0,"max_hp_gain":0,"max_hp_loss":0,"event_name":"NoteForYourself","floor":22,"gold_loss":0,"cards_obtained":["Iron Wave"]},{"cards_removed":["Strike_G"],"damage_healed":0,"gold_gain":0,"player_choice":"Purged","damage_taken":0,"max_hp_gain":0,"max_hp_loss":0,"event_name":"Purifier","floor":37,"gold_loss":0},{"cards_removed":["Defend_G"],"damage_healed":0,"gold_gain":0,"player_choice":"Removed Skill","damage_taken":0,"max_hp_gain":0,"max_hp_loss":0,"event_name":"Falling","floor":39,"gold_loss":0},{"damage_healed":38,"gold_gain":0,"player_choice":"Heal","damage_taken":0,"max_hp_gain":0,"max_hp_loss":0,"event_name":"MindBloom","floor":48,"gold_loss":0,"cards_obtained":["Doubt"]}],"is_beta":false,"boss_relics":[{"not_picked":["Pandora\u0027s Box","Empty Cage"],"picked":"WristBlade"},{"not_picked":["Calling Bell","White Beast Statue"],"picked":"Fusion Hammer"}],"items_purged_floors":[13,19],"is_endless":false,"potions_floor_spawned":[1,4,12,25,30,33,38,46],"ascension_level":0}