{"gold_per_floor":[118,118,118,143,28,66,89,127,127,143,143,28,28,48,48,143,143,161,182,203,227,241,3,27,50,50,81,96,109,150,150,150,240,240,260,260,260,86,86,104,31,367,367,391,391,405,425,25,25,25],"floor_reached":51,"playtime":1990,"items_purged":["Strike_B"],"score":1386,"play_id":"7eebcb86-5a5f-487c-8337-8fb67bf94abd","local_time":"25620320190009","is_ascension_mode":true,"campfire_choices":[{"floor":11.0,"key":"REST"},{"floor":13.0,"key":"REST"},{"floor":15.0,"key":"REST"},{"floor":32.0,"key":"RECALL"},{"floor":49.0,"key":"REST"}],"neow_cost":"NONE","seed_source_timestamp":7934649770884,"circlet_count":0,"master_deck":["AscendersBane","Defend_B+1","Defend_B+1","Defend_B+1","Defend_B+1","Zap+1","Dualcast+1","Conserve Battery+1","Doom and Gloom+1","Beam Cell+1","Hologram+1","Sunder+1","Conserve Battery+1","All For One+1","White Noise+1","Self Repair+1","Streamline+1","FTL+1","Sweeping Beam+1","Core Surge+1","Heatsinks+1","Chill+1","Barrage+1","Scrape+1","Coolheaded+1","Gash+1","Streamline+1","Force Field+1","Conserve Battery+1","Dramatic Entrance+1","Static Discharge+1","Hologram+1","Turbo+1","Self Repair+1","Aggregate+1","Electrodynamics+1","Self Repair+1","Rip and Tear+1","White Noise+1","Machine Learning+1","Beam Cell+1","Loop+1","Beam Cell","Go for the Eyes","Consume+1","Steam","Go for the Eyes","Gash+1","Rainbow","Gash+1","Redo+1","Beam Cell","Glacier"],"special_seed":0,"relics":["Fusion Hammer","Golden Idol","Prayer Wheel","Letter Opener","Cables","Astrolabe","Centennial Puzzle","Kunai","Blue Candle","Darkstone Periapt","Inserter","Mark of the Bloom","Tiny Chest","Old Coin","Gambling Chip","Bottled Lightning","Vajra"],"potions_floor_usage":[50],"damage_taken":[{"damage":1.0,"enemies":"Cultist","floor":1.0,"turns":4.0},{"damage":4.0,"enemies":"Small Slimes","floor":4.0,"turns":3.0},{"damage":10.0,"enemies":"Lagavulin","floor":6.0,"turns":5.0},{"damage":0.0,"enemies":"2 Louse","floor":7.0,"turns":2.0},{"damage":31.0,"enemies":"Gremlin Nob","floor":8.0,"turns":4.0},{"damage":0.0,"enemies":"Large Slime","floor":10.0,"turns":3.0},{"damage":0.0,"enemies":"3 Louse","floor":14.0,"turns":2.0},{"damage":26.0,"enemies":"Slime Boss","floor":16.0,"turns":6.0},{"damage":10.0,"enemies":"Spheric Guardian","floor":18.0,"turns":5.0},{"damage":9.0,"enemies":"2 Thieves","floor":19.0,"turns":4.0},{"damage":0.0,"enemies":"Cultist and Chosen","floor":20.0,"turns":6.0},{"damage":2.0,"enemies":"Snecko","floor":22.0,"turns":3.0},{"damage":11.0,"enemies":"Centurion and Healer","floor":24.0,"turns":5.0},{"damage":8.0,"enemies":"3 Cultists","floor":25.0,"turns":4.0},{"damage":26.0,"enemies":"Slavers","floor":27.0,"turns":4.0},{"damage":2.0,"enemies":"Sentry and Sphere","floor":28.0,"turns":6.0},{"damage":18.0,"enemies":"Snake Plant","floor":29.0,"turns":5.0},{"damage":0.0,"enemies":"Gremlin Leader","floor":30.0,"turns":6.0},{"damage":11.0,"enemies":"Champ","floor":33.0,"turns":14.0},{"damage":0.0,"enemies":"Orb Walker","floor":35.0,"turns":3.0},{"damage":17.0,"enemies":"3 Darklings","floor":40.0,"turns":4.0},{"damage":15.0,"enemies":"Nemesis","floor":42.0,"turns":5.0},{"damage":4.0,"enemies":"Spire Growth","floor":44.0,"turns":4.0},{"damage":0.0,"enemies":"Maw","floor":46.0,"turns":5.0},{"damage":0.0,"enemies":"Sphere and 2 Shapes","floor":47.0,"turns":4.0},{"damage":19,"enemies":"Donu and Deca","floor":50,"turns":8}],"seed_played":"-559664373177413832","potions_obtained":[{"floor":3.0,"key":"SteroidPotion"},{"floor":3.0,"key":"GamblersBrew"},{"floor":4.0,"key":"EssenceOfSteel"},{"floor":6.0,"key":"Strength Potion"},{"floor":8.0,"key":"LiquidBronze"},{"floor":10.0,"key":"Swift Potion"},{"floor":24.0,"key":"FearPotion"},{"floor":25.0,"key":"Dexterity Potion"},{"floor":29.0,"key":"Swift Potion"},{"floor":30.0,"key":"AttackPotion"},{"floor":44.0,"key":"SkillPotion"}],"is_trial":false,"path_per_floor":["M","?","?","M","$","E","M","E","T","M","R","$","R","M","R","B",null,"M","M","M","T","M","$","M","M","T","E","M","M","E","?","R","B",null,"M","?","?","$","?","M","$","E","T","M","?","M","M","$","R","B",null],"character_chosen":"DEFECT","items_purchased":["Dramatic Entrance","Beam Cell","Self Repair","Streamline","Dramatic Entrance","Static Discharge","Tiny Chest","Beam Cell","Steam","Go for the Eyes","Bottled Lightning","Vajra"],"campfire_rested":4,"item_purchase_floors":[5,5,12,12,23,23,38,38,41,41,48,48],"current_hp_per_floor":[63,63,63,59,59,49,49,18,18,18,37,37,56,56,64,45,59,56,47,54,54,52,52,48,47,47,35,47,43,64,64,64,64,64,64,64,64,64,64,47,47,32,32,28,28,28,28,28,28,9],"gold":25,"neow_bonus":"BOSS_RELIC","is_prod":false,"is_daily":false,"chose_seed":false,"campfire_upgraded":0,"win_rate":0,"timestamp":1553083209,"path_taken":["M","?","?","M","$","E","M","E","T","M","R","$","R","?","R","BOSS","M","M","M","?","M","$","M","M","T","E","M","M","E","?","R","BOSS","M","?","?","$","?","M","$","E","T","M","?","M","?","?","R","BOSS"],"build_version":"2019-01-23","purchased_purges":1,"victory":true,"max_hp_per_floor":[71,64,64,64,64,64,64,64,64,64,64,64,64,64,64,64,64,64,64,64,64,64,64,64,64,64,64,64,64,64,64,64,64,64,64,64,64,64,64,64,64,64,64,64,64,64,64,64,64,64],"card_choices":[{"not_picked":["Redo","Rebound"],"picked":"Conserve Battery","floor":1.0},{"not_picked":["Reprogram","Leap"],"picked":"Doom and Gloom","floor":4.0},{"not_picked":["Beam Cell","Conserve Battery"],"picked":"Hologram","floor":6.0},{"not_picked":["Auto Shields","Sweeping Beam"],"picked":"Sunder","floor":7.0},{"not_picked":["Undo","Hologram","Hello World"],"picked":"SKIP","floor":7.0},{"not_picked":["Ball Lightning","Redo"],"picked":"Conserve Battery","floor":8.0},{"not_picked":["Ball Lightning","Turbo"],"picked":"All For One","floor":10.0},{"not_picked":["Stack","Turbo"],"picked":"White Noise","floor":10.0},{"not_picked":["Force Field","Compile Driver"],"picked":"FTL","floor":14.0},{"not_picked":["Streamline","Darkness"],"picked":"Sweeping Beam","floor":14.0},{"not_picked":["Seek","Meteor Strike"],"picked":"Core Surge","floor":16.0},{"not_picked":["Turbo","Consume"],"picked":"Scrape","floor":18.0},{"not_picked":["Hologram","Leap","Melter"],"picked":"SKIP","floor":18.0},{"not_picked":["Ball Lightning","Rebound"],"picked":"Cold Snap","floor":19.0},{"not_picked":["Melter+1","Consume"],"picked":"Coolheaded","floor":19.0},{"not_picked":["Rebound","Fission"],"picked":"Gash","floor":20.0},{"not_picked":["Force Field","Coolheaded"],"picked":"Streamline","floor":20.0},{"not_picked":["Compile Driver","Hello World"],"picked":"Force Field","floor":22.0},{"not_picked":["Ball Lightning","Compile Driver"],"picked":"Conserve Battery","floor":22.0},{"not_picked":["Aggregate","Stack"],"picked":"Hologram","floor":24.0},{"not_picked":["Hologram","Conserve Battery"],"picked":"Turbo","floor":24.0},{"not_picked":["Steam Power","Beam Cell"],"picked":"Self Repair","floor":25.0},{"not_picked":["Recycle+1","Barrage"],"picked":"Aggregate+1","floor":25.0},{"not_picked":["Ball Lightning","Reprogram"],"picked":"Electrodynamics","floor":27.0},{"not_picked":["Chaos","Stack","Auto Shields"],"picked":"SKIP","floor":28.0},{"not_picked":["Barrage","Turbo","Cold Snap"],"picked":"SKIP","floor":28.0},{"not_picked":["Coolheaded","Force Field"],"picked":"Self Repair","floor":29.0},{"not_picked":["Conserve Battery","Stack"],"picked":"Rip and Tear","floor":29.0},{"not_picked":["FTL","Streamline"],"picked":"White Noise","floor":30.0},{"not_picked":["Thunder Strike","Rainbow"],"picked":"Machine Learning","floor":33.0},{"not_picked":["Recycle","Scrape"],"picked":"Beam Cell","floor":35.0},{"not_picked":["Auto Shields","Redo"],"picked":"Loop+1","floor":35.0},{"not_picked":["Chaos","Chill"],"picked":"Go for the Eyes","floor":40.0},{"not_picked":["Rebound","Compile Driver"],"picked":"Consume+1","floor":40.0},{"not_picked":["Rip and Tear","Beam Cell"],"picked":"Gash+1","floor":42.0},{"not_picked":["Coolheaded","Blizzard"],"picked":"Rainbow","floor":44.0},{"not_picked":["Stack","Blizzard+1"],"picked":"Gash+1","floor":44.0},{"not_picked":["Compile Driver","Leap"],"picked":"Redo+1","floor":46.0},{"not_picked":["Fusion","Melter","Streamline"],"picked":"SKIP","floor":46.0},{"not_picked":["Steam","Sunder"],"picked":"Beam Cell","floor":47.0},{"not_picked":["Cold Snap","Chill"],"picked":"Glacier","floor":47.0}],"player_experience":330782,"relics_obtained":[{"floor":6.0,"key":"Prayer Wheel"},{"floor":8.0,"key":"Letter Opener"},{"floor":9.0,"key":"Cables"},{"floor":21.0,"key":"Centennial Puzzle"},{"floor":26.0,"key":"Kunai"},{"floor":27.0,"key":"Blue Candle"},{"floor":30.0,"key":"Darkstone Periapt"},{"floor":42.0,"key":"Old Coin"},{"floor":43.0,"key":"Gambling Chip"}],"event_choices":[{"damage_healed":0.0,"max_hp_gain":0.0,"max_hp_loss":7.0,"gold_gain":0.0,"event_name":"Golden Idol","player_choice":"Lose Max HP","floor":2.0,"gold_loss":0.0,"damage_taken":0.0,"relics_obtained":["Golden Idol"]},{"damage_healed":0.0,"max_hp_gain":0.0,"max_hp_loss":0.0,"gold_gain":0.0,"event_name":"Lab","player_choice":"Got Potions","floor":3.0,"gold_loss":0.0,"damage_taken":0.0},{"damage_healed":0.0,"max_hp_gain":0.0,"max_hp_loss":0.0,"gold_gain":0.0,"event_name":"Back to Basics","player_choice":"Simplicity","floor":31.0,"gold_loss":0.0,"damage_taken":0.0,"cards_upgraded":["Defend_B","Defend_B","Defend_B","Defend_B"]},{"damage_healed":0.0,"max_hp_gain":0.0,"max_hp_loss":0.0,"gold_gain":0.0,"event_name":"Mysterious Sphere","player_choice":"Ignored","floor":36.0,"gold_loss":0.0,"damage_taken":0.0},{"damage_healed":0.0,"max_hp_gain":0.0,"max_hp_loss":0.0,"gold_gain":0.0,"event_name":"MindBloom","player_choice":"Upgrade","floor":37.0,"gold_loss":0.0,"damage_taken":0.0,"cards_upgraded":["Zap","Dualcast","Conserve Battery","Doom and Gloom","Dramatic Entrance","Beam Cell","Hologram","Sunder","Conserve Battery","All For One","White Noise","Self Repair","Streamline","FTL","Sweeping Beam","Core Surge","Scrape","Cold Snap","Coolheaded","Gash","Streamline","Force Field","Conserve Battery","Dramatic Entrance","Static Discharge","Hologram","Turbo","Self Repair","Electrodynamics","Self Repair","Rip and Tear","White Noise","Machine Learning","Beam Cell"],"relics_obtained":["Mark of the Bloom"]},{"cards_removed":["Cold Snap"],"damage_healed":0.0,"max_hp_gain":0.0,"max_hp_loss":0.0,"gold_gain":0.0,"event_name":"Falling","player_choice":"Removed Attack","floor":39.0,"gold_loss":0.0,"damage_taken":0.0},{"cards_removed":["Dramatic Entrance"],"damage_healed":0.0,"max_hp_gain":0.0,"max_hp_loss":0.0,"gold_gain":0.0,"event_name":"Purifier","player_choice":"Purged","floor":45.0,"gold_loss":0.0,"damage_taken":0.0}],"is_beta":false,"boss_relics":[{"not_picked":["Lizard Tail","Empty Cage"],"picked":"Astrolabe"},{"not_picked":["Tiny House","Runic Dome"],"picked":"Inserter"}],"items_purged_floors":[23],"is_endless":false,"potions_floor_spawned":[4,6,8,10,24,25,29,30,33,35,44,46],"ascension_level":15}