{"gold_per_floor":[20,30,41,91,56,56,84,84,108,141,160,160,192,203,203,275,275,292,311,330,14,27,27,61,61,87,87,107,135,155,175,175,247,247,264,276,293,293,309,309,323,334,334,88,88,105,105,105,105,105],"floor_reached":51,"playtime":4534,"items_purged":["Strike_B","Normality"],"score":1667,"play_id":"718bc1fe-7853-4702-a8f2-1cbc29fba65e","local_time":"20180725180123","is_ascension_mode":true,"campfire_choices":[{"data":"Zap","floor":6.0,"key":"SMITH"},{"data":"Dualcast","floor":8.0,"key":"SMITH"},{"data":"Coolheaded","floor":12.0,"key":"SMITH"},{"data":"Streamline","floor":15.0,"key":"SMITH"},{"floor":23,"key":"REST"},{"data":"Hologram","floor":25,"key":"SMITH"},{"data":"Defragment","floor":27,"key":"SMITH"},{"floor":32,"key":"REST"},{"floor":40,"key":"REST"},{"floor":45,"key":"REST"},{"data":"Hologram","floor":47,"key":"SMITH"},{"data":"Glacier","floor":49,"key":"SMITH"}],"neow_cost":"NO_GOLD","seed_source_timestamp":35352759195440,"circlet_count":0,"master_deck":["Strike_B","Strike_B","Strike_B","Defend_B","Defend_B","Defend_B","Defend_B","Zap+1","Dualcast+1","AscendersBane","Reboot","Ball Lightning","Glacier+1","Auto Shields","Coolheaded+1","Conserve Battery","Rebound","Streamline+1","Echo Form","Defragment+1","Leap+1","Hologram+1","Blizzard+1","Coolheaded","Hologram+1","Seek","Chill+1","Stack","Machine Learning","White Noise+1","Stack+1","Compile Driver","Coolheaded+1","White Noise+1","Recycle+1"],"special_seed":0,"relics":["Cracked Core","Dream Catcher","Anchor","Potion Belt","Du-Vu Doll","Sozu","Cables","Gremlin Horn","Vajra","Juzu Bracelet","Cursed Key","Thread and Needle","Toxic Egg 2"],"potions_floor_usage":[24,50,50],"damage_taken":[{"damage":10.0,"enemies":"Small Slimes","floor":1.0,"turns":4.0},{"damage":0.0,"enemies":"Cultist","floor":2.0,"turns":3.0},{"damage":1.0,"enemies":"2 Louse","floor":3.0,"turns":2.0},{"damage":1.0,"enemies":"3 Sentries","floor":7.0,"turns":9.0},{"damage":2.0,"enemies":"Lagavulin","floor":10.0,"turns":8.0},{"damage":2.0,"enemies":"2 Fungi Beasts","floor":11.0,"turns":3.0},{"damage":0.0,"enemies":"Gremlin Nob","floor":13.0,"turns":4.0},{"damage":0.0,"enemies":"Exordium Thugs","floor":14.0,"turns":3.0},{"damage":15.0,"enemies":"Slime Boss","floor":16.0,"turns":12.0},{"damage":0.0,"enemies":"Chosen","floor":18.0,"turns":4.0},{"damage":4.0,"enemies":"Spheric Guardian","floor":19.0,"turns":4.0},{"damage":1.0,"enemies":"Chosen and Byrds","floor":20.0,"turns":4.0},{"damage":12,"enemies":"Snake Plant","floor":22,"turns":4},{"damage":13,"enemies":"Gremlin Leader","floor":24,"turns":8},{"damage":0,"enemies":"Cultist and Chosen","floor":28,"turns":6},{"damage":19,"enemies":"Book of Stabbing","floor":29,"turns":6},{"damage":0,"enemies":"Snecko","floor":30,"turns":5},{"damage":5,"enemies":"3 Cultists","floor":31,"turns":5},{"damage":0,"enemies":"Champ","floor":33,"turns":13},{"damage":8,"enemies":"3 Shapes","floor":35,"turns":4},{"damage":0,"enemies":"Flame Bruiser 1 Orb","floor":36,"turns":5},{"damage":2,"enemies":"Sphere and 2 Shapes","floor":37,"turns":5},{"damage":15,"floor":38,"turns":7},{"damage":6,"enemies":"Spire Growth","floor":39,"turns":6},{"damage":0,"enemies":"Maw","floor":41,"turns":7},{"damage":0,"enemies":"Sphere and 2 Shapes","floor":42,"turns":6},{"damage":10,"enemies":"Transient","floor":46,"turns":5},{"damage":7,"enemies":"Donu and Deca","floor":50,"turns":10}],"seed_played":"5889940924151277975","potions_obtained":[{"floor":3.0,"key":"Weak Potion"},{"floor":7.0,"key":"SpeedPotion"},{"floor":11.0,"key":"Fire Potion"},{"floor":14.0,"key":"Dexterity Potion"},{"floor":16.0,"key":"Dexterity Potion"}],"is_trial":false,"path_per_floor":["M","M","M","?","?","R","E","R","T","E","M","R","E","M","R","B",null,"M","M","M","$","M","R","E","R","T","R","M","E","M","M","R","B",null,"M","M","M","?","M","R","M","M","T","$","R","M","R","?","R","B"],"character_chosen":"DEFECT","items_purchased":["Cables","Stack+1","Compile Driver","Coolheaded+1"],"campfire_rested":4,"item_purchase_floors":[21,44,44,44],"current_hp_per_floor":[54,54,53,53,70,70,69,69,69,67,65,65,65,65,65,50,66,66,62,61,61,49,70,57,57,57,57,57,38,38,33,54,54,67,59,59,57,42,36,57,57,57,57,57,71,61,61,61,61,54],"gold":105,"neow_bonus":"THREE_RARE_CARDS","is_prod":false,"is_daily":false,"chose_seed":false,"campfire_upgraded":8,"win_rate":0,"timestamp":1532566883,"path_taken":["M","M","M","?","?","R","E","R","T","E","M","R","E","M","R","BOSS","M","M","M","$","M","R","E","R","T","R","M","E","M","M","R","BOSS","M","M","M","?","M","R","M","M","T","$","R","M","R","?","R","BOSS"],"build_version":"2018-07-19v2","purchased_purges":2,"victory":true,"max_hp_per_floor":[71,71,71,71,71,71,71,71,71,71,71,71,71,71,71,71,71,71,71,71,71,71,71,71,71,71,71,71,71,71,71,71,71,71,71,71,71,71,71,71,71,71,71,71,71,71,71,71,71,71],"card_choices":[{"not_picked":["Meteor Strike","Multi-Cast"],"picked":"Reboot","floor":0.0},{"not_picked":["Cold Snap","Sunder"],"picked":"Ball Lightning","floor":1.0},{"not_picked":["Force Field","Self Repair"],"picked":"Glacier","floor":2.0},{"not_picked":["Fusion","Coolheaded"],"picked":"Auto Shields","floor":3.0},{"not_picked":["Steam","Sunder"],"picked":"Coolheaded","floor":7.0},{"not_picked":["Coolheaded","Blizzard"],"picked":"Conserve Battery","floor":10.0},{"not_picked":["Steam","Doom and Gloom"],"picked":"Rebound","floor":11.0},{"not_picked":["Hello World","Darkness"],"picked":"Streamline","floor":13.0},{"not_picked":["Coolheaded","Beam Cell","Stack"],"picked":"SKIP","floor":14.0},{"not_picked":["All For One","Rainbow"],"picked":"Echo Form","floor":16.0},{"not_picked":["Redo","Sunder","Auto Shields"],"picked":"SKIP","floor":18.0},{"not_picked":["Go for the Eyes","Barrage"],"picked":"Defragment","floor":19.0},{"not_picked":["Turbo","Go for the Eyes","Rebound"],"picked":"SKIP","floor":20.0},{"not_picked":["Barrage+1","Gash"],"picked":"Leap+1","floor":22},{"not_picked":["Auto Shields","Compile Driver"],"picked":"Hologram","floor":23},{"not_picked":["Sweeping Beam+1","Hyperbeam","Recycle"],"picked":"SKIP","floor":24},{"not_picked":["Storm","Static Discharge","Sweeping Beam+1"],"picked":"SKIP","floor":28},{"not_picked":["Steam","Compile Driver"],"picked":"Blizzard+1","floor":29},{"not_picked":["Steam","Streamline"],"picked":"Coolheaded","floor":30},{"not_picked":["Auto Shields","Ball Lightning","Barrage+1"],"picked":"SKIP","floor":31},{"not_picked":["White Noise","Static Discharge"],"picked":"Hologram","floor":32},{"not_picked":["Fission","Thunder Strike"],"picked":"Seek","floor":33},{"not_picked":["Sweeping Beam","Streamline","Gash"],"picked":"SKIP","floor":35},{"not_picked":["Static Discharge","Streamline"],"picked":"Chill+1","floor":36},{"not_picked":["Doom and Gloom","Sweeping Beam"],"picked":"Stack","floor":37},{"not_picked":["Static Discharge","Skim"],"picked":"Machine Learning","floor":38},{"not_picked":["Sweeping Beam","Chill"],"picked":"White Noise+1","floor":39},{"not_picked":["Hologram","Rebound","Compile Driver+1"],"picked":"SKIP","floor":41},{"not_picked":["Heatsinks","Melter","Self Repair+1"],"picked":"SKIP","floor":42},{"not_picked":["Leap+1","Rip and Tear"],"picked":"White Noise+1","floor":45},{"not_picked":["Thunder Strike","Go for the Eyes"],"picked":"Recycle+1","floor":46}],"player_experience":891200,"relics_obtained":[{"floor":7.0,"key":"Dream Catcher"},{"floor":9.0,"key":"Anchor"},{"floor":10.0,"key":"Potion Belt"},{"floor":13.0,"key":"Du-Vu Doll"},{"floor":24,"key":"Gremlin Horn"},{"floor":26,"key":"Vajra"},{"floor":29,"key":"Juzu Bracelet"},{"floor":38,"key":"Thread and Needle"},{"floor":43,"key":"Toxic Egg 2"}],"event_choices":[{"event_name":"Golden Shrine","player_choice":"Pray","floor":4.0,"damage_taken":0.0},{"event_name":"The Cleric","player_choice":"Healed","floor":5.0,"damage_taken":0.0},{"event_name":"MindBloom","player_choice":"Fight","floor":38,"damage_taken":0},{"event_name":"Mysterious Sphere","player_choice":"Ignore","floor":48,"damage_taken":0}],"is_beta":false,"boss_relics":[{"not_picked":["White Beast Statue","Tiny House"],"picked":"Sozu"},{"not_picked":["Philosopher\u0027s Stone","Eternal Feather"],"picked":"Cursed Key"}],"items_purged_floors":[21,44],"is_endless":false,"potions_floor_spawned":[3,7,11,14,16,20,24,31,35,38,39,42],"ascension_level":15}