{"gold_per_floor":[109,119,119,119,130,130,164,164,164,164,178,198,209,209,209,209],"floor_reached":16,"playtime":454,"items_purged":[],"score":102,"play_id":"01fa9bef-6cc5-42b2-a255-895387c24849","local_time":"20181216152502","is_ascension_mode":false,"campfire_choices":[{"floor":6,"key":"REST"},{"data":"Go for the Eyes","floor":8,"key":"SMITH"},{"data":"Doom and Gloom","floor":10,"key":"SMITH"},{"data":"Electrodynamics","floor":15,"key":"SMITH"}],"neow_cost":"NONE","seed_source_timestamp":25120915776081,"circlet_count":0,"master_deck":["Strike_B","Strike_B","Strike_B+1","Defend_B","Defend_B","Defend_B+1","Defend_B","Zap","Dualcast","Doom and Gloom+1","Cold Snap","Go for the Eyes+1","Electrodynamics+1","Defragment"],"relics":["Snecko Eye","Blue Candle"],"potions_floor_usage":[],"damage_taken":[{"damage":17,"enemies":"Small Slimes","floor":1,"turns":7},{"damage":0,"enemies":"2 Louse","floor":2,"turns":1},{"damage":0,"enemies":"Jaw Worm","floor":5,"turns":4},{"damage":21,"enemies":"3 Sentries","floor":7,"turns":6},{"damage":3,"enemies":"Red Slaver","floor":11,"turns":3},{"damage":0,"enemies":"Exordium Wildlife","floor":12,"turns":3},{"damage":4,"enemies":"Blue Slaver","floor":13,"turns":2},{"damage":0,"enemies":"Hexaghost","floor":16,"turns":1}],"seed_played":"-473705777887118529","potions_obtained":[{"floor":5,"key":"Swift Potion"},{"floor":7,"key":"Poison Potion"},{"floor":11,"key":"Swift Potion"}],"is_trial":false,"path_per_floor":["M","M","?","?","M","R","E","R","T","R","M","M","M","?","R","B"],"character_chosen":"DEFECT","items_purchased":[],"campfire_rested":1,"item_purchase_floors":[],"current_hp_per_floor":[58,58,43,36,36,58,37,37,37,37,34,34,30,35,35,35],"gold":209,"neow_bonus":"BOSS_RELIC","is_prod":false,"is_daily":false,"chose_seed":false,"campfire_upgraded":3,"win_rate":0,"timestamp":1545002702,"path_taken":["M","M","?","?","M","R","E","R","T","R","M","M","M","?","R","BOSS"],"build_version":"2018-12-13","purchased_purges":0,"victory":false,"max_hp_per_floor":[75,75,75,75,75,75,75,75,75,75,75,75,75,80,80,80],"card_choices":[{"not_picked":["Ball Lightning","Undo"],"picked":"Doom and Gloom","floor":1},{"not_picked":["Gash","Rebound"],"picked":"Cold Snap","floor":2},{"not_picked":["Turbo","Stack","Sweeping Beam"],"picked":"SKIP","floor":5},{"not_picked":["Steam","Barrage"],"picked":"Go for the Eyes","floor":7},{"not_picked":["Beam Cell","Steam"],"picked":"Electrodynamics","floor":11},{"not_picked":["Streamline","Tempest"],"picked":"Defragment","floor":12},{"not_picked":["Rebound","Cold Snap","Sweeping Beam"],"picked":"SKIP","floor":13}],"player_experience":1829871,"relics_obtained":[{"floor":7,"key":"Blue Candle"}],"event_choices":[{"damage_healed":0,"gold_gain":0,"player_choice":"Entered Light","damage_taken":15,"max_hp_gain":0,"max_hp_loss":0,"event_name":"Shining Light","floor":3,"gold_loss":0,"cards_upgraded":["Defend_B","Strike_B"]},{"cards_removed":["Strike_B"],"damage_healed":0,"gold_gain":0,"player_choice":"Card Removal","damage_taken":7,"max_hp_gain":0,"max_hp_loss":0,"event_name":"Golden Wing","floor":4,"gold_loss":0},{"damage_healed":0,"gold_gain":0,"player_choice":"Donut","damage_taken":0,"max_hp_gain":5,"max_hp_loss":0,"event_name":"Big Fish","floor":14,"gold_loss":0}],"is_beta":false,"boss_relics":[],"items_purged_floors":[],"is_endless":false,"potions_floor_spawned":[5,7,11],"killed_by":"Hexaghost","ascension_level":0}