{"gold_per_floor":[361,73,73,73,93,136,157,200,250,250,250,250,265,52,52,148,148,101,124,2,2,2,40,40,71,94,94,94,94,128,142,142,235,235,255,271,286,67,123,167,192,210,265,308,37,78,158,197,197,197,197,197,197,40,75,75],"floor_reached":57,"playtime":4976,"items_purged":["Strike_B","Decay"],"score":2993,"play_id":"1e57db51-4c2f-4517-b787-0fca5e5d9b0d","local_time":"20190329185509","is_ascension_mode":true,"campfire_choices":[{"data":"Defragment","floor":11.0,"key":"SMITH"},{"data":"Apotheosis","floor":27.0,"key":"SMITH"},{"floor":29.0,"key":"REST"},{"data":"Looming Evil","floor":32.0,"key":"PURGE"},{"floor":49.0,"key":"RECALL"},{"floor":53.0,"key":"DIG"}],"neow_cost":"TEN_PERCENT_HP_LOSS","seed_source_timestamp":0,"circlet_count":0,"master_deck":["AscendersBane","Strike_B","Strike_B+1","Defend_B","Defend_B","Defend_B+1","Defend_B","Dualcast","Time Bomb","Defragment","Defragment+1","Deadly Poison","Self Repair","Coolheaded+1","Chill","Turbo","Discovery","BasicCrystalCard","FTL","Hello World","Reboot","ReplayTheSpireMod:Omega Cannon","Hologram","Apotheosis+1","All For One","Chaos","ReplaySort","Tempest","Electrodynamics","Stack+1","Consume","Reinforced Body","Undo"],"special_seed":0,"relics":["Orichalcum","Ring of the Snake","Golden Idol","Solar Panel","PreservedInsect","Replay:Mystery Machine","BargainBundle","Runic Dome","ReplayTheSpireMod:CursedCoin","Dead Branch","Enchiridion","Blue Doll","Simple Rune","Shovel","Snecko Eye","Chemical X","Bird Faced Urn","Counterbalance","Lantern","Mummified Hand","Vajra","ReplayFunnel","ReplayTheSpireMod:Bottled Steam","Replay:Rubber Ducky","Arrowhead"],"potions_floor_usage":[56],"damage_taken":[{"damage":3.0,"enemies":"Small Slimes","floor":1.0,"turns":4.0},{"damage":4.0,"enemies":"Jaw Worm","floor":5.0,"turns":5.0},{"damage":25.0,"enemies":"Lagavulin","floor":6.0,"turns":6.0},{"damage":0.0,"enemies":"2 Louse","floor":7.0,"turns":4.0},{"damage":3.0,"enemies":"Erikyupuro","floor":8.0,"turns":14.0},{"damage":0.0,"enemies":"2 Fungi Beasts","floor":13.0,"turns":5.0},{"damage":10.0,"enemies":"The Guardian","floor":16.0,"turns":8.0},{"damage":7.0,"enemies":"2 Thieves","floor":18.0,"turns":5.0},{"damage":28.0,"enemies":"Spheric Guardian","floor":19.0,"turns":7.0},{"damage":1.0,"enemies":"Slavers","floor":23.0,"turns":3.0},{"damage":8.0,"enemies":"Book of Stabbing","floor":25.0,"turns":4.0},{"damage":17.0,"enemies":"Replay:Snechameleon","floor":30.0,"turns":3.0},{"damage":2.0,"enemies":"Snake Plant","floor":31.0,"turns":2.0},{"damage":1.0,"enemies":"Collector","floor":33.0,"turns":10.0},{"damage":25.0,"enemies":"3 Darklings","floor":35.0,"turns":4.0},{"damage":0.0,"enemies":"3 Shapes","floor":36.0,"turns":3.0},{"damage":28.0,"enemies":"Sphere and 2 Shapes","floor":37.0,"turns":4.0},{"damage":17.0,"enemies":"2 Orb Walkers","floor":39.0,"turns":3.0},{"damage":0.0,"enemies":"Giant Head","floor":40.0,"turns":7.0},{"damage":26.0,"enemies":"Jaw Worm Horde","floor":41.0,"turns":4.0},{"damage":0.0,"enemies":"Transient","floor":42.0,"turns":6.0},{"damage":6.0,"enemies":"R_Hoarder","floor":44.0,"turns":4.0},{"damage":0.0,"enemies":"Reptomancer","floor":46.0,"turns":2.0},{"damage":30.0,"enemies":"Nemesis","floor":48.0,"turns":5.0},{"damage":4.0,"enemies":"Awakened One","floor":50.0,"turns":12.0},{"damage":1.0,"enemies":"Donu and Deca","floor":51.0,"turns":3.0},{"damage":36,"enemies":"Shield and Spear","floor":55,"turns":5},{"damage":54,"enemies":"The Heart","floor":56,"turns":11}],"seed_played":"5949261492581379580","potions_obtained":[{"floor":7.0,"key":"AttackPotion"},{"floor":13.0,"key":"PowerPotion"},{"floor":18.0,"key":"SteroidPotion"},{"floor":23.0,"key":"Weak Potion"},{"floor":31.0,"key":"Adrenaline Potion"},{"floor":33.0,"key":"Block Potion"},{"floor":36.0,"key":"Explosive Potion"},{"floor":39.0,"key":"SpeedPotion"},{"floor":42.0,"key":"Energy Potion"}],"is_trial":false,"path_per_floor":["M","$","?","?","M","E","M","E","T","?","R","?","M","$","R","B",null,"M","M","$","?","$","E","?","E","T","R","?","R","E","M","R","B",null,"M","M","M","$","?","E","M","M","T","E","$","E","T","E","R","B","B",null,"R","$","E","B",null],"character_chosen":"DEFECT","items_purchased":["Defragment","Orichalcum","BargainBundle","Discovery","BasicCrystalCard","FTL","Hello World","ReplayTheSpireMod:CursedCoin","Apotheosis","All For One","Chemical X","Mummified Hand","Replay:Rubber Ducky"],"campfire_rested":1,"item_purchase_floors":[2,2,14,14,14,14,14,20,20,20,38,45,54],"current_hp_per_floor":[61,61,61,58,54,36,43,47,47,30,30,30,37,37,37,34,52,52,31,31,31,31,30,9,10,10,10,10,27,21,27,27,33,52,45,53,49,49,36,54,53,58,58,58,58,58,58,54,54,58,58,58,58,58,40,40],"gold":75,"neow_bonus":"TWO_FIFTY_GOLD","is_prod":false,"is_daily":false,"chose_seed":false,"campfire_upgraded":2,"win_rate":0,"timestamp":1553856909,"path_taken":["M","$","?","?","M","E","M","E","T","?","R","?","?","$","R","BOSS","M","M","?","?","$","E","?","E","T","R","?","R","E","M","R","BOSS","M","M","M","$","?","E","M","M","T","E","$","E","?","E","R","BOSS","BOSS","R","$","E","BOSS"],"build_version":"2019-01-23","purchased_purges":2,"victory":true,"max_hp_per_floor":[64,64,64,58,58,58,58,58,58,58,58,58,58,58,58,58,58,58,58,58,58,58,58,58,58,58,58,58,58,58,58,58,58,58,58,58,58,58,58,58,58,58,58,58,58,58,58,58,58,58,58,58,58,58,58,58],"card_choices":[{"not_picked":["Cold Snap","Lockon"],"picked":"Time Bomb","floor":1.0},{"not_picked":["Steam","ReplayTheSpireMod:Calculation Training"],"picked":"Self Repair","floor":5.0},{"not_picked":["FIFO Queue","Rebound"],"picked":"Coolheaded","floor":6.0},{"not_picked":["Sweeping Beam","Barrage"],"picked":"Chill","floor":7.0},{"not_picked":["Gash","Thunder Strike"],"picked":"Turbo","floor":8.0},{"not_picked":["ReplayTheSpireMod:Repulse","Leap","Steam"],"picked":"SKIP","floor":13.0},{"not_picked":["Machine Learning","Core Surge"],"picked":"ReplayTheSpireMod:Omega Cannon","floor":16.0},{"not_picked":["Reinforced Body+1","Turbo"],"picked":"Hologram","floor":18.0},{"not_picked":["Loop","Turbo","Storm+1"],"picked":"SKIP","floor":19.0},{"not_picked":["ReplaySolidLightProjector","Go for the Eyes+1"],"picked":"ReplaySort","floor":23.0},{"not_picked":["Undo","Ball Lightning"],"picked":"Tempest","floor":25.0},{"not_picked":["BasicCrystalCard","Melter+1","Meteor Strike"],"picked":"SKIP","floor":30.0},{"not_picked":["Streamline+1","Reinforced Body","Barrage"],"picked":"SKIP","floor":31.0},{"not_picked":["Thunder Strike","Hyperbeam"],"picked":"Electrodynamics","floor":33.0},{"not_picked":["Cold Snap","Stack","Storm"],"picked":"SKIP","floor":35.0},{"not_picked":["Conserve Battery","Genetic Algorithm+1","Panic Button"],"picked":"SKIP","floor":36.0},{"not_picked":["Conserve Battery","Rebound+1"],"picked":"Stack+1","floor":37.0},{"not_picked":["ReplaySolidLightProjector","Go for the Eyes"],"picked":"Consume","floor":40.0},{"not_picked":["Beam Cell+1","Hello World","Chill"],"picked":"SKIP","floor":41.0},{"not_picked":["Heatsinks","Steam+1","Lockon"],"picked":"SKIP","floor":42.0},{"not_picked":["Redo","Rainbow"],"picked":"Reinforced Body","floor":44.0},{"not_picked":["Hologram","ReplayTheSpireMod:GoodbyeWorld","Coolheaded"],"picked":"SKIP","floor":46.0},{"not_picked":["Genetic Algorithm","Ball Lightning","Lockon"],"picked":"SKIP","floor":48.0},{"not_picked":["Barrage","FTL+1"],"picked":"Undo","floor":55}],"player_experience":2882533,"relics_obtained":[{"floor":6.0,"key":"Solar Panel"},{"floor":8.0,"key":"PreservedInsect"},{"floor":9.0,"key":"Replay:Mystery Machine"},{"floor":23.0,"key":"Dead Branch"},{"floor":24.0,"key":"Enchiridion"},{"floor":25.0,"key":"Blue Doll"},{"floor":26.0,"key":"Simple Rune"},{"floor":30.0,"key":"Shovel"},{"floor":39.0,"key":"Bird Faced Urn"},{"floor":40.0,"key":"Counterbalance"},{"floor":44.0,"key":"Lantern"},{"floor":46.0,"key":"Vajra"},{"floor":48.0,"key":"ReplayFunnel"},{"floor":53.0,"key":"ReplayTheSpireMod:Bottled Steam"},{"floor":55,"key":"Arrowhead"}],"event_choices":[{"damage_healed":0.0,"max_hp_gain":0.0,"max_hp_loss":6.0,"gold_gain":0.0,"event_name":"Golden Idol","player_choice":"Lose Max HP","floor":4.0,"gold_loss":0.0,"damage_taken":0.0,"relics_obtained":["Golden Idol"]},{"damage_healed":0.0,"max_hp_gain":0.0,"max_hp_loss":0.0,"gold_gain":0.0,"event_name":"Shining Light","player_choice":"Entered Light","floor":10.0,"gold_loss":0.0,"damage_taken":17.0,"cards_upgraded":["Strike_B","Coolheaded"]},{"damage_healed":0.0,"max_hp_gain":0.0,"max_hp_loss":0.0,"gold_gain":0.0,"event_name":"Wheel of Change","player_choice":"Cursed","floor":12.0,"gold_loss":0.0,"damage_taken":0.0,"cards_obtained":["Decay"]},{"damage_healed":0.0,"max_hp_gain":0.0,"max_hp_loss":0.0,"gold_gain":0.0,"event_name":"The Library","player_choice":"Read","floor":21.0,"gold_loss":0.0,"damage_taken":0.0,"cards_obtained":["Chaos"]},{"damage_healed":0.0,"max_hp_gain":0.0,"max_hp_loss":0.0,"gold_gain":0.0,"event_name":"Cursed Tome","player_choice":"Obtained Book","floor":24.0,"gold_loss":0.0,"damage_taken":21.0},{"damage_healed":0.0,"max_hp_gain":0.0,"max_hp_loss":0.0,"gold_gain":0.0,"event_name":"Vampires","player_choice":"Ignored","floor":28.0,"gold_loss":0.0,"damage_taken":0.0},{"damage_healed":0.0,"max_hp_gain":0.0,"max_hp_loss":0.0,"gold_gain":0.0,"event_name":"Mysterious Sphere","player_choice":"Fight","floor":39.0,"gold_loss":0.0,"damage_taken":0.0}],"is_beta":false,"boss_relics":[{"not_picked":["Calling Bell","Cursed Key"],"picked":"Runic Dome"},{"not_picked":["Eternal Feather","ChewingGum"],"picked":"Snecko Eye"}],"items_purged_floors":[2,14],"is_endless":false,"potions_floor_spawned":[7,13,18,23,31,33,36,39,40,42],"ascension_level":20}