{"gold_per_floor":[19,35,54,71,119,119,145,145,198,228,228,240,190,223,223,328,328,341,341,341,361,64,98,98,130,130,130,148,148,179,197,197,301,301,314,314,314,16,41,75,75,108,108,137,237,251,262,484,484,484,484,484,17,44,44],"floor_reached":56,"playtime":2982,"items_purged":["Rebound+1","Defend_B","Steam Power+1"],"score":2142,"play_id":"130c6b84-47a6-4294-aa35-8c4409b0ac9e","local_time":"20190314180948","is_ascension_mode":true,"campfire_choices":[{"data":"Darkness","floor":6.0,"key":"SMITH"},{"data":"Sunder","floor":8.0,"key":"SMITH"},{"data":"Fission","floor":15.0,"key":"SMITH"},{"data":"Turbo","floor":24.0,"key":"SMITH"},{"data":"Hologram","floor":27.0,"key":"SMITH"},{"data":"Capacitor","floor":29.0,"key":"SMITH"},{"data":"Conserve Battery","floor":32.0,"key":"SMITH"},{"data":"Rainbow","floor":41.0,"key":"SMITH"},{"floor":49.0,"key":"RECALL"},{"data":"Skim","floor":52.0,"key":"SMITH"}],"neow_cost":"NO_GOLD","seed_source_timestamp":0,"circlet_count":0,"master_deck":["AscendersBane","Zap","Dualcast+1","Sunder+1","Chill","Darkness+1","Turbo+1","Hologram+1","Fission+1","Echo Form","Consume+1","Conserve Battery+1","Necronomicurse","Capacitor+1","White Noise","Rainbow+1","Forethought","Finesse","Force Field+1","Skim+1","Compile Driver+1","Storm"],"special_seed":0,"relics":["Cracked Core","Vajra","Juzu Bracelet","Orichalcum","Nunchaku","PreservedInsect","Astrolabe","Necronomicon","DataDisk","Bottled Flame","Art of War","Mercury Hourglass","Red Mask","Runic Pyramid","OrangePellets","Kunai","Prayer Wheel","Meat on the Bone","Gremlin Horn","Mango","Gambling Chip","Bottled Tornado"],"potions_floor_usage":[55,55],"damage_taken":[{"damage":1.0,"enemies":"Cultist","floor":1.0,"turns":3.0},{"damage":2.0,"enemies":"Jaw Worm","floor":2.0,"turns":3.0},{"damage":0.0,"enemies":"Small Slimes","floor":3.0,"turns":2.0},{"damage":9.0,"enemies":"Gremlin Gang","floor":4.0,"turns":3.0},{"damage":16.0,"enemies":"Gremlin Nob","floor":7.0,"turns":3.0},{"damage":12.0,"enemies":"3 Sentries","floor":10.0,"turns":6.0},{"damage":0.0,"enemies":"Blue Slaver","floor":12.0,"turns":3.0},{"damage":7.0,"enemies":"Lagavulin","floor":14.0,"turns":7.0},{"damage":2.0,"enemies":"Hexaghost","floor":16.0,"turns":7.0},{"damage":6.0,"enemies":"3 Byrds","floor":18.0,"turns":3.0},{"damage":0.0,"enemies":"Spheric Guardian","floor":21.0,"turns":2.0},{"damage":5.0,"enemies":"Slavers","floor":23.0,"turns":2.0},{"damage":0.0,"enemies":"Gremlin Leader","floor":25.0,"turns":3.0},{"damage":0.0,"enemies":"Cultist and Chosen","floor":28.0,"turns":3.0},{"damage":6.0,"enemies":"Masked Bandits","floor":30.0,"turns":3.0},{"damage":0.0,"enemies":"Sentry and Sphere","floor":31.0,"turns":2.0},{"damage":0.0,"enemies":"Collector","floor":33.0,"turns":5.0},{"damage":0.0,"enemies":"3 Shapes","floor":35.0,"turns":3.0},{"damage":0.0,"enemies":"Giant Head","floor":40.0,"turns":5.0},{"damage":24.0,"enemies":"Reptomancer","floor":42.0,"turns":4.0},{"damage":0.0,"enemies":"Nemesis","floor":44.0,"turns":3.0},{"damage":0.0,"enemies":"Mind Bloom Boss Battle","floor":45.0,"turns":6.0},{"damage":2.0,"enemies":"Orb Walker","floor":46.0,"turns":2.0},{"damage":0.0,"enemies":"3 Darklings","floor":47.0,"turns":3.0},{"damage":31.0,"enemies":"Time Eater","floor":50.0,"turns":7.0},{"damage":6.0,"enemies":"Shield and Spear","floor":54.0,"turns":4.0},{"damage":33,"enemies":"The Heart","floor":55,"turns":7}],"seed_played":"-2786797771813374450","potions_obtained":[{"floor":1.0,"key":"Ancient Potion"},{"floor":4.0,"key":"EntropicBrew"},{"floor":33.0,"key":"SkillPotion"},{"floor":44.0,"key":"Dexterity Potion"},{"floor":46.0,"key":"Block Potion"},{"floor":54.0,"key":"FocusPotion"}],"is_trial":false,"path_per_floor":["M","M","M","M","T","R","E","R","T","E","?","M","?","E","R","B",null,"M","?","?","M","$","E","R","E","T","R","M","R","?","M","R","B",null,"M","?","?","$","T","E","R","E","T","E","?","M","M","?","R","B",null,"R","$","E","B",null],"character_chosen":"DEFECT","items_purchased":["DataDisk","Capacitor","OrangePellets","Gambling Chip","Block Potion"],"campfire_rested":0,"item_purchase_floors":[22,22,38,53,53],"current_hp_per_floor":[67,65,65,56,56,56,40,40,40,28,28,28,28,21,21,19,61,55,55,39,39,39,34,34,34,34,34,34,34,28,28,28,28,63,63,53,53,53,53,53,53,29,29,41,55,53,53,53,53,34,75,75,75,69,48],"gold":44,"neow_bonus":"REMOVE_TWO","is_prod":false,"is_daily":false,"chose_seed":true,"campfire_upgraded":9,"win_rate":0,"timestamp":1552558188,"path_taken":["M","M","M","M","?","R","E","R","T","E","?","M","?","E","R","BOSS","M","?","?","M","$","E","R","E","T","R","M","R","?","M","R","BOSS","M","?","?","$","?","E","R","E","T","E","?","M","M","?","R","BOSS","R","$","E","BOSS"],"build_version":"2019-01-23","purchased_purges":3,"victory":true,"max_hp_per_floor":[75,75,75,75,75,75,75,75,75,75,75,75,75,75,75,75,75,75,75,75,75,75,75,75,75,75,75,75,75,75,75,75,75,75,75,75,75,75,75,75,75,75,75,75,89,89,89,89,89,89,89,89,89,89,89],"card_choices":[{"not_picked":["Turbo","Conserve Battery"],"picked":"Ball Lightning","floor":1.0},{"not_picked":["Cold Snap","Streamline"],"picked":"Sunder","floor":2.0},{"not_picked":["Compile Driver","Gash"],"picked":"Chill","floor":3.0},{"not_picked":["Storm","Turbo"],"picked":"Darkness","floor":4.0},{"not_picked":["Streamline","Ball Lightning","Darkness"],"picked":"SKIP","floor":7.0},{"not_picked":["Streamline","Ball Lightning","Darkness"],"picked":"SKIP","floor":7.0},{"not_picked":["Turbo","Chaos","Rip and Tear"],"picked":"SKIP","floor":10.0},{"not_picked":["Chaos","Rip and Tear"],"picked":"Turbo","floor":10.0},{"not_picked":["Turbo","Sweeping Beam"],"picked":"Hologram","floor":12.0},{"not_picked":["Capacitor","Steam"],"picked":"Fission","floor":14.0},{"not_picked":["Amplify","All For One"],"picked":"Echo Form","floor":16.0},{"not_picked":["Steam","Gash"],"picked":"Conserve Battery","floor":18.0},{"not_picked":["Double Energy","Barrage","Redo+1"],"picked":"SKIP","floor":21.0},{"not_picked":["Leap","Gash","Undo"],"picked":"SKIP","floor":23.0},{"not_picked":["Sweeping Beam","Fusion","Hello World"],"picked":"SKIP","floor":25.0},{"not_picked":["Auto Shields","Turbo","Ball Lightning+1"],"picked":"SKIP","floor":28.0},{"not_picked":["Lockon","Steam"],"picked":"White Noise","floor":30.0},{"not_picked":["Gash","Doom and Gloom","BootSequence"],"picked":"SKIP","floor":31.0},{"not_picked":["Gash","Doom and Gloom","BootSequence"],"picked":"SKIP","floor":31.0},{"not_picked":["Reboot","Electrodynamics"],"picked":"Rainbow","floor":33.0},{"not_picked":["Cold Snap","Turbo+1","Blizzard"],"picked":"SKIP","floor":35.0},{"not_picked":["Finesse","Madness"],"picked":"Forethought","floor":36.0},{"not_picked":["Madness","Mayhem"],"picked":"Finesse","floor":36.0},{"not_picked":["Rebound","Barrage","Go for the Eyes"],"picked":"SKIP","floor":40.0},{"not_picked":["Compile Driver","Cold Snap"],"picked":"Force Field+1","floor":42.0},{"not_picked":["Fusion","Auto Shields"],"picked":"Skim","floor":44.0},{"not_picked":["Conserve Battery","Doom and Gloom"],"picked":"Compile Driver+1","floor":45.0},{"not_picked":["Stack","Turbo+1","Redo+1"],"picked":"SKIP","floor":46.0},{"not_picked":["Rip and Tear+1","Turbo","Rebound+1"],"picked":"SKIP","floor":46.0},{"not_picked":["Stack","Turbo+1","Redo+1"],"picked":"SKIP","floor":46.0},{"not_picked":["Rip and Tear+1","Turbo","Rebound+1"],"picked":"SKIP","floor":46.0},{"not_picked":["Steam","Leap","Hologram"],"picked":"SKIP","floor":47.0},{"not_picked":["Sunder","Cold Snap","Defragment"],"picked":"SKIP","floor":47.0},{"not_picked":["Beam Cell","Steam"],"picked":"Storm","floor":54.0}],"player_experience":2831149,"relics_obtained":[{"floor":5.0,"key":"Vajra"},{"floor":7.0,"key":"Juzu Bracelet"},{"floor":9.0,"key":"Orichalcum"},{"floor":10.0,"key":"Nunchaku"},{"floor":14.0,"key":"PreservedInsect"},{"floor":20.0,"key":"Necronomicon"},{"floor":23.0,"key":"Bottled Flame"},{"floor":25.0,"key":"Art of War"},{"floor":26.0,"key":"Mercury Hourglass"},{"floor":30.0,"key":"Red Mask"},{"floor":40.0,"key":"Kunai"},{"floor":42.0,"key":"Prayer Wheel"},{"floor":43.0,"key":"Meat on the Bone"},{"floor":44.0,"key":"Gremlin Horn"},{"floor":45.0,"key":"Mango"},{"floor":54.0,"key":"Bottled Tornado"}],"event_choices":[{"damage_healed":0.0,"max_hp_gain":0.0,"max_hp_loss":0.0,"gold_gain":0.0,"event_name":"Living Wall","player_choice":"Grow","floor":11.0,"gold_loss":0.0,"damage_taken":0.0,"cards_upgraded":["Dualcast"]},{"cards_removed":["Strike_B"],"damage_healed":0.0,"max_hp_gain":0.0,"max_hp_loss":0.0,"gold_gain":0.0,"event_name":"The Cleric","player_choice":"Card Removal","floor":13.0,"gold_loss":50.0,"damage_taken":0.0},{"cards_removed":["Defend_B"],"damage_healed":0.0,"max_hp_gain":0.0,"max_hp_loss":0.0,"gold_gain":0.0,"event_name":"Wheel of Change","player_choice":"Card Removal","floor":19.0,"gold_loss":0.0,"damage_taken":0.0},{"damage_healed":0.0,"max_hp_gain":0.0,"max_hp_loss":0.0,"gold_gain":0.0,"event_name":"Cursed Tome","player_choice":"Obtained Book","floor":20.0,"gold_loss":0.0,"damage_taken":16.0},{"damage_healed":0.0,"max_hp_gain":0.0,"max_hp_loss":0.0,"gold_gain":0.0,"event_name":"Masked Bandits","player_choice":"Fought Bandits","floor":30.0,"gold_loss":0.0,"damage_taken":0.0},{"damage_healed":0.0,"max_hp_gain":0.0,"max_hp_loss":0.0,"gold_gain":0.0,"event_name":"SensoryStone","player_choice":"Memory 3","floor":36.0,"gold_loss":0.0,"damage_taken":10.0},{"cards_removed":["Ball Lightning"],"damage_healed":0.0,"max_hp_gain":0.0,"max_hp_loss":0.0,"gold_gain":0.0,"event_name":"Falling","player_choice":"Removed Attack","floor":37.0,"gold_loss":0.0,"damage_taken":0.0},{"damage_healed":0.0,"max_hp_gain":0.0,"max_hp_loss":0.0,"gold_gain":0.0,"event_name":"MindBloom","player_choice":"Fight","floor":45.0,"gold_loss":0.0,"damage_taken":0.0},{"damage_healed":0.0,"max_hp_gain":0.0,"max_hp_loss":0.0,"gold_gain":222.0,"event_name":"Tomb of Lord Red Mask","player_choice":"Wore Mask","floor":48.0,"gold_loss":0.0,"damage_taken":0.0}],"is_beta":false,"boss_relics":[{"not_picked":["Calling Bell","FrozenCore"],"picked":"Astrolabe"},{"not_picked":["Velvet Choker","Tiny House"],"picked":"Runic Pyramid"}],"items_purged_floors":[22,38,53],"is_endless":false,"potions_floor_spawned":[1,4,7,14,21,28,31,33,35,44,45,46,54],"ascension_level":12}