{"gold_per_floor":[119,133,144,144,162,162,174,202,226,256,272,108,108,134,134,213,213,223,242,242,242,142,142,176,176,176,187,237,249,278,297,297,369,369,381,381,396,396,406,406],"floor_reached":40,"playtime":2569,"items_purged":["Strike_B","Strike_B"],"score":1096,"play_id":"0f0b8602-d5d9-4c7c-9a74-3521ab40d425","local_time":"20190310192058","is_ascension_mode":true,"campfire_choices":[{"data":"Rainbow","floor":6.0,"key":"SMITH"},{"data":"Go for the Eyes","floor":13.0,"key":"SMITH"},{"data":"Recycle","floor":15.0,"key":"SMITH"},{"floor":23.0,"key":"REST"},{"data":"Dualcast","floor":25.0,"key":"SMITH"},{"data":"Capacitor","floor":32.0,"key":"SMITH"}],"neow_cost":"NONE","seed_source_timestamp":9141233208200,"circlet_count":0,"master_deck":["AscendersBane","Defend_B","Defend_B","Zap","Dualcast+1","Reinforced Body+1","Force Field+1","Fission+1","Turbo","Rebound","Rainbow+1","Compile Driver","Go for the Eyes+1","Self Repair","Glacier","Recycle+1","Conserve Battery","Core Surge","Capacitor+1","White Noise","Consume+1","Hologram+1","Compile Driver+1","Coolheaded","Loop"],"special_seed":0,"relics":["Astrolabe","Lantern","Art of War","Bag of Preparation","PreservedInsect","Runic Dome","Nilry\u0027s Codex","Nunchaku","Sundial","Prayer Wheel","Philosopher\u0027s Stone"],"potions_floor_usage":[40,40],"damage_taken":[{"damage":6.0,"enemies":"2 Louse","floor":1.0,"turns":3.0},{"damage":4.0,"enemies":"Small Slimes","floor":2.0,"turns":9.0},{"damage":7.0,"enemies":"Cultist","floor":3.0,"turns":5.0},{"damage":2.0,"enemies":"2 Fungi Beasts","floor":5.0,"turns":4.0},{"damage":2.0,"enemies":"Blue Slaver","floor":7.0,"turns":3.0},{"damage":28.0,"enemies":"3 Sentries","floor":8.0,"turns":8.0},{"damage":4.0,"enemies":"Lagavulin","floor":10.0,"turns":7.0},{"damage":0.0,"enemies":"3 Louse","floor":11.0,"turns":3.0},{"damage":0.0,"enemies":"Gremlin Nob","floor":14.0,"turns":3.0},{"damage":11.0,"enemies":"The Guardian","floor":16.0,"turns":11.0},{"damage":0.0,"enemies":"Shell Parasite","floor":18.0,"turns":8.0},{"damage":22.0,"enemies":"Chosen","floor":19.0,"turns":5.0},{"damage":7.0,"enemies":"Book of Stabbing","floor":24.0,"turns":6.0},{"damage":14.0,"enemies":"Snake Plant","floor":27.0,"turns":6.0},{"damage":0.0,"enemies":"Centurion and Healer","floor":29.0,"turns":8.0},{"damage":2.0,"enemies":"Gremlin Leader","floor":30.0,"turns":6.0},{"damage":0.0,"enemies":"Snecko","floor":31.0,"turns":6.0},{"damage":0.0,"enemies":"Champ","floor":33.0,"turns":9.0},{"damage":0.0,"enemies":"Orb Walker","floor":35.0,"turns":5.0},{"damage":6.0,"enemies":"3 Darklings","floor":37.0,"turns":7.0},{"damage":15.0,"enemies":"Sphere and 2 Shapes","floor":39.0,"turns":6.0},{"damage":74,"enemies":"Reptomancer","floor":40,"turns":3}],"seed_played":"7653128308439415127","potions_obtained":[{"floor":2.0,"key":"Ancient Potion"},{"floor":5.0,"key":"SteroidPotion"},{"floor":14.0,"key":"Explosive Potion"},{"floor":16.0,"key":"LiquidBronze"},{"floor":19.0,"key":"Fire Potion"},{"floor":24.0,"key":"Fire Potion"},{"floor":35.0,"key":"Fire Potion"}],"is_trial":false,"path_per_floor":["M","M","M","?","M","R","M","E","T","E","M","$","R","E","R","B",null,"M","M","?","?","$","R","E","R","T","M","?","M","E","M","R","B",null,"M","?","M","?","M","E"],"character_chosen":"DEFECT","items_purchased":["Recycle"],"campfire_rested":1,"item_purchase_floors":[12],"current_hp_per_floor":[58,54,47,47,45,45,43,15,15,18,25,25,25,25,25,21,59,66,51,30,30,30,51,51,51,51,44,44,51,56,63,63,70,71,71,71,71,71,63,0],"gold":406,"neow_bonus":"BOSS_RELIC","is_prod":false,"is_daily":false,"chose_seed":false,"campfire_upgraded":5,"win_rate":0,"timestamp":1552216858,"path_taken":["M","M","M","?","M","R","M","E","T","E","M","$","R","E","R","BOSS","M","M","?","?","$","R","E","R","T","M","?","?","E","M","R","BOSS","M","?","M","?","M","E"],"build_version":"2019-01-23","purchased_purges":2,"victory":false,"max_hp_per_floor":[71,71,71,71,71,71,71,71,71,71,71,71,71,71,71,71,71,71,71,71,71,71,71,71,71,71,71,71,71,71,71,71,71,71,71,71,71,71,71,71],"card_choices":[{"not_picked":["Conserve Battery","Steam"],"picked":"Turbo","floor":1.0},{"not_picked":["Stack","Leap","Steam"],"picked":"SKIP","floor":2.0},{"not_picked":["Redo","Undo"],"picked":"Rebound","floor":3.0},{"not_picked":["Reboot","Go for the Eyes"],"picked":"Compile Driver","floor":5.0},{"not_picked":["Steam","Genetic Algorithm"],"picked":"Go for the Eyes","floor":7.0},{"not_picked":["Force Field","Gash"],"picked":"Self Repair","floor":8.0},{"not_picked":["Chill","Static Discharge"],"picked":"Glacier","floor":10.0},{"not_picked":["Genetic Algorithm","Stack","Turbo"],"picked":"SKIP","floor":11.0},{"not_picked":["Genetic Algorithm","Stack","Turbo"],"picked":"SKIP","floor":11.0},{"not_picked":["Leap","Melter"],"picked":"Conserve Battery","floor":14.0},{"not_picked":["Multi-Cast","Hyperbeam"],"picked":"Core Surge","floor":16.0},{"not_picked":["Reprogram","Reinforced Body"],"picked":"Capacitor","floor":18.0},{"not_picked":["Cold Snap","Doom and Gloom","Redo"],"picked":"SKIP","floor":19.0},{"not_picked":["Ball Lightning","Undo","Go for the Eyes+1"],"picked":"SKIP","floor":24.0},{"not_picked":["BootSequence","Chaos"],"picked":"White Noise","floor":27.0},{"not_picked":["Redo","Barrage","Cold Snap"],"picked":"SKIP","floor":29.0},{"not_picked":["Redo","Barrage","Cold Snap"],"picked":"SKIP","floor":29.0},{"not_picked":["Redo","Barrage","Cold Snap"],"picked":"SKIP","floor":29.0},{"not_picked":["Seek","Force Field"],"picked":"Consume+1","floor":30.0},{"not_picked":["Double Energy+1","Ball Lightning"],"picked":"Hologram+1","floor":31.0},{"not_picked":["Redo","Force Field","Beam Cell"],"picked":"SKIP","floor":31.0},{"not_picked":["Redo","Force Field","Beam Cell"],"picked":"SKIP","floor":31.0},{"not_picked":["Cold Snap","Stack"],"picked":"Compile Driver+1","floor":35.0},{"not_picked":["Force Field","Static Discharge","Gash"],"picked":"SKIP","floor":35.0},{"not_picked":["Streamline","Rebound"],"picked":"Coolheaded","floor":37.0},{"not_picked":["Leap+1","Loop","Hologram+1"],"picked":"SKIP","floor":37.0},{"not_picked":["Leap+1","Loop","Hologram+1"],"picked":"SKIP","floor":37.0},{"not_picked":["Leap+1","Hologram+1"],"picked":"Loop","floor":37.0},{"not_picked":["Scrape","Streamline","Ball Lightning"],"picked":"SKIP","floor":39.0},{"not_picked":["Steam Power","Skim","Compile Driver"],"picked":"SKIP","floor":39.0}],"player_experience":2786447,"relics_obtained":[{"floor":8.0,"key":"Lantern"},{"floor":9.0,"key":"Art of War"},{"floor":10.0,"key":"Bag of Preparation"},{"floor":14.0,"key":"PreservedInsect"},{"floor":20.0,"key":"Nilry\u0027s Codex"},{"floor":24.0,"key":"Nunchaku"},{"floor":26.0,"key":"Sundial"},{"floor":30.0,"key":"Prayer Wheel"}],"event_choices":[{"damage_healed":0.0,"max_hp_gain":0.0,"max_hp_loss":0.0,"gold_gain":0.0,"cards_transformed":["Defend_B"],"event_name":"Living Wall","player_choice":"Change","floor":4.0,"gold_loss":0.0,"damage_taken":0.0,"cards_obtained":["Rainbow"]},{"damage_healed":0.0,"max_hp_gain":0.0,"max_hp_loss":0.0,"gold_gain":0.0,"event_name":"Cursed Tome","player_choice":"Obtained Book","floor":20.0,"gold_loss":0.0,"damage_taken":21.0},{"damage_healed":0.0,"max_hp_gain":0.0,"max_hp_loss":0.0,"gold_gain":0.0,"event_name":"The Mausoleum","player_choice":"Ignored","floor":21.0,"gold_loss":0.0,"damage_taken":0.0},{"damage_healed":0.0,"max_hp_gain":0.0,"max_hp_loss":0.0,"gold_gain":100.0,"event_name":"The Joust","player_choice":"Bet on Murderer","floor":28.0,"gold_loss":50.0,"damage_taken":0.0},{"damage_healed":0.0,"max_hp_gain":0.0,"max_hp_loss":0.0,"gold_gain":0.0,"event_name":"Mysterious Sphere","player_choice":"Ignored","floor":36.0,"gold_loss":0.0,"damage_taken":0.0},{"damage_healed":0.0,"max_hp_gain":0.0,"max_hp_loss":0.0,"gold_gain":0.0,"event_name":"Tomb of Lord Red Mask","player_choice":"Ignored","floor":38.0,"gold_loss":0.0,"damage_taken":0.0}],"is_beta":false,"boss_relics":[{"not_picked":["Calling Bell","Cursed Key"],"picked":"Runic Dome"},{"not_picked":["Fusion Hammer","Snecko Eye"],"picked":"Philosopher\u0027s Stone"}],"items_purged_floors":[12,22],"is_endless":false,"potions_floor_spawned":[2,5,10,14,16,19,24,35],"killed_by":"Reptomancer","ascension_level":20}