{"gold_per_floor":[417,417,427,427,444,444,479,479,479,46,46],"floor_reached":11,"playtime":291,"items_purged":["Shame"],"score":146,"play_id":"a05490ff-7b33-4051-aa0c-622991d712ad","local_time":"20181201193425","is_ascension_mode":true,"campfire_choices":[{"data":"Bash","floor":6,"key":"SMITH"}],"neow_cost":"CURSE","seed_source_timestamp":10479330661924,"circlet_count":0,"master_deck":["AscendersBane","Strike_R","Strike_R","Strike_R","Strike_R","Strike_R+1","Defend_R","Defend_R","Defend_R+1","Defend_R","Bash+1","Perfected Strike+1","Disarm","Twin Strike"],"relics":["Burning Blood","Old Coin","Letter Opener","Question Card","Singing Bowl"],"potions_floor_usage":[7,8,11],"damage_taken":[{"damage":6,"enemies":"2 Louse","floor":1,"turns":3},{"damage":3,"enemies":"Cultist","floor":3,"turns":4},{"damage":12,"enemies":"Jaw Worm","floor":5,"turns":2},{"damage":31,"enemies":"Lagavulin","floor":7,"turns":7},{"damage":0,"enemies":"Exordium Thugs","floor":8,"turns":1},{"damage":32,"enemies":"3 Sentries","floor":11,"turns":4}],"seed_played":"2172964588454885728","potions_obtained":[{"floor":5,"key":"Poison Potion"},{"floor":7,"key":"SmokeBomb"}],"is_trial":false,"path_per_floor":["M","?","M","?","M","R","E","M","T","$","E"],"character_chosen":"IRONCLAD","items_purchased":["Singing Bowl","BloodPotion"],"campfire_rested":0,"item_purchase_floors":[10,10],"current_hp_per_floor":[68,45,48,48,42,42,17,23,23,23,0],"gold":46,"neow_bonus":"ONE_RARE_RELIC","is_prod":false,"is_daily":false,"chose_seed":false,"campfire_upgraded":1,"win_rate":0,"timestamp":1543664065,"path_taken":["M","?","M","?","M","R","E","?","T","$","E"],"build_version":"2018-11-15","purchased_purges":1,"victory":false,"max_hp_per_floor":[75,75,75,75,75,75,75,75,75,75,75],"card_choices":[{"not_picked":["True Grit","Rupture"],"picked":"Perfected Strike","floor":1},{"not_picked":["Clothesline","True Grit","Sentinel"],"picked":"SKIP","floor":3},{"not_picked":["Combust","Clothesline"],"picked":"Disarm","floor":5},{"not_picked":["Carnage","Rage"],"picked":"Twin Strike","floor":7}],"player_experience":2241170,"relics_obtained":[{"floor":7,"key":"Letter Opener"},{"floor":9,"key":"Question Card"}],"event_choices":[{"damage_healed":0,"gold_gain":0,"player_choice":"Entered Light","damage_taken":23,"max_hp_gain":0,"max_hp_loss":0,"event_name":"Shining Light","floor":2,"gold_loss":0,"cards_upgraded":["Strike_R","Defend_R"]},{"damage_healed":0,"gold_gain":0,"player_choice":"Forge","damage_taken":0,"max_hp_gain":0,"max_hp_loss":0,"event_name":"Accursed Blacksmith","floor":4,"gold_loss":0,"cards_upgraded":["Perfected Strike"]}],"is_beta":false,"boss_relics":[],"items_purged_floors":[10],"is_endless":false,"potions_floor_spawned":[5,7],"killed_by":"3 Sentries","ascension_level":20}