{"gold_per_floor":[113,128,128,148,165,165,175,175,248,248,278,289,289,254,254,350,350,350,350,350,350,350,350,350,350,350,350,350,275,275,275,275,275,275,275,275,275,275,275,275,235,235,235,235,235,235,235,235,235,235],"floor_reached":51,"playtime":3108,"items_purged":["Shame"],"score":702,"play_id":"bbf4ce3a-f431-4838-87fd-6d1f9716077a","local_time":"20181024003337","is_ascension_mode":true,"campfire_choices":[{"floor":6,"key":"REST"},{"floor":15,"key":"REST"},{"floor":23,"key":"DIG"},{"floor":28,"key":"DIG"},{"floor":32,"key":"REST"},{"floor":40,"key":"REST"},{"floor":47,"key":"REST"},{"floor":49,"key":"DIG"}],"neow_cost":"TEN_PERCENT_HP_LOSS","seed_source_timestamp":45071666372352,"circlet_count":0,"master_deck":["Defend_B+1","Defend_B+1","Defend_B+1","Zap","Dualcast","Panacea","Impatience","Gash","Compile Driver","Go for the Eyes","Gash","FTL","Genetic Algorithm","Leap","Melter+1","Coolheaded+1","Necronomicurse","Bite","Bite","Bite","Bite+1","Bite+1","J.A.X.","Gash+1","Buffer","Self Repair+1","Rip and Tear+1","Cold Snap+1","Sunder+1"],"relics":["Cracked Core","Dead Branch","Cables","Pear","Mango","Ectoplasm","Shovel","Necronomicon","Bag of Preparation","Pantograph","Molten Egg 2","Vajra","Black Star","Meat on the Bone","Kunai","Sundial"],"potions_floor_usage":[31,33,45,45,50],"damage_taken":[{"damage":0,"enemies":"2 Louse","floor":1,"turns":2},{"damage":6,"enemies":"Jaw Worm","floor":2,"turns":3},{"damage":0,"enemies":"Small Slimes","floor":4,"turns":2},{"damage":19,"enemies":"Exordium Thugs","floor":5,"turns":5},{"damage":2,"enemies":"Looter","floor":7,"turns":2},{"damage":16,"enemies":"3 Sentries","floor":11,"turns":5},{"damage":9,"enemies":"Exordium Wildlife","floor":12,"turns":3},{"damage":29,"enemies":"Slime Boss","floor":16,"turns":9},{"damage":0,"enemies":"3 Byrds","floor":18,"turns":4},{"damage":4,"enemies":"Shell Parasite","floor":21,"turns":4},{"damage":3,"enemies":"Cultist and Chosen","floor":30,"turns":4},{"damage":25,"enemies":"3 Cultists","floor":31,"turns":4},{"damage":51,"enemies":"Champ","floor":33,"turns":10},{"damage":7,"enemies":"3 Shapes","floor":35,"turns":6},{"damage":47,"enemies":"3 Darklings","floor":37,"turns":6},{"damage":23,"enemies":"Spire Growth","floor":39,"turns":6},{"damage":19,"enemies":"Transient","floor":45,"turns":5},{"damage":23,"enemies":"Jaw Worm Horde","floor":46,"turns":4},{"damage":7,"enemies":"Spire Growth","floor":48,"turns":5},{"damage":62,"enemies":"Awakened One","floor":50,"turns":20}],"seed_played":"5786917655739179258","potions_obtained":[{"floor":1,"key":"AttackPotion"},{"floor":12,"key":"Strength Potion"},{"floor":16,"key":"AttackPotion"},{"floor":35,"key":"Explosive Potion"},{"floor":37,"key":"AttackPotion"},{"floor":45,"key":"SkillPotion"}],"is_trial":false,"path_per_floor":["M","M","?","M","M","R","M","T","T","?","E","M","?","?","R","B",null,"M","?","?","M","?","R","?","T","T","?","R","$","M","M","R","B",null,"M","?","M","?","M","R","?","T","T","?","M","M","R","M","R","B"],"character_chosen":"DEFECT","items_purchased":[],"campfire_rested":5,"item_purchase_floors":[],"current_hp_per_floor":[68,62,48,48,29,49,47,47,47,57,55,46,46,69,92,63,92,92,92,92,88,72,72,64,64,64,64,64,64,64,45,64,36,64,61,61,31,31,32,51,51,51,51,51,57,56,64,64,64,53],"gold":235,"neow_bonus":"RANDOM_COLORLESS_2","is_prod":false,"is_daily":false,"chose_seed":false,"campfire_upgraded":0,"win_rate":0,"timestamp":1540337617,"path_taken":["M","M","?","M","M","R","M","?","T","?","E","?","?","?","R","BOSS","M","?","?","M","?","R","?","?","T","?","R","?","M","M","R","BOSS","M","?","M","?","M","R","?","?","T","?","M","M","R","M","R","BOSS"],"build_version":"2018-10-18","purchased_purges":1,"victory":true,"max_hp_per_floor":[68,68,68,68,68,68,68,68,68,78,92,92,92,92,92,92,92,92,92,92,92,92,92,64,64,64,64,64,64,64,64,64,64,64,64,64,64,64,64,64,64,64,64,64,64,64,64,64,64,64],"card_choices":[{"not_picked":["Coolheaded","Reprogram"],"picked":"Gash","floor":1},{"not_picked":["Turbo","Sweeping Beam"],"picked":"Compile Driver","floor":2},{"not_picked":["Barrage","Hologram"],"picked":"Go for the Eyes","floor":4},{"not_picked":["Auto Shields","Streamline"],"picked":"Gash","floor":5},{"not_picked":["Beam Cell","Turbo"],"picked":"FTL","floor":7},{"not_picked":["Chill","Conserve Battery"],"picked":"Genetic Algorithm","floor":11},{"not_picked":["Turbo","Hyperbeam"],"picked":"Leap","floor":12},{"not_picked":["Cold Snap","Beam Cell"],"picked":"Melter+1","floor":18},{"not_picked":["Go for the Eyes","Rebound+1"],"picked":"Coolheaded+1","floor":21},{"not_picked":["Sweeping Beam+1","Rebound+1"],"picked":"Gash+1","floor":30},{"not_picked":["Turbo","Go for the Eyes+1","Double Energy"],"picked":"SKIP","floor":31},{"not_picked":["Core Surge+1","Reboot"],"picked":"Buffer","floor":33},{"not_picked":["Cold Snap+1","Lockon+1"],"picked":"Self Repair+1","floor":35},{"not_picked":["Hologram+1","Genetic Algorithm+1","Turbo"],"picked":"SKIP","floor":37},{"not_picked":["Turbo+1","Tempest+1"],"picked":"Rip and Tear+1","floor":39},{"not_picked":["Coolheaded+1","Force Field+1","Sweeping Beam+1"],"picked":"SKIP","floor":45},{"not_picked":["Redo","Coolheaded+1"],"picked":"Cold Snap+1","floor":46},{"not_picked":["Rip and Tear+1","Beam Cell+1"],"picked":"Sunder+1","floor":48}],"player_experience":180807,"relics_obtained":[{"floor":8,"key":"Dead Branch"},{"floor":9,"key":"Cables"},{"floor":11,"key":"Mango"},{"floor":22,"key":"Necronomicon"},{"floor":23,"key":"Bag of Preparation"},{"floor":25,"key":"Pantograph"},{"floor":26,"key":"Molten Egg 2"},{"floor":28,"key":"Vajra"},{"floor":42,"key":"Meat on the Bone"},{"floor":43,"key":"Kunai"},{"floor":49,"key":"Sundial"}],"event_choices":[{"damage_healed":0,"gold_gain":0,"player_choice":"Entered Light","damage_taken":14,"max_hp_gain":0,"max_hp_loss":0,"event_name":"Shining Light","floor":3,"gold_loss":0,"cards_upgraded":["Strike_B","Strike_B"]},{"damage_healed":0,"gold_gain":0,"player_choice":"Gave Potion","damage_taken":0,"relics_obtained":["Pear"],"max_hp_gain":0,"max_hp_loss":0,"event_name":"WeMeetAgain","floor":10,"gold_loss":0},{"damage_healed":0,"gold_gain":0,"player_choice":"Ignored","damage_taken":0,"max_hp_gain":0,"max_hp_loss":0,"event_name":"Golden Wing","floor":13,"gold_loss":0},{"damage_healed":23,"gold_gain":0,"player_choice":"Healed","damage_taken":0,"max_hp_gain":0,"max_hp_loss":0,"event_name":"The Cleric","floor":14,"gold_loss":35},{"damage_healed":0,"gold_gain":0,"player_choice":"Simplicity","damage_taken":0,"max_hp_gain":0,"max_hp_loss":0,"event_name":"Back to Basics","floor":19,"gold_loss":0,"cards_upgraded":["Strike_B","Strike_B","Defend_B","Defend_B","Defend_B","Defend_B"]},{"damage_healed":0,"gold_gain":0,"player_choice":"Stole Relic","damage_taken":0,"relics_obtained":["Shovel"],"max_hp_gain":0,"max_hp_loss":0,"event_name":"Addict","floor":20,"gold_loss":0,"cards_obtained":["Shame"]},{"damage_healed":0,"gold_gain":0,"player_choice":"Obtained Book","damage_taken":16,"max_hp_gain":0,"max_hp_loss":0,"event_name":"Cursed Tome","floor":22,"gold_loss":0},{"damage_healed":0,"gold_gain":0,"player_choice":"Became a vampire","damage_taken":0,"max_hp_gain":0,"max_hp_loss":28,"event_name":"Vampires","floor":24,"gold_loss":0,"cards_obtained":["Bite","Bite","Bite","Bite","Bite"]},{"damage_healed":0,"gold_gain":0,"player_choice":"Obtain J.A.X.","damage_taken":0,"max_hp_gain":0,"max_hp_loss":0,"event_name":"Drug Dealer","floor":27,"gold_loss":0,"cards_obtained":["J.A.X."]},{"damage_healed":0,"gold_gain":0,"player_choice":"Ignored","damage_taken":0,"max_hp_gain":0,"max_hp_loss":0,"event_name":"Mysterious Sphere","floor":36,"gold_loss":0},{"damage_healed":0,"gold_gain":0,"player_choice":"Ignored","damage_taken":0,"max_hp_gain":0,"max_hp_loss":0,"event_name":"SecretPortal","floor":38,"gold_loss":0},{"damage_healed":0,"gold_gain":0,"player_choice":"Upgraded Two","damage_taken":0,"max_hp_gain":0,"max_hp_loss":0,"event_name":"Designer","floor":41,"gold_loss":40,"cards_upgraded":["Bite","Bite"]},{"cards_removed":["Defend_B"],"damage_healed":0,"gold_gain":0,"player_choice":"Offered Basic","damage_taken":0,"max_hp_gain":0,"max_hp_loss":0,"event_name":"Bonfire Elementals","floor":44,"gold_loss":0}],"is_beta":false,"boss_relics":[{"not_picked":["Tiny House","Busted Crown"],"picked":"Ectoplasm"},{"not_picked":["Calling Bell","Runic Dome"],"picked":"Black Star"}],"items_purged_floors":[29],"is_endless":false,"potions_floor_spawned":[1,12,16,35,37,45],"ascension_level":1}