{"gold_per_floor":[110,80,5,5,18,47,47,79,104,104,104,114,30,55,55,129,129,145,155,172,172,188,188,217,217,273,273,273],"floor_reached":28,"playtime":659,"items_purged":["Defend_R"],"score":723,"play_id":"d9479f9b-f96e-4baf-a63b-f09243db6e96","local_time":"20190106151657","is_ascension_mode":true,"campfire_choices":[{"data":"Perfected Strike","floor":7.0,"key":"SMITH"},{"data":"Perfected Strike","floor":10.0,"key":"SMITH"},{"data":"Dual Wield","floor":15.0,"key":"SMITH"},{"floor":23,"key":"REST"}],"neow_cost":"NONE","seed_source_timestamp":1797044272444,"circlet_count":0,"master_deck":["AscendersBane","Strike_R+1","Strike_R+1","Strike_R","Strike_R","Strike_R","Defend_R","Defend_R","Defend_R","Bash+1","Perfected Strike+1","Perfected Strike+1","Dual Wield+1","Pommel Strike","Dropkick","Headbutt","Offering","Perfected Strike","Twin Strike","Power Through","Perfected Strike","Perfected Strike+1","Decay","Feed"],"special_seed":0,"relics":["Burning Blood","NeowsBlessing","Dodecahedron","Centennial Puzzle","Blood Vial","Whetstone","Strawberry","Orrery","Ancient Tea Set","Tiny Chest"],"potions_floor_usage":[27],"damage_taken":[{"damage":0.0,"enemies":"Cultist","floor":1.0,"turns":1.0},{"damage":0.0,"enemies":"Jaw Worm","floor":5.0,"turns":1.0},{"damage":0.0,"enemies":"Gremlin Nob","floor":6.0,"turns":1.0},{"damage":25.0,"enemies":"Lagavulin","floor":8.0,"turns":5.0},{"damage":3.0,"enemies":"Small Slimes","floor":12.0,"turns":2.0},{"damage":8.0,"enemies":"Gremlin Nob","floor":14.0,"turns":3.0},{"damage":0.0,"enemies":"Slime Boss","floor":16.0,"turns":5.0},{"damage":6,"enemies":"Spheric Guardian","floor":18,"turns":1},{"damage":29,"enemies":"2 Thieves","floor":19,"turns":3},{"damage":29,"enemies":"Sentry and Sphere","floor":20,"turns":4},{"damage":25,"enemies":"3 Cultists","floor":22,"turns":5},{"damage":40,"enemies":"Book of Stabbing","floor":24,"turns":3},{"damage":0,"enemies":"Slavers","floor":27,"turns":1},{"damage":27,"enemies":"Shelled Parasite and Fungi","floor":28,"turns":2}],"seed_played":"-7935644797585846907","potions_obtained":[{"floor":2.0,"key":"SmokeBomb"},{"floor":2.0,"key":"Fire Potion"},{"floor":8.0,"key":"Explosive Potion"},{"floor":14.0,"key":"Fire Potion"},{"floor":18,"key":"SmokeBomb"},{"floor":22,"key":"Dexterity Potion"}],"is_trial":false,"path_per_floor":["M","?","$","T","M","E","R","E","T","R","?","M","$","E","R","B",null,"M","M","M","?","M","R","E","?","T","E","M"],"character_chosen":"IRONCLAD","items_purchased":["Dropkick"],"campfire_rested":1,"item_purchase_floors":[13],"current_hp_per_floor":[74,74,74,74,75,75,75,56,56,56,56,61,61,68,68,76,81,82,59,38,38,21,45,13,13,13,21,0],"gold":273,"neow_bonus":"THREE_ENEMY_KILL","is_prod":false,"is_daily":false,"chose_seed":false,"campfire_upgraded":3,"win_rate":0,"timestamp":1546759017,"path_taken":["M","?","?","?","M","E","R","E","T","R","?","M","$","E","R","BOSS","M","M","M","?","M","R","E","?","T","E","M"],"build_version":"2019-01-03v4","purchased_purges":1,"victory":false,"max_hp_per_floor":[75,75,75,75,75,75,75,75,75,75,75,75,75,82,82,82,82,82,82,82,82,82,82,82,82,82,82,82],"card_choices":[{"not_picked":["Havoc","Clash"],"picked":"Perfected Strike","floor":1.0},{"not_picked":["Ghostly Armor","Battle Trance"],"picked":"Perfected Strike","floor":5.0},{"not_picked":["Iron Wave","Cleave","Combust"],"picked":"SKIP","floor":6.0},{"not_picked":["Iron Wave","Cleave","Combust"],"picked":"SKIP","floor":6.0},{"not_picked":["Whirlwind","Spot Weakness"],"picked":"Dual Wield","floor":8.0},{"not_picked":["Flex","Combust"],"picked":"Pommel Strike","floor":12.0},{"not_picked":["Sword Boomerang","Uppercut"],"picked":"Headbutt","floor":14.0},{"not_picked":["Double Tap","Juggernaut"],"picked":"Offering","floor":16.0},{"not_picked":["Flex","Wild Strike"],"picked":"Perfected Strike","floor":17},{"not_picked":["Disarm","Flame Barrier"],"picked":"Twin Strike","floor":17},{"not_picked":["Sword Boomerang","Wild Strike"],"picked":"Power Through","floor":17},{"not_picked":["Flex+1","Hemokinesis"],"picked":"Perfected Strike","floor":18},{"not_picked":["True Grit","Warcry","Havoc"],"picked":"SKIP","floor":19},{"not_picked":["Combust","Heavy Blade"],"picked":"Perfected Strike+1","floor":20},{"not_picked":["Body Slam","Battle Trance"],"picked":"Feed","floor":22},{"not_picked":["Shrug It Off","Burning Pact+1","Whirlwind"],"picked":"SKIP","floor":24}],"player_experience":2482670,"relics_obtained":[{"floor":4.0,"key":"Dodecahedron"},{"floor":6.0,"key":"Centennial Puzzle"},{"floor":8.0,"key":"Blood Vial"},{"floor":9.0,"key":"Whetstone"},{"floor":14.0,"key":"Strawberry"},{"floor":24,"key":"Ancient Tea Set"},{"floor":26,"key":"Tiny Chest"}],"event_choices":[{"damage_healed":0.0,"max_hp_gain":0.0,"max_hp_loss":0.0,"gold_gain":0.0,"event_name":"The Woman in Blue","player_choice":"Bought 2 Potions","floor":2.0,"gold_loss":0.0,"damage_taken":0.0},{"damage_healed":0.0,"max_hp_gain":0.0,"max_hp_loss":0.0,"gold_gain":0.0,"event_name":"Living Wall","player_choice":"Grow","floor":11.0,"gold_loss":0.0,"damage_taken":0.0,"cards_upgraded":["Bash"]},{"damage_healed":0,"gold_gain":0,"player_choice":"Smashed Altar","damage_taken":0,"max_hp_gain":0,"max_hp_loss":0,"event_name":"Forgotten Altar","floor":21,"gold_loss":0,"cards_obtained":["Decay"]},{"damage_healed":0,"gold_gain":0,"player_choice":"Ignored","damage_taken":0,"max_hp_gain":0,"max_hp_loss":0,"event_name":"Cursed Tome","floor":25,"gold_loss":0}],"is_beta":false,"boss_relics":[{"not_picked":["Pandora\u0027s Box","Empty Cage"],"picked":"Orrery"}],"items_purged_floors":[3],"is_endless":false,"potions_floor_spawned":[8,12,14,18,22,27],"killed_by":"Shelled Parasite and Fungi","ascension_level":20}