{"gold_per_floor":[109,109,109,59,78,96,113,113,181,37,66,96,96,119,119,214,214,230,246,246,259,276,304,304,319,319,351,361,14,32,32,32,131,131,142,142,40,74,74,74,91,91,91,127,127,127,27,41,41,61],"floor_reached":51,"playtime":5493,"items_purged":["Strike_G","Pain"],"score":728,"play_id":"f1c24590-07c9-44de-b65b-6ec670e7d1e0","local_time":"20190409150439","is_ascension_mode":true,"campfire_choices":[{"data":"Bouncing Flask","floor":8.0,"key":"SMITH"},{"floor":13.0,"key":"REST"},{"data":"Footwork","floor":15.0,"key":"SMITH"},{"floor":24.0,"key":"REST"},{"floor":32.0,"key":"REST"},{"floor":42.0,"key":"REST"},{"data":"Noxious Fumes","floor":46.0,"key":"SMITH"},{"floor":49.0,"key":"REST"}],"neow_cost":"NONE","seed_source_timestamp":0,"circlet_count":0,"master_deck":["Defend_G+1","Defend_G+1","Defend_G","Defend_G","Strike_G","Strike_G","Strike_G","Survivor","Neutralize","Prepared","Bouncing Flask+1","Deflect","Deadly Poison","Footwork+1","After Image+1","Deadly Poison+1","Crippling Poison+1","Backflip+1","Impatience+1","HandOfGreed","Corpse Explosion+1","Expertise+1","Cloak And Dagger+1","Noxious Fumes+1","Madness+1","Madness+1","Backflip+1"],"special_seed":0,"relics":["Ring of the Snake","Anchor","Kunai","Toxic Egg 2","Oddly Smooth Stone","Meat on the Bone","Dead Branch","Pen Nib","HoveringKite","Omamori","Letter Opener","War Paint","Cursed Key","Ornamental Fan","Unceasing Top"],"potions_floor_usage":[50],"damage_taken":[{"damage":0.0,"enemies":"Cultist","floor":1.0,"turns":4.0},{"damage":0.0,"enemies":"Small Slimes","floor":5.0,"turns":3.0},{"damage":0.0,"enemies":"Jaw Worm","floor":6.0,"turns":2.0},{"damage":0.0,"enemies":"Blue Slaver","floor":7.0,"turns":3.0},{"damage":12.0,"enemies":"3 Sentries","floor":11.0,"turns":8.0},{"damage":57.0,"enemies":"Slime Boss","floor":16.0,"turns":17.0},{"damage":0.0,"enemies":"Shell Parasite","floor":18.0,"turns":5.0},{"damage":9.0,"enemies":"Spheric Guardian","floor":19.0,"turns":5.0},{"damage":9.0,"enemies":"Snake Plant","floor":21.0,"turns":4.0},{"damage":26.0,"enemies":"Centurion and Healer","floor":22.0,"turns":6.0},{"damage":17.0,"enemies":"Gremlin Leader","floor":23.0,"turns":7.0},{"damage":22.0,"enemies":"Sentry and Sphere","floor":25.0,"turns":4.0},{"damage":27.0,"enemies":"Book of Stabbing","floor":27.0,"turns":7.0},{"damage":12.0,"enemies":"Shelled Parasite and Fungi","floor":28.0,"turns":5.0},{"damage":13.0,"enemies":"Snecko","floor":30.0,"turns":3.0},{"damage":0.0,"enemies":"Centurion and Healer","floor":31.0,"turns":1.0},{"damage":53.0,"enemies":"Collector","floor":33.0,"turns":12.0},{"damage":1.0,"enemies":"3 Darklings","floor":35.0,"turns":2.0},{"damage":2.0,"enemies":"3 Shapes","floor":38.0,"turns":3.0},{"damage":0.0,"enemies":"3 Darklings","floor":41.0,"turns":2.0},{"damage":5.0,"enemies":"Maw","floor":44.0,"turns":7.0},{"damage":0.0,"enemies":"Transient","floor":48.0,"turns":5.0},{"damage":62,"enemies":"Time Eater","floor":50,"turns":12}],"seed_played":"6043418831259520805","potions_obtained":[{"floor":1.0,"key":"Strength Potion"},{"floor":7.0,"key":"FearPotion"},{"floor":16.0,"key":"Fruit Juice"},{"floor":19.0,"key":"Ancient Potion"},{"floor":22.0,"key":"AttackPotion"},{"floor":23.0,"key":"Explosive Potion"},{"floor":30.0,"key":"SmokeBomb"},{"floor":35.0,"key":"Strength Potion"},{"floor":44.0,"key":"Explosive Potion"}],"is_trial":false,"path_per_floor":["M","T","?","?","M","M","M","R","T","$","E","?","R","T","R","B",null,"M","M","?","M","M","E","R","M","T","E","M","$","M","M","R","B",null,"M","?","$","M","T","?","M","R","T","M","?","R","$","M","R","B",null],"character_chosen":"THE_SILENT","items_purchased":["Oddly Smooth Stone","Impatience+1","HandOfGreed","Cloak And Dagger+1","Noxious Fumes"],"campfire_rested":5,"item_purchase_floors":[10,29,29,37,37],"current_hp_per_floor":[70,70,63,63,63,63,63,63,63,63,51,51,70,70,70,25,70,70,66,66,57,43,38,60,38,38,23,23,23,22,34,56,15,75,74,74,74,72,72,63,63,75,75,70,70,70,70,70,75,25],"gold":61,"neow_bonus":"RANDOM_COMMON_RELIC","is_prod":false,"is_daily":false,"chose_seed":false,"campfire_upgraded":3,"win_rate":0,"timestamp":1554818679,"path_taken":["M","?","?","?","?","M","M","R","T","$","E","?","R","?","R","BOSS","M","?","?","M","M","E","R","?","T","E","?","$","?","M","R","BOSS","M","?","$","?","?","?","M","R","T","M","?","R","?","M","R","BOSS"],"build_version":"2019-01-23","purchased_purges":2,"victory":true,"max_hp_per_floor":[70,70,70,70,70,70,70,70,70,70,70,70,70,70,70,70,70,70,75,75,75,75,75,75,75,75,75,75,75,75,75,75,75,75,75,75,75,75,75,75,75,75,75,75,75,75,75,75,75,75],"card_choices":[{"not_picked":["Concentrate","Sucker Punch"],"picked":"Prepared","floor":1.0},{"not_picked":["Slice","Quick Slash"],"picked":"Bouncing Flask","floor":5.0},{"not_picked":["Flying Knee","Infinite Blades"],"picked":"Deflect","floor":6.0},{"not_picked":["Cloak And Dagger","Flechettes"],"picked":"Deadly Poison","floor":7.0},{"not_picked":["Setup+1","Skewer"],"picked":"Footwork","floor":11.0},{"not_picked":["Malaise+1","Storm of Steel+1"],"picked":"After Image","floor":16.0},{"not_picked":["Outmaneuver+1","PiercingWail+1"],"picked":"Deadly Poison+1","floor":18.0},{"not_picked":["Expertise+1","Flying Knee","Dodge and Roll+1"],"picked":"SKIP","floor":19.0},{"not_picked":["Dagger Throw+1","Concentrate+1"],"picked":"Crippling Poison+1","floor":21.0},{"not_picked":["Acrobatics+1","Terror+1","All Out Attack"],"picked":"SKIP","floor":22.0},{"not_picked":["Calculated Gamble+1","Dagger Spray","PiercingWail+1"],"picked":"SKIP","floor":23.0},{"not_picked":["Quick Slash+1","PiercingWail+1"],"picked":"Backflip+1","floor":25.0},{"not_picked":["Eviscerate","Footwork","Cloak And Dagger+1"],"picked":"SKIP","floor":27.0},{"not_picked":["Prepared+1","Dagger Throw","Outmaneuver+1"],"picked":"SKIP","floor":28.0},{"not_picked":["Dodge and Roll+1","Flying Knee","Prepared+1"],"picked":"SKIP","floor":30.0},{"not_picked":["Bullet Time+1","Burst+1"],"picked":"Corpse Explosion+1","floor":33.0},{"not_picked":["Backflip+1","Blade Dance+1"],"picked":"Expertise+1","floor":35.0},{"not_picked":["Riddle With Holes+1","Footwork","Flying Knee"],"picked":"SKIP","floor":38.0},{"not_picked":["Predator","Caltrops+1","Backstab"],"picked":"SKIP","floor":41.0},{"not_picked":["Calculated Gamble+1","Blade Dance+1","Concentrate+1"],"picked":"SKIP","floor":44.0},{"not_picked":["Underhanded Strike+1","Dagger Throw+1"],"picked":"Backflip+1","floor":48.0}],"player_experience":545542,"relics_obtained":[{"floor":2.0,"key":"Kunai"},{"floor":9.0,"key":"Toxic Egg 2"},{"floor":11.0,"key":"Meat on the Bone"},{"floor":14.0,"key":"Pen Nib"},{"floor":23.0,"key":"Omamori"},{"floor":26.0,"key":"Letter Opener"},{"floor":27.0,"key":"War Paint"},{"floor":39.0,"key":"Ornamental Fan"},{"floor":43.0,"key":"Unceasing Top"}],"event_choices":[{"cards_removed":["Strike_G"],"damage_healed":0.0,"max_hp_gain":0.0,"max_hp_loss":0.0,"gold_gain":0.0,"event_name":"Golden Wing","player_choice":"Card Removal","floor":3.0,"gold_loss":0.0,"damage_taken":7.0},{"cards_removed":["Defend_G"],"damage_healed":0.0,"max_hp_gain":0.0,"max_hp_loss":0.0,"gold_gain":0.0,"event_name":"The Cleric","player_choice":"Card Removal","floor":4.0,"gold_loss":50.0,"damage_taken":0.0},{"damage_healed":0.0,"max_hp_gain":0.0,"max_hp_loss":0.0,"gold_gain":30.0,"event_name":"Dead Adventurer","player_choice":"Searched \u00272\u0027 times","floor":12.0,"gold_loss":0.0,"damage_taken":0.0,"relics_obtained":["Dead Branch"]},{"damage_healed":0.0,"max_hp_gain":0.0,"max_hp_loss":0.0,"gold_gain":0.0,"event_name":"Upgrade Shrine","player_choice":"Upgraded","floor":20.0,"gold_loss":0.0,"damage_taken":0.0,"cards_upgraded":["After Image"]},{"damage_healed":0.0,"max_hp_gain":0.0,"max_hp_loss":0.0,"gold_gain":0.0,"event_name":"Wheel of Change","player_choice":"Cursed","floor":36.0,"gold_loss":0.0,"damage_taken":0.0,"cards_obtained":["Decay"]},{"damage_healed":0.0,"max_hp_gain":0.0,"max_hp_loss":0.0,"gold_gain":0.0,"event_name":"Winding Halls","player_choice":"Embrace Madness","floor":40.0,"gold_loss":0.0,"damage_taken":9.0,"cards_obtained":["Madness","Madness"]},{"damage_healed":0.0,"max_hp_gain":0.0,"max_hp_loss":0.0,"gold_gain":0.0,"event_name":"Tomb of Lord Red Mask","player_choice":"Ignored","floor":45.0,"gold_loss":0.0,"damage_taken":0.0}],"is_beta":false,"boss_relics":[{"not_picked":["Snecko Eye","Runic Dome"],"picked":"HoveringKite"},{"not_picked":["Sozu","White Beast Statue"],"picked":"Cursed Key"}],"items_purged_floors":[29,47],"is_endless":false,"potions_floor_spawned":[1,7,16,19,22,23,30,31,35,44],"ascension_level":2}