{"gold_per_floor":[118,193,343,362,362,393,406,433,433,433,398,412,443,456,456,529,529,549,359,274,62,73,108,120,165,204,141,153,200,225,265,277,363,375,402,636,698,722,734,779,791,838,850,879,903,931,957,1003,1015,1027,1039,1051,1063,88,114,114],"floor_reached":57,"playtime":3877,"items_purged":["Strike_B","Shame"],"score":3511,"play_id":"047ef850-479b-4161-aea8-e6761877e779","local_time":"20190115183835","is_ascension_mode":true,"campfire_choices":[{"data":"Self Repair","floor":10.0,"key":"SMITH"},{"data":"Zap","floor":15.0,"key":"SMITH"},{"data":"Coolheaded","floor":24.0,"key":"SMITH"},{"data":"Defragment","floor":28.0,"key":"SMITH"},{"floor":32.0,"key":"RECALL"},{"data":"Creative AI","floor":41.0,"key":"SMITH"},{"data":"Machine Learning","floor":49.0,"key":"SMITH"},{"data":"Dualcast","floor":53.0,"key":"SMITH"}],"neow_cost":"NONE","seed_source_timestamp":62679077841368,"circlet_count":0,"master_deck":["AscendersBane","Strike_B","Strike_B","Defend_B","Defend_B","Defend_B","Defend_B","Zap+1","Dualcast+1","Coolheaded+1","Self Repair+1","Creative AI+1","Ball Lightning","Cold Snap","Core Surge","BootSequence+1","Fission+1","Double Energy+1","Recycle+1","Leap+1","Defragment+1","Consume+1","Conserve Battery+1","White Noise+1","Turbo+1","White Noise+1","Coolheaded+1","Seek+1","Coolheaded+1","Coolheaded+1","Coolheaded+1","Fission+1","Machine Learning+1","Consume+1","Steam+1"],"special_seed":0,"relics":["Cracked Core","NeowsBlessing","Mercury Hourglass","FossilizedHelix","Dead Branch","Toxic Egg 2","Inserter","Blood Vial","MawBank","Bronze Scales","Pen Nib","Red Mask","Sozu","Anchor","Vajra","Pear","DataDisk","Pocketwatch","Gremlin Horn","DollysMirror","Orichalcum"],"potions_floor_usage":[56],"damage_taken":[{"damage":0.0,"enemies":"Small Slimes","floor":1.0,"turns":1.0},{"damage":0.0,"enemies":"2 Louse","floor":4.0,"turns":1.0},{"damage":0.0,"enemies":"Gremlin Nob","floor":6.0,"turns":1.0},{"damage":17.0,"enemies":"Jaw Worm","floor":7.0,"turns":4.0},{"damage":23.0,"enemies":"Lagavulin","floor":8.0,"turns":7.0},{"damage":0.0,"enemies":"Large Slime","floor":12.0,"turns":5.0},{"damage":12.0,"enemies":"Gremlin Nob","floor":13.0,"turns":4.0},{"damage":0.0,"enemies":"3 Louse","floor":14.0,"turns":2.0},{"damage":0.0,"enemies":"Slime Boss","floor":16.0,"turns":8.0},{"damage":6.0,"enemies":"Shell Parasite","floor":18.0,"turns":5.0},{"damage":19.0,"enemies":"3 Byrds","floor":22.0,"turns":4.0},{"damage":14.0,"enemies":"Slavers","floor":23.0,"turns":4.0},{"damage":0.0,"enemies":"Gremlin Leader","floor":25.0,"turns":4.0},{"damage":14.0,"enemies":"Slavers","floor":29.0,"turns":2.0},{"damage":0.0,"enemies":"Sentry and Sphere","floor":30.0,"turns":5.0},{"damage":0.0,"enemies":"Masked Bandits","floor":31.0,"turns":3.0},{"damage":0.0,"enemies":"Champ","floor":33.0,"turns":18.0},{"damage":0.0,"enemies":"3 Shapes","floor":35.0,"turns":3.0},{"damage":9.0,"enemies":"3 Darklings","floor":38.0,"turns":3.0},{"damage":0.0,"enemies":"Nemesis","floor":40.0,"turns":9.0},{"damage":0.0,"enemies":"Giant Head","floor":42.0,"turns":10.0},{"damage":1.0,"enemies":"Maw","floor":44.0,"turns":7.0},{"damage":17.0,"enemies":"Jaw Worm Horde","floor":45.0,"turns":5.0},{"damage":0.0,"enemies":"Sphere and 2 Shapes","floor":46.0,"turns":3.0},{"damage":0.0,"enemies":"Writhing Mass","floor":47.0,"turns":5.0},{"damage":0.0,"enemies":"Nemesis","floor":48.0,"turns":5.0},{"damage":0.0,"enemies":"Donu and Deca","floor":50.0,"turns":8.0},{"damage":5.0,"enemies":"Awakened One","floor":51.0,"turns":17.0},{"damage":10.0,"enemies":"Shield and Spear","floor":55.0,"turns":4.0},{"damage":59,"enemies":"The Heart","floor":56,"turns":13}],"seed_played":"211307017913368061","potions_obtained":[{"floor":1.0,"key":"Fire Potion"},{"floor":13.0,"key":"Dexterity Potion"},{"floor":14.0,"key":"SteroidPotion"},{"floor":16.0,"key":"SpeedPotion"}],"is_trial":false,"path_per_floor":["M","?","?","M","?","E","M","E","T","R","?","M","E","M","R","B",null,"M","$","?","$","M","E","R","E","T","?","R","E","M","?","R","B",null,"M","?","?","M","?","E","R","E","T","M","M","M","M","E","R","B","B",null,"R","$","E","B",null],"character_chosen":"DEFECT","items_purchased":["Recycle+1","Leap+1","Defragment","Consume+1","Conserve Battery+1","Pocketwatch","Gremlin Horn","DollysMirror","Steam+1"],"campfire_rested":0,"item_purchase_floors":[19,19,21,21,21,54,54,54,54],"current_hp_per_floor":[64,53,53,53,53,53,43,27,27,27,44,54,42,42,42,52,66,70,70,70,70,52,50,50,62,62,62,62,50,62,71,71,71,71,71,71,64,67,67,71,71,71,81,81,74,81,81,81,81,81,81,81,81,81,71,24],"gold":114,"neow_bonus":"THREE_ENEMY_KILL","is_prod":false,"is_daily":false,"chose_seed":false,"campfire_upgraded":7,"win_rate":0,"timestamp":1547595515,"path_taken":["M","?","?","M","?","E","M","E","T","R","?","M","E","M","R","BOSS","M","$","?","$","M","E","R","E","T","?","R","E","M","?","R","BOSS","M","?","?","?","?","E","R","E","T","M","M","M","?","E","R","BOSS","BOSS","R","$","E","BOSS"],"build_version":"2019-01-14v2","purchased_purges":2,"victory":true,"max_hp_per_floor":[71,71,71,71,71,71,71,71,71,71,71,71,71,71,71,71,71,71,71,71,71,71,71,71,71,71,71,71,71,71,71,71,71,71,71,71,71,71,71,71,71,71,81,81,81,81,81,81,81,81,81,81,81,81,81,81],"card_choices":[{"not_picked":["Chaos","Beam Cell"],"picked":"Coolheaded","floor":1.0},{"not_picked":["Reinforced Body","White Noise"],"picked":"Self Repair","floor":4.0},{"not_picked":["Redo","Heatsinks"],"picked":"Creative AI","floor":6.0},{"not_picked":["Gash","Aggregate"],"picked":"Ball Lightning","floor":7.0},{"not_picked":["Coolheaded","Creative AI","Compile Driver"],"picked":"SKIP","floor":8.0},{"not_picked":["Coolheaded","Hello World"],"picked":"Cold Snap","floor":12.0},{"not_picked":["Go for the Eyes","Ball Lightning"],"picked":"Core Surge","floor":13.0},{"not_picked":["Redo+1","Stack+1"],"picked":"BootSequence+1","floor":14.0},{"not_picked":["Machine Learning","Buffer"],"picked":"Fission+1","floor":16.0},{"not_picked":["Cold Snap","Hologram+1"],"picked":"Double Energy+1","floor":18.0},{"not_picked":["Cold Snap","Rebound+1"],"picked":"White Noise+1","floor":22.0},{"not_picked":["Compile Driver","Rebound"],"picked":"Turbo+1","floor":29.0},{"not_picked":["Sweeping Beam","Compile Driver"],"picked":"White Noise+1","floor":30.0},{"not_picked":["Skim+1","Redo+1"],"picked":"Coolheaded+1","floor":31.0},{"not_picked":["Machine Learning","Multi-Cast+1"],"picked":"Seek+1","floor":33.0},{"not_picked":["Gash","Stack+1","Beam Cell+1"],"picked":"SKIP","floor":35.0},{"not_picked":["Barrage+1","Redo+1","Go for the Eyes"],"picked":"SKIP","floor":38.0},{"not_picked":["Blizzard","Hello World","Redo+1"],"picked":"SKIP","floor":40.0},{"not_picked":["Redo+1","Melter","Steam+1"],"picked":"SKIP","floor":42.0},{"not_picked":["Barrage","Hologram+1"],"picked":"Coolheaded+1","floor":44.0},{"not_picked":["Compile Driver","Beam Cell"],"picked":"Coolheaded+1","floor":45.0},{"not_picked":["Cold Snap","Double Energy+1"],"picked":"Coolheaded+1","floor":46.0},{"not_picked":["Consume+1","Stack+1"],"picked":"Fission+1","floor":47.0},{"not_picked":["Blizzard","Stack+1"],"picked":"Machine Learning","floor":48.0},{"not_picked":["Tempest+1","Melter+1","Steam+1"],"picked":"SKIP","floor":55.0}],"player_experience":1670358,"relics_obtained":[{"floor":6.0,"key":"Mercury Hourglass"},{"floor":8.0,"key":"FossilizedHelix"},{"floor":9.0,"key":"Dead Branch"},{"floor":13.0,"key":"Toxic Egg 2"},{"floor":23.0,"key":"MawBank"},{"floor":25.0,"key":"Bronze Scales"},{"floor":29.0,"key":"Pen Nib"},{"floor":31.0,"key":"Red Mask"},{"floor":40.0,"key":"Anchor"},{"floor":42.0,"key":"Vajra"},{"floor":43.0,"key":"Pear"},{"floor":48.0,"key":"DataDisk"},{"floor":55.0,"key":"Orichalcum"}],"event_choices":[{"damage_healed":0.0,"max_hp_gain":0.0,"max_hp_loss":0.0,"gold_gain":75.0,"event_name":"World of Goop","player_choice":"Gather Gold","floor":2.0,"gold_loss":0.0,"damage_taken":11.0},{"damage_healed":0.0,"max_hp_gain":0.0,"max_hp_loss":0.0,"gold_gain":150.0,"event_name":"Liars Game","player_choice":"AGREE","floor":3.0,"gold_loss":0.0,"damage_taken":0.0,"cards_obtained":["Doubt"]},{"cards_removed":["Doubt"],"damage_healed":0.0,"max_hp_gain":0.0,"max_hp_loss":0.0,"gold_gain":0.0,"event_name":"Living Wall","player_choice":"Forget","floor":5.0,"gold_loss":0.0,"damage_taken":0.0},{"damage_healed":17.0,"max_hp_gain":0.0,"max_hp_loss":0.0,"gold_gain":0.0,"event_name":"The Cleric","player_choice":"Healed","floor":11.0,"gold_loss":35.0,"damage_taken":0.0},{"damage_healed":0.0,"max_hp_gain":0.0,"max_hp_loss":0.0,"gold_gain":0.0,"event_name":"Addict","player_choice":"Obtained Relic","floor":20.0,"gold_loss":85.0,"damage_taken":0.0,"relics_obtained":["Blood Vial"]},{"cards_removed":["Strike_B"],"damage_healed":0.0,"max_hp_gain":0.0,"max_hp_loss":0.0,"gold_gain":0.0,"event_name":"Beggar","player_choice":"Gave Gold","floor":27.0,"gold_loss":75.0,"damage_taken":0.0},{"damage_healed":0.0,"max_hp_gain":0.0,"max_hp_loss":0.0,"gold_gain":0.0,"event_name":"Masked Bandits","player_choice":"Fought Bandits","floor":31.0,"gold_loss":0.0,"damage_taken":0.0},{"damage_healed":0.0,"max_hp_gain":0.0,"max_hp_loss":0.0,"gold_gain":222.0,"event_name":"Tomb of Lord Red Mask","player_choice":"Wore Mask","floor":36.0,"gold_loss":0.0,"damage_taken":0.0},{"damage_healed":0.0,"max_hp_gain":0.0,"max_hp_loss":0.0,"gold_gain":50.0,"event_name":"FaceTrader","player_choice":"Touch","floor":37.0,"gold_loss":0.0,"damage_taken":7.0},{"damage_healed":0.0,"max_hp_gain":0.0,"max_hp_loss":0.0,"gold_gain":0.0,"event_name":"Match and Keep!","player_choice":"1 cards matched","floor":39.0,"gold_loss":0.0,"damage_taken":0.0,"cards_obtained":["Shame"]}],"is_beta":true,"boss_relics":[{"not_picked":["Calling Bell","Runic Dome"],"picked":"Inserter"},{"not_picked":["Coffee Dripper","White Beast Statue"],"picked":"Sozu"}],"items_purged_floors":[19,54],"is_endless":false,"potions_floor_spawned":[1,13,14,16,18,23,30,31,35,42,46,47],"ascension_level":20}