{"gold_per_floor":[14,14,38,38,61,95,95,108,108,108,108,126,126,43,43,43],"floor_reached":16,"playtime":451,"items_purged":[],"score":200,"play_id":"008d1988-a4e0-4f4e-b724-f8914b0cc60d","local_time":"20181008190749","is_ascension_mode":true,"campfire_choices":[{"data":"Bash","floor":7,"key":"SMITH"},{"floor":10,"key":"REST"},{"data":"Armaments","floor":13,"key":"SMITH"},{"data":"Combust","floor":15,"key":"SMITH"}],"neow_cost":"NO_GOLD","seed_source_timestamp":41300099603108,"circlet_count":0,"master_deck":["Strike_R","Strike_R","Strike_R","Strike_R","Strike_R","Defend_R","Defend_R","Defend_R","Defend_R","Bash+1","AscendersBane","Disarm","Pommel Strike","Rampage","Clothesline","Armaments+1","Combust+1"],"relics":["Burning Blood","Golden Idol","Question Card","Matryoshka"],"potions_floor_usage":[6,6],"damage_taken":[{"damage":8,"enemies":"2 Louse","floor":1,"turns":4},{"damage":2,"enemies":"Jaw Worm","floor":3,"turns":7},{"damage":19,"enemies":"Small Slimes","floor":5,"turns":5},{"damage":21,"enemies":"Gremlin Nob","floor":6,"turns":5},{"damage":14,"enemies":"Exordium Wildlife","floor":8,"turns":5},{"damage":7,"enemies":"3 Louse","floor":12,"turns":4},{"damage":57,"enemies":"Slime Boss","floor":16,"turns":6}],"seed_played":"-9115483687237102637","potions_obtained":[{"floor":3,"key":"Weak Potion"},{"floor":5,"key":"Ancient Potion"}],"is_trial":false,"path_per_floor":["M","?","M","?","M","E","R","M","T","R","?","M","R","$","R"],"character_chosen":"IRONCLAD","items_purchased":["Combust"],"campfire_rested":1,"item_purchase_floors":[14],"current_hp_per_floor":[80,49,53,53,40,25,25,17,17,43,48,47,47,47,47,0],"gold":43,"neow_bonus":"TWENTY_PERCENT_HP_BONUS","is_prod":false,"is_daily":false,"chose_seed":false,"campfire_upgraded":3,"win_rate":0,"timestamp":1539050869,"path_taken":["M","?","M","?","M","E","R","M","T","R","?","M","R","?","R","BOSS"],"build_version":"2018-10-04v2","purchased_purges":0,"victory":false,"max_hp_per_floor":[89,89,89,89,89,89,89,89,89,89,94,94,94,94,94,94],"card_choices":[{"not_picked":["Heavy Blade","Perfected Strike"],"picked":"Disarm","floor":1},{"not_picked":["Flex","Feel No Pain"],"picked":"Pommel Strike","floor":3},{"not_picked":["Pommel Strike","Intimidate"],"picked":"Rampage","floor":5},{"not_picked":["Thunderclap","Perfected Strike","Searing Blow"],"picked":"SKIP","floor":6},{"not_picked":["Warcry","Intimidate","Brutality"],"picked":"Clothesline","floor":8},{"not_picked":["Battle Trance","Twin Strike","Warcry"],"picked":"Armaments","floor":12}],"player_experience":1304915,"relics_obtained":[{"floor":6,"key":"Question Card"},{"floor":9,"key":"Matryoshka"}],"event_choices":[{"event_name":"Golden Idol","player_choice":"Take Damage","floor":2,"damage_taken":0},{"event_name":"Golden Wing","player_choice":"Ignored","floor":4,"damage_taken":0},{"event_name":"Big Fish","player_choice":"Donut","floor":11,"damage_taken":0}],"is_beta":false,"boss_relics":[],"items_purged_floors":[],"is_endless":false,"potions_floor_spawned":[3,5],"killed_by":"Slime Boss","ascension_level":20}