{"gold_per_floor":[110,130,141,141,1,1,36,36,61,61,81,93,111,126,126,227,227,241,253,253,269,62,62,96,96,96,112,112,112,128,144,144,144],"floor_reached":33,"playtime":1795,"items_purged":[],"score":420,"play_id":"11e7aae0-ff84-4723-885c-38d46cf0f8cc","local_time":"20190113054518","is_ascension_mode":true,"campfire_choices":[{"data":"Cloak And Dagger","floor":6.0,"key":"SMITH"},{"floor":8.0,"key":"REST"},{"data":"Footwork","floor":15.0,"key":"SMITH"},{"floor":23.0,"key":"REST"},{"floor":25.0,"key":"REST"},{"floor":29.0,"key":"REST"},{"floor":32.0,"key":"REST"}],"neow_cost":"NONE","seed_source_timestamp":104001456558798,"circlet_count":0,"master_deck":["AscendersBane","Defend_G","Defend_G","Defend_G","Defend_G","Defend_G","Strike_G","Strike_G","Strike_G","Strike_G","Strike_G","Survivor","Neutralize","Bullet Time","Cloak And Dagger+1","Escape Plan","Accuracy","Footwork+1","Deadly Poison","Flechettes+1","Bane+1","Blade Dance","Cloak And Dagger","Poisoned Stab+1","Wraith Form v2","Slice+1","Finisher+1","Crippling Poison","Apotheosis","Noxious Fumes","Noxious Fumes","Prepared","Decay","Dodge and Roll+1"],"special_seed":0,"relics":["Ring of the Snake","Lantern","Molten Egg 2","Bag of Marbles","Dodecahedron","Busted Crown","Gremlin Horn","Ornamental Fan"],"potions_floor_usage":[33],"damage_taken":[{"damage":0.0,"enemies":"2 Louse","floor":1.0,"turns":3.0},{"damage":0.0,"enemies":"Jaw Worm","floor":2.0,"turns":5.0},{"damage":0.0,"enemies":"Cultist","floor":3.0,"turns":5.0},{"damage":30.0,"enemies":"Gremlin Nob","floor":7.0,"turns":5.0},{"damage":0.0,"enemies":"2 Fungi Beasts","floor":11.0,"turns":4.0},{"damage":0.0,"enemies":"Looter","floor":12.0,"turns":1.0},{"damage":0.0,"enemies":"Lots of Slimes","floor":13.0,"turns":3.0},{"damage":0.0,"enemies":"Blue Slaver","floor":14.0,"turns":2.0},{"damage":18.0,"enemies":"The Guardian","floor":16.0,"turns":13.0},{"damage":2.0,"enemies":"2 Thieves","floor":18.0,"turns":3.0},{"damage":13.0,"enemies":"Spheric Guardian","floor":19.0,"turns":4.0},{"damage":11.0,"enemies":"Centurion and Healer","floor":21.0,"turns":6.0},{"damage":46.0,"enemies":"Gremlin Leader","floor":24.0,"turns":7.0},{"damage":25.0,"enemies":"Snake Plant","floor":27.0,"turns":5.0},{"damage":0.0,"enemies":"Cultist and Chosen","floor":30.0,"turns":5.0},{"damage":0.0,"enemies":"Snecko","floor":31.0,"turns":4.0},{"damage":58,"enemies":"Collector","floor":33,"turns":6}],"seed_played":"412190544092353000","potions_obtained":[{"floor":7.0,"key":"GamblersBrew"},{"floor":11.0,"key":"Strength Potion"},{"floor":14.0,"key":"SteroidPotion"},{"floor":16.0,"key":"AttackPotion"},{"floor":18.0,"key":"SkillPotion"},{"floor":21.0,"key":"SpeedPotion"},{"floor":27.0,"key":"SpeedPotion"}],"is_trial":false,"path_per_floor":["M","M","M","?","$","R","E","R","T","?","M","M","M","M","R","B",null,"M","M","?","M","$","R","E","R","T","M","?","R","M","M","R","B"],"character_chosen":"THE_SILENT","items_purchased":["Footwork","Deadly Poison","Explosive Potion","Apotheosis","Noxious Fumes"],"campfire_rested":5,"item_purchase_floors":[5,5,5,22,22],"current_hp_per_floor":[63,63,63,45,45,45,15,36,36,36,36,36,36,36,36,18,57,55,42,42,31,31,52,6,27,27,2,2,23,23,23,44,0],"gold":144,"neow_bonus":"ONE_RANDOM_RARE_CARD","is_prod":false,"is_daily":false,"chose_seed":false,"campfire_upgraded":2,"win_rate":0,"timestamp":1547354718,"path_taken":["M","M","M","?","$","R","E","R","T","?","M","?","M","M","R","BOSS","M","M","?","M","$","R","E","R","T","M","?","R","?","M","R","BOSS"],"build_version":"2019-01-10","purchased_purges":0,"victory":false,"max_hp_per_floor":[70,70,70,70,70,70,70,70,70,70,70,70,70,70,70,70,70,70,70,70,70,70,70,70,70,70,70,70,70,70,70,70,70],"card_choices":[{"not_picked":["Dagger Spray","Bane"],"picked":"Cloak And Dagger","floor":1.0},{"not_picked":["Dodge and Roll","Slice"],"picked":"Escape Plan","floor":2.0},{"not_picked":["Backstab","Prepared"],"picked":"Accuracy","floor":3.0},{"not_picked":["Acrobatics","Setup"],"picked":"Flechettes","floor":7.0},{"not_picked":["Escape Plan","Poisoned Stab+1"],"picked":"Bane+1","floor":11.0},{"not_picked":["Quick Slash+1","Backflip"],"picked":"Blade Dance","floor":12.0},{"not_picked":["Underhanded Strike+1","Unload+1"],"picked":"Cloak And Dagger","floor":13.0},{"not_picked":["Blade Dance","Outmaneuver"],"picked":"Poisoned Stab+1","floor":14.0},{"not_picked":["Malaise","Night Terror"],"picked":"Wraith Form v2","floor":16.0},{"not_picked":[],"picked":"Slice+1","floor":18.0},{"not_picked":[],"picked":"Finisher+1","floor":19.0},{"not_picked":[],"picked":"Crippling Poison","floor":21.0},{"not_picked":[],"picked":"Noxious Fumes","floor":24.0},{"not_picked":[],"picked":"Prepared","floor":27.0},{"not_picked":["Poisoned Stab+1"],"picked":"SKIP","floor":30.0},{"not_picked":[],"picked":"Dodge and Roll+1","floor":31.0}],"player_experience":456859,"relics_obtained":[{"floor":7.0,"key":"Molten Egg 2"},{"floor":9.0,"key":"Bag of Marbles"},{"floor":24.0,"key":"Gremlin Horn"},{"floor":26.0,"key":"Ornamental Fan"}],"event_choices":[{"damage_healed":0.0,"max_hp_gain":0.0,"max_hp_loss":0.0,"gold_gain":0.0,"event_name":"Scrap Ooze","player_choice":"Success","floor":4.0,"gold_loss":0.0,"damage_taken":18.0,"relics_obtained":["Lantern"]},{"damage_healed":0.0,"max_hp_gain":0.0,"max_hp_loss":0.0,"gold_gain":0.0,"event_name":"WeMeetAgain","player_choice":"Gave Potion","floor":10.0,"gold_loss":0.0,"damage_taken":0.0,"relics_obtained":["Dodecahedron"]},{"damage_healed":0.0,"max_hp_gain":0.0,"max_hp_loss":0.0,"gold_gain":0.0,"event_name":"Ghosts","player_choice":"Ignored","floor":20.0,"gold_loss":0.0,"damage_taken":0.0},{"damage_healed":0.0,"max_hp_gain":0.0,"max_hp_loss":0.0,"gold_gain":0.0,"event_name":"Wheel of Change","player_choice":"Cursed","floor":28.0,"gold_loss":0.0,"damage_taken":0.0,"cards_obtained":["Decay"]}],"is_beta":false,"boss_relics":[{"not_picked":["Runic Pyramid","Tiny House"],"picked":"Busted Crown"}],"items_purged_floors":[],"is_endless":false,"potions_floor_spawned":[7,11,14,16,18,21,27],"killed_by":"Collector","ascension_level":11}