{"gold_per_floor":[114,114,114,128,145,145,178,189,226,226,241,24,42,74,74,146,146,162,437,447,41,56,56,68,68],"floor_reached":25,"playtime":1076,"items_purged":["Defend_R","Regret"],"score":480,"play_id":"19e6dc54-daa3-486e-bd64-2c7362b0d8e9","local_time":"25620209012820","is_ascension_mode":true,"campfire_choices":[{"data":"Demon Form","floor":6.0,"key":"SMITH"},{"data":"True Grit","floor":10.0,"key":"SMITH"},{"floor":15.0,"key":"REST"},{"floor":23.0,"key":"REST"}],"neow_cost":"PERCENT_DAMAGE","seed_source_timestamp":0,"circlet_count":0,"master_deck":["AscendersBane","Strike_R","Strike_R","Strike_R","Strike_R","Strike_R","Defend_R","Defend_R","Defend_R","Bash","Demon Form+1","strawberrySpire:Taunt","Run Through","Rage","True Grit+1","jedi:harder","Power Through","ReplayTheSpireMod:Muscle Training","strawberrySpire:Harvest","Heavy Blade+1","jedi:strikingstrike","jedi:controlledanger"],"special_seed":0,"relics":["Burning Blood","Du-Vu Doll","hubris:MysteriousPyramids","Ancient Tea Set","conspire:DeflatedDodgeball","Vajra","Busted Crown","Sling"],"potions_floor_usage":[25,25],"damage_taken":[{"damage":9.0,"enemies":"2 Louse","floor":1.0,"turns":3.0},{"damage":1.0,"enemies":"Small Slimes","floor":4.0,"turns":3.0},{"damage":1.0,"enemies":"Cultist","floor":5.0,"turns":3.0},{"damage":5.0,"enemies":"Lagavulin","floor":7.0,"turns":6.0},{"damage":16.0,"enemies":"Exordium Wildlife","floor":8.0,"turns":4.0},{"damage":14.0,"enemies":"Blue Slaver","floor":9.0,"turns":8.0},{"damage":0.0,"enemies":"Blue Slaver","floor":11.0,"turns":2.0},{"damage":1.0,"enemies":"2 Fungi Beasts","floor":13.0,"turns":5.0},{"damage":33.0,"enemies":"strawberrySpire:EnergyPylons","floor":14.0,"turns":7.0},{"damage":21.0,"enemies":"The Guardian","floor":16.0,"turns":8.0},{"damage":30.0,"enemies":"Shell Parasite","floor":18.0,"turns":7.0},{"damage":12.0,"enemies":"conspire:FuzzyDice","floor":20.0,"turns":5.0},{"damage":30.0,"enemies":"Sentry and Sphere","floor":22.0,"turns":6.0},{"damage":10.0,"enemies":"Snecko","floor":24.0,"turns":4.0},{"damage":31,"enemies":"Gremlin Leader","floor":25,"turns":3}],"seed_played":"-2491847504497222764","potions_obtained":[{"floor":1.0,"key":"Adrenaline Potion"},{"floor":5.0,"key":"SpeedPotion"},{"floor":8.0,"key":"Strength Potion"},{"floor":14.0,"key":"Block Potion"},{"floor":16.0,"key":"Elixir"},{"floor":22.0,"key":"Poison Potion"},{"floor":24.0,"key":"Explosive Potion"}],"is_trial":false,"path_per_floor":["M","?","?","M","M","R","E","M","MIM","R","M","$","M","E","R","B",null,"M","?","M","$","M","R","M","E"],"character_chosen":"IRONCLAD","items_purchased":["Power Through","Block Potion","Sling","jedi:strikingstrike"],"campfire_rested":2,"item_purchase_floors":[12,12,21,21],"current_hp_per_floor":[47,29,44,49,54,54,55,45,37,37,43,43,48,21,43,28,63,39,39,33,33,9,31,27,0],"gold":68,"neow_bonus":"THREE_RARE_CARDS","is_prod":false,"is_daily":false,"chose_seed":false,"campfire_upgraded":2,"win_rate":0,"timestamp":1549650500,"path_taken":["M","?","?","M","M","R","E","M","MIM","R","M","?","M","E","R","BOSS","M","?","?","$","M","R","?","E"],"build_version":"2019-01-23","purchased_purges":2,"victory":false,"max_hp_per_floor":[75,75,75,75,75,75,75,75,75,75,75,75,75,75,75,75,75,75,75,75,75,75,75,75,75],"card_choices":[{"not_picked":["jedi:bloodyhammer","Limit Break"],"picked":"Demon Form","floor":0.0},{"not_picked":["strawberrySpire:Aggression","Hemokinesis"],"picked":"strawberrySpire:Taunt","floor":1.0},{"not_picked":["Havoc","strawberrySpire:ZonePlayer"],"picked":"Run Through","floor":4.0},{"not_picked":["Defy Death","Run Through","Searing Blow"],"picked":"SKIP","floor":5.0},{"not_picked":["strawberrySpire:Spite","Burning Pact","ReplayTheSpireMod:LeadingStrike"],"picked":"SKIP","floor":7.0},{"not_picked":["Wild Strike","Sword Boomerang"],"picked":"Rage","floor":8.0},{"not_picked":["strawberrySpire:Conflagrate","ReplayTheSpireMod:LeadingStrike"],"picked":"True Grit","floor":9.0},{"not_picked":["Clothesline","Warcry"],"picked":"jedi:harder","floor":11.0},{"not_picked":["True Grit","Body Slam"],"picked":"ReplayTheSpireMod:Muscle Training","floor":13.0},{"not_picked":["Dual Wield","Second Wind","Headbutt"],"picked":"SKIP","floor":14.0},{"not_picked":["jedi:harder","strawberrySpire:FortFortyFour"],"picked":"strawberrySpire:Harvest","floor":16.0},{"not_picked":[],"picked":"Heavy Blade+1","floor":18.0},{"not_picked":["Iron Wave"],"picked":"SKIP","floor":20.0},{"not_picked":[],"picked":"jedi:controlledanger","floor":22.0},{"not_picked":["strawberrySpire:Spite+1"],"picked":"SKIP","floor":24.0}],"player_experience":350447,"relics_obtained":[{"floor":7.0,"key":"hubris:MysteriousPyramids"},{"floor":9.0,"key":"Ancient Tea Set"},{"floor":14.0,"key":"Vajra"}],"event_choices":[{"damage_healed":0.0,"max_hp_gain":0.0,"max_hp_loss":0.0,"gold_gain":0.0,"event_name":"Scrap Ooze","player_choice":"Success","floor":2.0,"gold_loss":0.0,"damage_taken":18.0,"relics_obtained":["Du-Vu Doll"]},{"damage_healed":0.0,"max_hp_gain":0.0,"max_hp_loss":0.0,"gold_gain":275.0,"event_name":"Golden Shrine","player_choice":"Desecrate","floor":19.0,"gold_loss":0.0,"damage_taken":0.0,"cards_obtained":["Regret"]}],"is_beta":false,"boss_relics":[{"not_picked":["hubris:RunicObelisk","Runic Dome"],"picked":"Busted Crown"}],"items_purged_floors":[12,21],"is_endless":false,"potions_floor_spawned":[1,5,8,14,16,22,24],"killed_by":"Gremlin Leader","ascension_level":20}