{"gold_per_floor":[114,130,16,32,50,50,50,75,75,75,92,103,136,286,286,364,364,380,380,380,75,89,89,89,103,103,117,117,152,179,191,191,265,265,285,152,171,171,46,46,64,99,168,194,194,209,288,298,298,298],"floor_reached":51,"playtime":3319,"items_purged":["Doubt","Strike_R","Strike_R"],"score":1366,"play_id":"59a260b0-5592-403b-8d1e-212058a1b83f","local_time":"20181104130932","is_ascension_mode":true,"campfire_choices":[{"data":"Metallicize","floor":6,"key":"SMITH"},{"data":"Metallicize","floor":10,"key":"SMITH"},{"data":"Inflame","floor":15,"key":"SMITH"},{"data":"Apotheosis","floor":23,"key":"SMITH"},{"floor":28,"key":"REST"},{"data":"Shrug It Off","floor":32,"key":"SMITH"},{"data":"Metallicize","floor":40,"key":"SMITH"},{"floor":49,"key":"REST"}],"neow_cost":"NONE","seed_source_timestamp":124202745471551,"circlet_count":0,"master_deck":["AscendersBane","Strike_R+1","Strike_R","Strike_R","Defend_R","Defend_R","Defend_R","Defend_R","Bash","Wild Strike","Pommel Strike+1","Metallicize+1","Flame Barrier+1","Spot Weakness","Inflame+1","Metallicize+1","Warcry","Twin Strike","Shrug It Off","Barricade","Ghostly Armor","Apotheosis+1","Pummel","Sword Boomerang+1","Ghostly Armor","Entrench+1","Pummel","Shrug It Off+1","Body Slam","Dark Embrace","Headbutt+1","Metallicize+1","Flame Barrier+1","Madness","Madness","Evolve","Dual Wield+1"],"relics":["Burning Blood","Bag of Marbles","Odd Mushroom","Whetstone","Singing Bowl","Snecko Eye","MutagenicStrength","Question Card","Bird Faced Urn","Red Mask","Mark of Pain","Mercury Hourglass","Bottled Flame","Oddly Smooth Stone","Kunai"],"potions_floor_usage":[27,31,33,44,44],"damage_taken":[{"damage":1,"enemies":"Cultist","floor":1,"turns":4},{"damage":5,"enemies":"2 Louse","floor":2,"turns":3},{"damage":12,"enemies":"Jaw Worm","floor":4,"turns":2},{"damage":12,"enemies":"Large Slime","floor":5,"turns":4},{"damage":19,"enemies":"The Mushroom Lair","floor":8,"turns":6},{"damage":2,"enemies":"Red Slaver","floor":11,"turns":4},{"damage":17,"enemies":"Blue Slaver","floor":12,"turns":3},{"damage":7,"enemies":"3 Sentries","floor":13,"turns":7},{"damage":35,"enemies":"Slime Boss","floor":16,"turns":10},{"damage":13,"enemies":"Spheric Guardian","floor":18,"turns":7},{"damage":6,"enemies":"3 Byrds","floor":22,"turns":4},{"damage":16,"enemies":"Snecko","floor":25,"turns":6},{"damage":0,"enemies":"Cultist and Chosen","floor":27,"turns":5},{"damage":32,"enemies":"Slavers","floor":29,"turns":9},{"damage":0,"enemies":"Masked Bandits","floor":30,"turns":5},{"damage":19,"enemies":"Sentry and Sphere","floor":31,"turns":9},{"damage":0,"enemies":"Automaton","floor":33,"turns":11},{"damage":0,"enemies":"3 Shapes","floor":35,"turns":5},{"damage":2,"enemies":"3 Darklings","floor":37,"turns":6},{"damage":2,"enemies":"Sphere and 2 Shapes","floor":41,"turns":5},{"damage":9,"enemies":"Giant Head","floor":42,"turns":8},{"damage":64,"enemies":"Reptomancer","floor":44,"turns":7},{"damage":7,"enemies":"4 Shapes","floor":46,"turns":18},{"damage":23,"enemies":"Spire Growth","floor":48,"turns":4},{"damage":5,"enemies":"Donu and Deca","floor":50,"turns":11}],"seed_played":"3510076034196904226","potions_obtained":[{"floor":1,"key":"SpeedPotion"},{"floor":5,"key":"Swift Potion"},{"floor":11,"key":"Energy Potion"},{"floor":22,"key":"LiquidBronze"},{"floor":25,"key":"Regen Potion"},{"floor":27,"key":"Energy Potion"},{"floor":37,"key":"Poison Potion"},{"floor":42,"key":"Poison Potion"}],"is_trial":false,"path_per_floor":["M","M","$","M","M","R","$","?","T","R","M","M","E","?","R","B",null,"M","?","?","$","M","R","?","M","T","M","R","E","?","M","R","B",null,"M","$","M","?","$","R","M","E","T","E","?","M","T","M","R","B",null],"character_chosen":"IRONCLAD","items_purchased":["Metallicize","Flame Barrier","Apotheosis","Pummel","Metallicize"],"campfire_rested":2,"item_purchase_floors":[3,3,21,21,36],"current_hp_per_floor":[73,74,74,68,62,62,62,49,49,49,53,42,41,41,41,12,59,52,52,31,31,31,31,31,21,21,41,65,39,53,48,48,62,76,80,80,80,66,66,66,80,82,82,38,38,57,57,48,73,86],"gold":298,"neow_bonus":"RANDOM_COMMON_RELIC","is_prod":false,"is_daily":false,"chose_seed":false,"campfire_upgraded":6,"win_rate":0,"timestamp":1541333372,"path_taken":["M","M","$","M","M","R","?","?","T","R","M","M","E","?","R","BOSS","M","?","?","$","M","R","?","?","T","M","R","E","?","M","R","BOSS","M","$","M","?","$","R","M","E","T","E","?","M","?","M","R","BOSS"],"build_version":"2018-11-01","purchased_purges":3,"victory":true,"max_hp_per_floor":[75,75,75,75,75,75,75,75,75,75,75,75,75,75,75,75,75,75,75,80,80,80,80,80,80,80,80,80,80,80,80,80,80,80,80,80,80,80,80,80,80,82,82,82,82,84,84,86,86,86],"card_choices":[{"not_picked":["Spot Weakness","Warcry"],"picked":"Wild Strike","floor":1},{"not_picked":["Shrug It Off","Flex"],"picked":"Pommel Strike","floor":2},{"not_picked":["True Grit","Flex"],"picked":"Spot Weakness","floor":4},{"not_picked":["Headbutt","Reckless Charge"],"picked":"Inflame","floor":5},{"not_picked":["Fire Breathing","Bloodletting"],"picked":"Metallicize","floor":8},{"not_picked":["Body Slam","Thunderclap"],"picked":"Warcry","floor":11},{"not_picked":["Rampage","Combust"],"picked":"Twin Strike","floor":12},{"not_picked":["Havoc","Seeing Red"],"picked":"Shrug It Off","floor":13},{"not_picked":["Exhume","Fiend Fire"],"picked":"Barricade","floor":16},{"not_picked":["Iron Wave","Pommel Strike"],"picked":"Ghostly Armor","floor":18},{"not_picked":["Flame Barrier","Wild Strike"],"picked":"Sword Boomerang+1","floor":22},{"not_picked":["Body Slam","Whirlwind"],"picked":"Ghostly Armor","floor":25},{"not_picked":["Power Through","Seeing Red","Sword Boomerang"],"picked":"Entrench+1","floor":27},{"not_picked":["Anger","Wild Strike","Clash"],"picked":"Pummel","floor":29},{"not_picked":["Pommel Strike","Burning Pact","Heavy Blade"],"picked":"Shrug It Off","floor":30},{"not_picked":["Shrug It Off","Combust","Wild Strike"],"picked":"Body Slam","floor":31},{"not_picked":["Exhume","Double Tap","Brutality"],"picked":"Dark Embrace","floor":33},{"not_picked":["Dropkick","Searing Blow","Heavy Blade+1"],"picked":"Headbutt+1","floor":35},{"not_picked":["Second Wind","True Grit","Havoc"],"picked":"Flame Barrier+1","floor":37},{"not_picked":["Heavy Blade","Combust","Intimidate+1"],"picked":"Evolve","floor":41},{"not_picked":["Seeing Red","Cleave","Demon Form","Sword Boomerang"],"picked":"Singing Bowl","floor":42},{"not_picked":["Immolate","True Grit","Uppercut"],"picked":"Dual Wield+1","floor":44},{"not_picked":["Sword Boomerang+1","Iron Wave","Hemokinesis+1","Body Slam"],"picked":"Singing Bowl","floor":46},{"not_picked":["Sword Boomerang+1","Anger","Warcry","Wild Strike+1"],"picked":"Singing Bowl","floor":48}],"player_experience":309256,"relics_obtained":[{"floor":8,"key":"Odd Mushroom"},{"floor":9,"key":"Whetstone"},{"floor":13,"key":"Singing Bowl"},{"floor":26,"key":"Question Card"},{"floor":29,"key":"Bird Faced Urn"},{"floor":30,"key":"Red Mask"},{"floor":42,"key":"Mercury Hourglass"},{"floor":43,"key":"Bottled Flame"},{"floor":44,"key":"Oddly Smooth Stone"},{"floor":47,"key":"Kunai"}],"event_choices":[{"damage_healed":0,"gold_gain":0,"player_choice":"Fought Mushrooms","damage_taken":0,"max_hp_gain":0,"max_hp_loss":0,"event_name":"Mushrooms","floor":8,"gold_loss":0},{"damage_healed":0,"gold_gain":150,"player_choice":"AGREE","damage_taken":0,"max_hp_gain":0,"max_hp_loss":0,"event_name":"Liars Game","floor":14,"gold_loss":0,"cards_obtained":["Doubt"]},{"damage_healed":0,"gold_gain":0,"player_choice":"Inject Mutagens","damage_taken":0,"relics_obtained":["MutagenicStrength"],"max_hp_gain":0,"max_hp_loss":0,"event_name":"Drug Dealer","floor":19,"gold_loss":0},{"damage_healed":0,"gold_gain":0,"player_choice":"Shed Blood","damage_taken":26,"max_hp_gain":5,"max_hp_loss":0,"event_name":"Forgotten Altar","floor":20,"gold_loss":0},{"damage_healed":0,"gold_gain":0,"player_choice":"Forge","damage_taken":0,"max_hp_gain":0,"max_hp_loss":0,"event_name":"Accursed Blacksmith","floor":24,"gold_loss":0,"cards_upgraded":["Flame Barrier"]},{"damage_healed":0,"gold_gain":0,"player_choice":"Fought Bandits","damage_taken":0,"max_hp_gain":0,"max_hp_loss":0,"event_name":"Masked Bandits","floor":30,"gold_loss":0},{"damage_healed":0,"gold_gain":0,"player_choice":"Embrace Madness","damage_taken":14,"max_hp_gain":0,"max_hp_loss":0,"event_name":"Winding Halls","floor":38,"gold_loss":0,"cards_obtained":["Madness","Madness"]},{"damage_healed":0,"gold_gain":0,"player_choice":"Ignored","damage_taken":0,"max_hp_gain":0,"max_hp_loss":0,"event_name":"Tomb of Lord Red Mask","floor":45,"gold_loss":0}],"is_beta":false,"boss_relics":[{"not_picked":["Runic Dome","Runic Cube"],"picked":"Snecko Eye"},{"not_picked":["White Beast Statue","Astrolabe"],"picked":"Mark of Pain"}],"items_purged_floors":[21,36,39],"is_endless":false,"potions_floor_spawned":[1,5,11,22,25,27,29,37,42],"ascension_level":15}