{"gold_per_floor":[118,118,43,56,8,8,24,68,95,114,129,129,147,165,165,294,294,319,16,34,34,34,77,77,77],"floor_reached":25,"playtime":1317,"items_purged":["Writhe"],"score":223,"play_id":"6c3415b0-9be3-48b5-aa4b-704868273999","local_time":"25611101222838","is_ascension_mode":false,"campfire_choices":[{"data":"Redo","floor":6,"key":"SMITH"},{"floor":12,"key":"REST"},{"data":"Genetic Algorithm","floor":15,"key":"SMITH"},{"floor":24,"key":"REST"}],"neow_cost":"CURSE","seed_source_timestamp":26024162912636,"circlet_count":0,"master_deck":["Strike_B","Strike_B","Strike_B","Strike_B","Defend_B","Defend_B","Defend_B","Defend_B","Zap","Dualcast","Redo+1","Rebound","Go for the Eyes","Conserve Battery","Chill","Genetic Algorithm+1","Ball Lightning","Steam","Sweeping Beam","Heatsinks","Creative AI","Cold Snap+1","Streamline","Loop+1","Coolheaded+1"],"relics":["Cracked Core","Nunchaku","Golden Idol","Ancient Tea Set","Dream Catcher","Inserter","Matryoshka","Thread and Needle","Bird Faced Urn"],"potions_floor_usage":[8,16,18,20],"damage_taken":[{"damage":1,"enemies":"2 Louse","floor":1,"turns":2},{"damage":0,"enemies":"Small Slimes","floor":4,"turns":3},{"damage":0,"enemies":"Cultist","floor":7,"turns":2},{"damage":21,"enemies":"3 Sentries","floor":8,"turns":5},{"damage":0,"enemies":"Blue Slaver","floor":10,"turns":4},{"damage":1,"enemies":"Gremlin Gang","floor":11,"turns":6},{"damage":1,"enemies":"3 Louse","floor":13,"turns":3},{"damage":0,"enemies":"Exordium Thugs","floor":14,"turns":3},{"damage":19,"enemies":"The Guardian","floor":16,"turns":11},{"damage":15,"enemies":"Chosen","floor":18,"turns":6},{"damage":14,"enemies":"2 Thieves","floor":20,"turns":4},{"damage":45,"enemies":"Book of Stabbing","floor":23,"turns":7},{"damage":27,"enemies":"Slavers","floor":25,"turns":3}],"seed_played":"6975322676501243667","potions_obtained":[{"floor":1,"key":"AttackPotion"},{"floor":11,"key":"Block Potion"},{"floor":13,"key":"Weak Potion"},{"floor":14,"key":"EssenceOfSteel"},{"floor":20,"key":"GamblersBrew"}],"is_trial":false,"path_per_floor":["M","?","$","M","$","R","M","E","T","M","M","R","M","M","R","B",null,"M","$","M","?","$","E","R"],"character_chosen":"DEFECT","items_purchased":["Go for the Eyes","Matryoshka","Streamline"],"campfire_rested":2,"item_purchase_floors":[5,19,19],"current_hp_per_floor":[74,56,56,56,56,56,56,35,35,35,34,56,55,55,55,36,75,60,60,46,46,46,1,23,0],"gold":77,"neow_bonus":"ONE_RARE_RELIC","is_prod":false,"is_daily":false,"chose_seed":false,"campfire_upgraded":2,"win_rate":0.0,"timestamp":1541086118,"path_taken":["M","?","$","M","?","R","M","E","T","M","M","R","M","M","R","BOSS","M","$","M","?","?","E","R","E"],"build_version":"2018-10-25v2","purchased_purges":1,"victory":false,"max_hp_per_floor":[75,75,75,75,75,75,75,75,75,75,75,75,75,75,75,75,75,75,75,75,75,75,75,75,75],"card_choices":[{"not_picked":["Stack","Consume"],"picked":"Redo","floor":1},{"not_picked":["Gash","Beam Cell"],"picked":"Rebound","floor":4},{"not_picked":["Melter","Blizzard"],"picked":"Conserve Battery","floor":7},{"not_picked":["Reprogram","All For One"],"picked":"Chill","floor":8},{"not_picked":["Conserve Battery","Heatsinks"],"picked":"Genetic Algorithm","floor":10},{"not_picked":["Cold Snap","Conserve Battery"],"picked":"Ball Lightning","floor":11},{"not_picked":["Fusion","Compile Driver"],"picked":"Steam","floor":12},{"not_picked":["Skim","Cold Snap"],"picked":"Sweeping Beam","floor":13},{"not_picked":["Stack","Darkness"],"picked":"Heatsinks","floor":14},{"not_picked":["Rainbow","Amplify"],"picked":"Creative AI","floor":16},{"not_picked":["Aggregate","Capacitor"],"picked":"Cold Snap+1","floor":18},{"not_picked":["Heatsinks","Streamline"],"picked":"Loop+1","floor":20},{"not_picked":["Genetic Algorithm","Stack","Compile Driver"],"picked":"SKIP","floor":23},{"not_picked":["Gash+1","Genetic Algorithm"],"picked":"Coolheaded+1","floor":24}],"player_experience":37020,"relics_obtained":[{"floor":8,"key":"Ancient Tea Set"},{"floor":9,"key":"Dream Catcher"},{"floor":23,"key":"Bird Faced Urn"}],"event_choices":[{"damage_healed":0,"gold_gain":0,"player_choice":"Take Damage","damage_taken":18,"relics_obtained":["Golden Idol"],"max_hp_gain":0,"max_hp_loss":0,"event_name":"Golden Idol","floor":2,"gold_loss":0},{"damage_healed":0,"gold_gain":0,"player_choice":"Gave Potion","damage_taken":0,"relics_obtained":["Thread and Needle"],"max_hp_gain":0,"max_hp_loss":0,"event_name":"WeMeetAgain","floor":21,"gold_loss":0}],"is_beta":false,"boss_relics":[{"not_picked":["Astrolabe","Snecko Eye"],"picked":"Inserter"}],"items_purged_floors":[3],"is_endless":false,"potions_floor_spawned":[1,11,13,14,20],"killed_by":"Slavers","ascension_level":0}