{"gold_per_floor":[114,39,55,130,0,0,14,14,14,14,32,49,49,61,61,136,136,156,156],"floor_reached":19,"playtime":1097,"items_purged":["Strike_R"],"score":318,"play_id":"514164e1-98de-47e2-972d-44eabdfb793c","local_time":"20190509191405","is_ascension_mode":true,"campfire_choices":[{"data":"Bash","floor":6,"key":"SMITH"},{"data":"Spot Weakness","floor":8,"key":"SMITH"},{"floor":10,"key":"RECALL"},{"floor":15,"key":"REST"}],"neow_cost":"NONE","seed_source_timestamp":294498278707900,"circlet_count":0,"master_deck":["AscendersBane","Strike_R","Strike_R","Strike_R","Defend_R","Defend_R","Defend_R","Defend_R","Bash+1","Shrug It Off","Spot Weakness+1","Battle Trance","Ghostly Armor","Double Tap","Reaper","Shockwave"],"relics":["Burning Blood","Coffee Dripper"],"potions_floor_usage":[11,11,14,18],"damage_taken":[{"damage":9,"enemies":"Jaw Worm","floor":1,"turns":5},{"damage":1,"enemies":"Cultist","floor":3,"turns":3},{"damage":3,"enemies":"2 Louse","floor":7,"turns":4},{"damage":26,"enemies":"Lots of Slimes","floor":11,"turns":5},{"damage":12,"enemies":"3 Louse","floor":12,"turns":5},{"damage":13,"enemies":"2 Fungi Beasts","floor":14,"turns":5},{"damage":38,"enemies":"The Guardian","floor":16,"turns":16},{"damage":56,"enemies":"3 Byrds","floor":18,"turns":7},{"damage":37,"enemies":"Spheric Guardian","floor":19,"turns":5}],"seed_played":"8866635838358535259","potions_obtained":[{"floor":1,"key":"BloodPotion"},{"floor":3,"key":"Swift Potion"},{"floor":11,"key":"SpeedPotion"},{"floor":16,"key":"Swift Potion"}],"is_trial":false,"path_per_floor":["M","?","M","?","$","R","M","R","T","R","M","M","$","M","R","B",null,"M","M"],"character_chosen":"IRONCLAD","items_purchased":["PowerPotion"],"campfire_rested":1,"item_purchase_floors":[5],"current_hp_per_floor":[72,72,77,66,66,66,69,69,69,69,57,51,51,44,68,36,71,32,0],"gold":156,"neow_bonus":"TEN_PERCENT_HP_BONUS","is_prod":false,"is_daily":false,"chose_seed":false,"campfire_upgraded":2,"win_rate":0,"timestamp":1557418445,"path_taken":["M","?","M","?","?","R","M","R","T","R","?","M","$","M","R","BOSS","M","M"],"build_version":"2019-01-23","purchased_purges":1,"victory":false,"max_hp_per_floor":[82,82,82,82,82,82,82,82,82,82,82,82,82,82,82,82,82,82,82],"card_choices":[{"not_picked":["Sever Soul","Flex","Warcry"],"picked":"SKIP","floor":1},{"not_picked":["Heavy Blade","Bloodletting"],"picked":"Shrug It Off","floor":3},{"not_picked":["Dual Wield","Heavy Blade"],"picked":"Spot Weakness","floor":7},{"not_picked":["Clothesline","Spot Weakness"],"picked":"Battle Trance","floor":11},{"not_picked":["Dropkick","Reckless Charge"],"picked":"Ghostly Armor","floor":12},{"not_picked":["True Grit","Sword Boomerang"],"picked":"Double Tap","floor":14},{"not_picked":["Barricade","Bludgeon"],"picked":"Reaper","floor":16},{"not_picked":["Cleave","Second Wind"],"picked":"Shockwave","floor":18}],"player_experience":408031,"relics_obtained":[],"event_choices":[{"cards_removed":["Strike_R"],"damage_healed":0,"gold_gain":0,"player_choice":"Card Removal","damage_taken":0,"max_hp_gain":0,"max_hp_loss":0,"event_name":"The Cleric","floor":2,"gold_loss":75},{"damage_healed":0,"gold_gain":75,"player_choice":"Gather Gold","damage_taken":11,"max_hp_gain":0,"max_hp_loss":0,"event_name":"World of Goop","floor":4,"gold_loss":0}],"is_beta":false,"boss_relics":[{"not_picked":["Empty Cage","Lizard Tail"],"picked":"Coffee Dripper"}],"items_purged_floors":[5],"is_endless":false,"potions_floor_spawned":[1,3,11,16],"killed_by":"Spheric Guardian","ascension_level":20}