{"gold_per_floor":[116,14,14,0,0,31,31,31],"floor_reached":8,"playtime":295,"items_purged":["Defend_R"],"score":91,"play_id":"a6642a7a-205b-4280-ae95-5b0f3f5d20be","local_time":"20190303002018","is_ascension_mode":true,"campfire_choices":[{"data":"Armaments","floor":7,"key":"SMITH"}],"neow_cost":"TEN_PERCENT_HP_LOSS","seed_source_timestamp":13813299238100,"circlet_count":0,"master_deck":["AscendersBane","Strike_R","Strike_R","Strike_R","Defend_R","Defend_R","Defend_R","Bash","Fire Breathing","Spot Weakness","Armaments+1","Ghostly Armor"],"relics":["Burning Blood","Golden Idol","Happy Flower"],"potions_floor_usage":[6,8],"damage_taken":[{"damage":6,"enemies":"2 Louse","floor":1,"turns":3},{"damage":40,"enemies":"Gremlin Nob","floor":6,"turns":5},{"damage":20,"enemies":"3 Sentries","floor":8,"turns":6}],"seed_played":"-8589415909502909367","potions_obtained":[{"floor":1,"key":"SpeedPotion"},{"floor":6,"key":"AttackPotion"}],"is_trial":false,"path_per_floor":["M","$","?","?","?","E","R","E"],"character_chosen":"IRONCLAD","items_purchased":["Armaments"],"campfire_rested":0,"item_purchase_floors":[2],"current_hp_per_floor":[68,68,68,68,45,11,11,0],"gold":31,"neow_bonus":"TRANSFORM_TWO_CARDS","is_prod":false,"is_daily":false,"chose_seed":false,"campfire_upgraded":1,"win_rate":0,"timestamp":1551543618,"path_taken":["M","$","?","?","?","E","R","E"],"build_version":"2019-01-23","purchased_purges":1,"victory":false,"max_hp_per_floor":[68,68,68,68,68,68,68,68],"card_choices":[{"not_picked":["Disarm","Shrug It Off","Entrench"],"picked":"SKIP","floor":1},{"not_picked":["Disarm","Shrug It Off","Entrench"],"picked":"SKIP","floor":1},{"not_picked":["Wild Strike","Clothesline"],"picked":"Ghostly Armor","floor":6}],"player_experience":2682605,"relics_obtained":[{"floor":6,"key":"Happy Flower"}],"event_choices":[{"damage_healed":0,"gold_gain":0,"player_choice":"Leave","damage_taken":0,"max_hp_gain":0,"max_hp_loss":0,"event_name":"The Cleric","floor":3,"gold_loss":0},{"damage_healed":0,"gold_gain":0,"player_choice":"Left Gold","damage_taken":0,"max_hp_gain":0,"max_hp_loss":0,"event_name":"World of Goop","floor":4,"gold_loss":14},{"damage_healed":0,"gold_gain":0,"player_choice":"Take Damage","damage_taken":23,"relics_obtained":["Golden Idol"],"max_hp_gain":0,"max_hp_loss":0,"event_name":"Golden Idol","floor":5,"gold_loss":0}],"is_beta":false,"boss_relics":[],"items_purged_floors":[2],"is_endless":false,"potions_floor_spawned":[1,6],"killed_by":"3 Sentries","ascension_level":15}