{"gold_per_floor":[117,117,127,137,137,137,165,165,192,217,217,229,240,265,265,341,341,315,315,315,325,97,97,147,147,147,176,192,212,35,64,64,64],"floor_reached":33,"playtime":1829,"items_purged":["Decay"],"score":631,"play_id":"8377eca6-6674-4588-9e51-96dc539b5715","local_time":"20190403133838","is_ascension_mode":true,"campfire_choices":[{"data":"Bash","floor":6.0,"key":"SMITH"},{"data":"Anger","floor":8.0,"key":"SMITH"},{"data":"Clothesline","floor":11.0,"key":"SMITH"},{"data":"Disarm","floor":15.0,"key":"SMITH"},{"data":"Inflame","floor":23.0,"key":"SMITH"},{"data":"Limit Break","floor":25.0,"key":"SMITH"},{"floor":32,"key":"REST"}],"neow_cost":"NONE","seed_source_timestamp":1234032491929100,"circlet_count":0,"master_deck":["AscendersBane","Defend_R","Defend_R","Defend_R","Defend_R","Bash+1","Clothesline+1","Thunderclap","Exhume","Anger+1","Feel No Pain","Twin Strike","Disarm+1","Limit Break+1","Feed+1","Shockwave+1","Burning Pact+1","Shrug It Off","Bite","Bite","Bite","Bite","Bite","Inflame+1","Shrug It Off","Battle Trance","Offering","Seeing Red"],"special_seed":0,"relics":["Burning Blood","Oddly Smooth Stone","Strawberry","Vajra","Magic Flower","Astrolabe","Lantern","Molten Egg 2","Bottled Lightning"],"potions_floor_usage":[31,33],"damage_taken":[{"damage":2.0,"enemies":"Cultist","floor":1.0,"turns":4.0},{"damage":6.0,"enemies":"Jaw Worm","floor":3.0,"turns":4.0},{"damage":6.0,"enemies":"2 Louse","floor":4.0,"turns":3.0},{"damage":41.0,"enemies":"Lagavulin","floor":7.0,"turns":8.0},{"damage":20.0,"enemies":"3 Sentries","floor":10.0,"turns":6.0},{"damage":5.0,"enemies":"Gremlin Gang","floor":12.0,"turns":4.0},{"damage":0.0,"enemies":"2 Fungi Beasts","floor":13.0,"turns":2.0},{"damage":17.0,"enemies":"Lagavulin","floor":14.0,"turns":7.0},{"damage":9.0,"enemies":"Hexaghost","floor":16.0,"turns":11.0},{"damage":26.0,"enemies":"2 Thieves","floor":18.0,"turns":4.0},{"damage":38.0,"enemies":"Shell Parasite","floor":21.0,"turns":8.0},{"damage":21.0,"enemies":"Gremlin Leader","floor":27.0,"turns":7.0},{"damage":38.0,"enemies":"3 Cultists","floor":28.0,"turns":7.0},{"damage":18.0,"enemies":"Snake Plant","floor":29.0,"turns":4.0},{"damage":39,"enemies":"Slavers","floor":31,"turns":5},{"damage":78,"enemies":"Automaton","floor":33,"turns":6}],"seed_played":"-5028219187302019352","potions_obtained":[{"floor":1.0,"key":"Dexterity Potion"},{"floor":7.0,"key":"PowerPotion"},{"floor":14.0,"key":"PowerPotion"},{"floor":21.0,"key":"Dexterity Potion"},{"floor":28.0,"key":"Strength Potion"}],"is_trial":false,"path_per_floor":["M","?","M","M","?","R","E","R","T","E","R","M","M","E","R","B",null,"M","?","?","M","$","R","?","R","T","E","M","M","$","E","R","B"],"character_chosen":"IRONCLAD","items_purchased":["Inflame","Shrug It Off","Energy Potion","Offering"],"campfire_rested":1,"item_purchase_floors":[22,22,22,30],"current_hp_per_floor":[79,79,79,79,79,79,44,44,51,37,37,38,44,33,33,33,75,58,58,58,53,53,53,47,47,47,62,49,55,55,43,66,0],"gold":64,"neow_bonus":"TEN_PERCENT_HP_BONUS","is_prod":false,"is_daily":false,"chose_seed":false,"campfire_upgraded":6,"win_rate":0,"timestamp":1554295118,"path_taken":["M","?","M","M","?","R","E","R","T","E","R","?","M","E","R","BOSS","M","?","?","?","$","R","?","R","T","E","M","M","$","E","R","BOSS"],"build_version":"2019-01-23","purchased_purges":1,"victory":false,"max_hp_per_floor":[82,82,82,82,82,82,82,82,89,89,89,89,89,89,89,89,89,89,62,62,66,66,66,66,66,66,66,70,74,74,78,78,78],"card_choices":[{"not_picked":["Intimidate","Searing Blow"],"picked":"Clothesline","floor":1.0},{"not_picked":["Clothesline","Warcry","Rupture"],"picked":"SKIP","floor":3.0},{"not_picked":["Infernal Blade","Wild Strike"],"picked":"Thunderclap","floor":4.0},{"not_picked":["Ghostly Armor","Thunderclap"],"picked":"Anger","floor":7.0},{"not_picked":["Clothesline","Heavy Blade"],"picked":"Feel No Pain","floor":10.0},{"not_picked":["Iron Wave","Heavy Blade"],"picked":"Twin Strike","floor":12.0},{"not_picked":["Barricade","Entrench","Sword Boomerang"],"picked":"SKIP","floor":13.0},{"not_picked":["Warcry","Anger"],"picked":"Disarm","floor":14.0},{"not_picked":["Demon Form","Barricade"],"picked":"Limit Break","floor":16.0},{"not_picked":["True Grit","Bloodletting+1"],"picked":"Shrug It Off","floor":18.0},{"not_picked":["Pommel Strike+1","Wild Strike","True Grit"],"picked":"SKIP","floor":21.0},{"not_picked":["Fire Breathing","Bludgeon","Clothesline"],"picked":"SKIP","floor":27.0},{"not_picked":["Armaments","Entrench","Havoc"],"picked":"SKIP","floor":28.0},{"not_picked":["Thunderclap+1","Combust"],"picked":"Battle Trance","floor":29.0},{"not_picked":["Metallicize","Thunderclap+1"],"picked":"Seeing Red","floor":31}],"player_experience":2472388,"relics_obtained":[{"floor":7.0,"key":"Oddly Smooth Stone"},{"floor":9.0,"key":"Strawberry"},{"floor":10.0,"key":"Vajra"},{"floor":14.0,"key":"Magic Flower"},{"floor":26.0,"key":"Lantern"},{"floor":27.0,"key":"Molten Egg 2"},{"floor":31,"key":"Bottled Lightning"}],"event_choices":[{"damage_healed":0.0,"max_hp_gain":0.0,"max_hp_loss":0.0,"gold_gain":0.0,"event_name":"Liars Game","player_choice":"Ignored","floor":2.0,"gold_loss":0.0,"damage_taken":0.0},{"damage_healed":0.0,"max_hp_gain":0.0,"max_hp_loss":0.0,"gold_gain":0.0,"cards_transformed":["Strike_R"],"event_name":"Transmorgrifier","player_choice":"Transformed","floor":5.0,"gold_loss":0.0,"damage_taken":0.0,"cards_obtained":["Exhume"]},{"damage_healed":0.0,"max_hp_gain":0.0,"max_hp_loss":27.0,"gold_gain":0.0,"event_name":"Vampires","player_choice":"Became a vampire","floor":19.0,"gold_loss":0.0,"damage_taken":0.0,"cards_obtained":["Bite","Bite","Bite","Bite","Bite"]},{"damage_healed":0.0,"max_hp_gain":0.0,"max_hp_loss":0.0,"gold_gain":0.0,"event_name":"Wheel of Change","player_choice":"Cursed","floor":20.0,"gold_loss":0.0,"damage_taken":0.0,"cards_obtained":["Decay"]},{"damage_healed":0.0,"max_hp_gain":0.0,"max_hp_loss":0.0,"gold_gain":50.0,"event_name":"FaceTrader","player_choice":"Touch","floor":24.0,"gold_loss":0.0,"damage_taken":6.0}],"is_beta":false,"boss_relics":[{"not_picked":["Black Blood","Runic Dome"],"picked":"Astrolabe"}],"items_purged_floors":[22],"is_endless":false,"potions_floor_spawned":[1,7,14,21,28,29],"killed_by":"Automaton","ascension_level":20}