{"path_per_floor":["M","M","M","M","M","E","R","?","T","M","R","E","M","M","R","B",null,"M","$","M","M","$","R","?","R","T","E","M","M","R","?","R","B",null,"M","$","M","?"],"character_chosen":"DEFECT","items_purchased":["White Noise","Go for the Eyes","Ice Cream"],"gold_per_floor":[14,24,35,49,60,92,92,92,119,130,130,161,171,183,183,280,280,294,182,195,214,68,68,68,68,138,172,184,199,199,199,199,296,296,316,20,31,31,31],"floor_reached":39,"campfire_rested":4,"playtime":2722,"item_purchase_floors":[19,22,36],"current_hp_per_floor":[68,68,56,43,33,33,33,26,26,20,20,5,5,5,27,27,63,55,55,40,29,29,29,29,51,51,31,18,19,56,56,75,75,75,67,67,14,14,0],"items_purged":["Defend_B","Strike_B"],"gold":31,"score":763,"play_id":"aea56d90-e7ca-4b66-829f-db047a046ccb","local_time":"20180616091946","is_prod":false,"is_daily":false,"chose_seed":false,"is_ascension_mode":true,"campfire_upgraded":3,"win_rate":0,"timestamp":1529165986,"campfire_choices":[{"data":"Zap","floor":7,"key":"SMITH"},{"data":"Dualcast","floor":11,"key":"SMITH"},{"floor":15,"key":"REST"},{"data":"White Noise","floor":23,"key":"SMITH"},{"floor":25,"key":"REST"},{"floor":30,"key":"REST"},{"floor":32,"key":"REST"}],"path_taken":["M","M","M","?","M","E","R","?","T","?","R","E","M","M","R","BOSS","M","$","M","M","$","R","?","R","T","E","M","M","R","?","R","BOSS","M","$","M","?","M"],"build_version":"2018-06-14v2","seed_source_timestamp":9581316871204,"purchased_purges":2,"victory":false,"master_deck":["Strike_B","Defend_B","Defend_B","Zap+1","Dualcast+1","Loop","Rip and Tear","Beam Cell","Leap","Steam","Sweeping Beam","Reinforced Body","Electrodynamics","Ball Lightning","Compile Driver","Leap","Conserve Battery","Cold Snap","Machine Learning","Glacier","White Noise+1","Self Repair+1","Hello World+1","Go for the Eyes","Echo Form","Capacitor","Static Discharge","White Noise+1","Go for the Eyes+1","Biased Cognition","Cold Snap+1","Defragment+1"],"max_hp_per_floor":[75,75,75,75,75,75,75,75,75,75,75,75,75,75,75,75,75,75,75,75,75,75,75,75,75,75,75,75,75,75,75,75,75,75,75,75,75,75,75],"relics":["Cracked Core","Omamori","Dream Catcher","Pen Nib","Inserter","Symbiotic Virus","Regal Pillow","Cursed Key","Ice Cream","Darkstone Periapt"],"card_choices":[{"not_picked":["Recycle","Compile Driver"],"picked":"Beam Cell","floor":1},{"not_picked":["Go for the Eyes","Turbo"],"picked":"Leap","floor":2},{"not_picked":["Stack","Darkness"],"picked":"Steam","floor":3},{"not_picked":["Leap","Turbo"],"picked":"Sweeping Beam","floor":4},{"not_picked":["Melter","Undo"],"picked":"Reinforced Body","floor":5},{"not_picked":["Go for the Eyes","Rebound"],"picked":"Electrodynamics","floor":6},{"not_picked":["Stack","Compile Driver"],"picked":"Ball Lightning","floor":10},{"not_picked":["Recycle","Darkness"],"picked":"Compile Driver","floor":12},{"not_picked":["Gash","Redo"],"picked":"Leap","floor":13},{"not_picked":["Barrage","Recycle"],"picked":"Conserve Battery","floor":14},{"not_picked":["Reboot","Conserve Battery"],"picked":"Cold Snap","floor":15},{"not_picked":["Meteor Strike","Rainbow"],"picked":"Machine Learning","floor":16},{"not_picked":["Tempest","Leap"],"picked":"Glacier","floor":18},{"not_picked":["Rebound","Sweeping Beam+1"],"picked":"Self Repair+1","floor":20},{"not_picked":["Glacier+1","Darkness+1"],"picked":"Hello World+1","floor":21},{"not_picked":["Beam Cell","Conserve Battery"],"picked":"Echo Form","floor":27},{"not_picked":["Blizzard","Streamline","Storm"],"picked":"SKIP","floor":28},{"not_picked":["Redo","Streamline"],"picked":"Capacitor","floor":29},{"not_picked":["Doom and Gloom","Melter"],"picked":"Static Discharge","floor":30},{"not_picked":["Undo","Coolheaded+1"],"picked":"Go for the Eyes+1","floor":32},{"not_picked":["Machine Learning","Reboot"],"picked":"Biased Cognition","floor":33},{"not_picked":["Steam","Rebound"],"picked":"Cold Snap+1","floor":35},{"not_picked":["Consume","Coolheaded"],"picked":"Defragment+1","floor":37}],"player_experience":538509,"potions_floor_usage":[6,6,16,27,35,39],"damage_taken":[{"damage":0,"enemies":"Cultist","floor":1,"turns":3},{"damage":0,"enemies":"2 Louse","floor":2,"turns":2},{"damage":12,"enemies":"Jaw Worm","floor":3,"turns":2},{"damage":13,"enemies":"Exordium Thugs","floor":4,"turns":4},{"damage":10,"enemies":"Gremlin Gang","floor":5,"turns":3},{"damage":0,"enemies":"3 Sentries","floor":6,"turns":6},{"damage":6,"enemies":"Looter","floor":10,"turns":3},{"damage":15,"enemies":"Lagavulin","floor":12,"turns":7},{"damage":0,"enemies":"Large Slime","floor":13,"turns":3},{"damage":0,"enemies":"2 Fungi Beasts","floor":14,"turns":2},{"damage":0,"enemies":"The Guardian","floor":16,"turns":11},{"damage":8,"enemies":"Shell Parasite","floor":18,"turns":5},{"damage":15,"enemies":"2 Thieves","floor":20,"turns":4},{"damage":21,"enemies":"Chosen and Byrds","floor":21,"turns":6},{"damage":30,"enemies":"Book of Stabbing","floor":27,"turns":7},{"damage":23,"enemies":"Centurion and Healer","floor":28,"turns":6},{"damage":9,"enemies":"Snake Plant","floor":29,"turns":4},{"damage":0,"enemies":"Champ","floor":33,"turns":12},{"damage":18,"enemies":"3 Shapes","floor":35,"turns":4},{"damage":53,"enemies":"3 Darklings","floor":37,"turns":4},{"damage":16,"enemies":"Sphere and 2 Shapes","floor":39,"turns":3}],"relics_obtained":[{"floor":6,"key":"Omamori"},{"floor":9,"key":"Dream Catcher"},{"floor":12,"key":"Pen Nib"},{"floor":26,"key":"Symbiotic Virus"},{"floor":27,"key":"Regal Pillow"}],"event_choices":[{"event_name":"Golden Wing","player_choice":"Card Removal","floor":8,"damage_taken":0},{"event_name":"Addict","player_choice":"Ignored","floor":24,"damage_taken":0},{"event_name":"Duplicator","player_choice":"One dupe","floor":31,"damage_taken":0},{"event_name":"Accursed Blacksmith","player_choice":"Rummage","floor":38,"damage_taken":0}],"boss_relics":[{"not_picked":["White Beast Statue","Lizard Tail"],"picked":"Inserter"},{"not_picked":["Orrery","Fusion Hammer"],"picked":"Cursed Key"}],"items_purged_floors":[19,22],"is_endless":false,"potions_floor_spawned":[1,3,14,16,21,28,35],"seed_played":"-8988325993221177866","killed_by":"Sphere and 2 Shapes","ascension_level":7,"potions_obtained":[{"floor":1,"key":"Poison Potion"},{"floor":3,"key":"Dexterity Potion"},{"floor":14,"key":"Dexterity Potion"},{"floor":16,"key":"FearPotion"},{"floor":21,"key":"Poison Potion"},{"floor":28,"key":"Fire Potion"},{"floor":35,"key":"EssenceOfSteel"}],"is_trial":false}