{"gold_per_floor":[17,17,28,40,54,54,64,89,89,102,102,125,125,141,141,141],"floor_reached":16,"playtime":830,"items_purged":[],"score":106,"play_id":"20ee99b9-c425-4788-bf19-2ea9a3704bff","local_time":"25610715145811","is_ascension_mode":false,"campfire_choices":[{"data":"Bash","floor":6,"key":"SMITH"},{"data":"Infernal Blade","floor":13,"key":"SMITH"},{"data":"Shrug It Off","floor":15,"key":"SMITH"}],"neow_cost":"NO_GOLD","seed_source_timestamp":10252946662129,"circlet_count":0,"master_deck":["Strike_R","Strike_R","Strike_R","Strike_R","Defend_R","Defend_R","Defend_R","Bash+1","Thunderclap","Combust","Perfected Strike","Whirlwind","Headbutt","Heavy Blade","Power Through","Infernal Blade+1","Shrug It Off+1","Limit Break","Injury","Spot Weakness","Sword Boomerang","Carnage","Flex"],"relics":["Burning Blood","Regal Pillow","Prayer Wheel","Golden Idol"],"potions_floor_usage":[7,7,10,16,16],"damage_taken":[{"damage":4,"enemies":"2 Louse","floor":1,"turns":3},{"damage":0,"enemies":"Cultist","floor":3,"turns":2},{"damage":12,"enemies":"Small Slimes","floor":4,"turns":3},{"damage":20,"enemies":"Looter","floor":5,"turns":3},{"damage":12,"enemies":"Exordium Thugs","floor":7,"turns":3},{"damage":20,"enemies":"3 Sentries","floor":8,"turns":5},{"damage":3,"enemies":"Gremlin Gang","floor":10,"turns":5},{"damage":12,"enemies":"Exordium Wildlife","floor":12,"turns":4},{"damage":4,"enemies":"Large Slime","floor":14,"turns":4},{"damage":39,"enemies":"The Guardian","floor":16,"turns":7}],"seed_played":"432086780174404773","potions_obtained":[{"floor":3,"key":"SteroidPotion"},{"floor":5,"key":"Fire Potion"},{"floor":8,"key":"Fire Potion"},{"floor":10,"key":"Swift Potion"},{"floor":12,"key":"SkillPotion"}],"is_trial":false,"path_per_floor":["M","?","M","M","M","R","M","E","T","M","?","M","R","M","R"],"character_chosen":"IRONCLAD","items_purchased":[],"campfire_rested":0,"item_purchase_floors":[],"current_hp_per_floor":[80,80,80,74,60,60,54,40,40,43,43,37,37,39,39,0],"gold":141,"neow_bonus":"TRANSFORM_TWO_CARDS","is_prod":false,"is_daily":false,"chose_seed":false,"campfire_upgraded":3,"win_rate":0,"timestamp":1531641491,"path_taken":["M","?","?","M","M","R","M","E","T","M","?","M","R","?","R","BOSS"],"build_version":"2018-07-12","purchased_purges":0,"victory":false,"max_hp_per_floor":[80,80,80,80,80,80,80,80,80,80,80,80,80,80,80,80],"card_choices":[{"not_picked":["Warcry","Feel No Pain"],"picked":"Perfected Strike","floor":1},{"not_picked":["Body Slam","Thunderclap"],"picked":"Whirlwind","floor":3},{"not_picked":["Body Slam","Clothesline"],"picked":"Headbutt","floor":4},{"not_picked":["Thunderclap","Clash"],"picked":"Heavy Blade","floor":5},{"not_picked":["Thunderclap","Metallicize"],"picked":"Power Through","floor":7},{"not_picked":["Combust","Bloodletting"],"picked":"Infernal Blade","floor":8},{"not_picked":["Bloodletting","Warcry"],"picked":"Shrug It Off","floor":10},{"not_picked":["Seeing Red","Heavy Blade"],"picked":"Limit Break","floor":10},{"not_picked":["Twin Strike","Cleave"],"picked":"Spot Weakness","floor":12},{"not_picked":["Iron Wave","Clash"],"picked":"Sword Boomerang","floor":12},{"not_picked":["Clothesline","Sever Soul"],"picked":"Carnage","floor":14},{"not_picked":["Havoc","Heavy Blade"],"picked":"Flex","floor":14}],"player_experience":20207,"relics_obtained":[{"floor":8,"key":"Regal Pillow"},{"floor":9,"key":"Prayer Wheel"}],"event_choices":[{"event_name":"Wheel of Change","player_choice":"Full Heal","floor":2,"damage_taken":0},{"event_name":"Golden Idol","player_choice":"Take Wound","floor":11,"damage_taken":0}],"boss_relics":[],"items_purged_floors":[],"is_endless":false,"potions_floor_spawned":[3,5,8,10,12],"killed_by":"The Guardian","ascension_level":0}