{"gold_per_floor":[212,222,233,246,264,264,264,296,296,296,324,209,265,279,279,354,354,371,371,99,117,117],"floor_reached":22,"playtime":950,"items_purged":["Strike_R","Strike_R"],"score":343,"play_id":"92405150-8a0d-47a2-bedf-4b7e30d65821","local_time":"20190409102740","is_ascension_mode":true,"campfire_choices":[{"data":"Bash","floor":6.0,"key":"SMITH"},{"data":"Clothesline","floor":10.0,"key":"SMITH"},{"data":"Metallicize","floor":15.0,"key":"SMITH"}],"neow_cost":"NONE","seed_source_timestamp":10725258344256,"circlet_count":0,"master_deck":["AscendersBane","Strike_R","Strike_R","Strike_R","Defend_R","Defend_R","Defend_R","Defend_R","Bash+1","Iron Wave","Clothesline+1","Shrug It Off","Iron Wave","Twin Strike","Heavy Blade","Metallicize+1","Impervious","Reaper","Shrug It Off","Disarm"],"special_seed":0,"relics":["Burning Blood","Nunchaku","Dodecahedron","Question Card","Bottled Lightning","Snecko Eye","Enchiridion","Potion Belt"],"potions_floor_usage":[],"damage_taken":[{"damage":7.0,"enemies":"2 Louse","floor":1.0,"turns":3.0},{"damage":13.0,"enemies":"Jaw Worm","floor":2.0,"turns":5.0},{"damage":10.0,"enemies":"Small Slimes","floor":3.0,"turns":4.0},{"damage":1.0,"enemies":"2 Fungi Beasts","floor":4.0,"turns":5.0},{"damage":4.0,"enemies":"Blue Slaver","floor":5.0,"turns":4.0},{"damage":17.0,"enemies":"Gremlin Nob","floor":8.0,"turns":5.0},{"damage":24.0,"enemies":"3 Sentries","floor":11.0,"turns":11.0},{"damage":5.0,"enemies":"Gremlin Nob","floor":13.0,"turns":4.0},{"damage":7.0,"enemies":"Exordium Wildlife","floor":14.0,"turns":5.0},{"damage":19.0,"enemies":"The Guardian","floor":16.0,"turns":15.0},{"damage":0.0,"enemies":"Chosen","floor":18.0,"turns":3.0},{"damage":0.0,"enemies":"Spheric Guardian","floor":21.0,"turns":3.0},{"damage":72,"enemies":"Masked Bandits","floor":22,"turns":5}],"seed_played":"5837375263794244453","potions_obtained":[{"floor":3.0,"key":"SpeedPotion"},{"floor":8.0,"key":"LiquidBronze"},{"floor":11.0,"key":"Poison Potion"},{"floor":14.0,"key":"LiquidBronze"}],"is_trial":false,"path_per_floor":["M","M","M","M","M","R","?","E","T","R","E","$","?","M","R","B",null,"M","?","$","M","?"],"character_chosen":"IRONCLAD","items_purchased":["Metallicize","Shrug It Off","Potion Belt"],"campfire_rested":0,"item_purchase_floors":[12,20,20],"current_hp_per_floor":[67,60,56,61,63,63,63,52,52,52,34,34,35,34,34,21,62,74,53,53,59,0],"gold":117,"neow_bonus":"HUNDRED_GOLD","is_prod":false,"is_daily":false,"chose_seed":false,"campfire_upgraded":3,"win_rate":0,"timestamp":1554830860,"path_taken":["M","M","M","M","M","R","?","E","T","R","E","$","?","M","R","BOSS","M","?","$","M","?"],"build_version":"2019-01-23","purchased_purges":2,"victory":false,"max_hp_per_floor":[75,75,75,75,75,75,75,75,75,75,75,75,75,75,75,75,75,75,75,75,75,75],"card_choices":[{"not_picked":["Evolve","Headbutt"],"picked":"Iron Wave","floor":1.0},{"not_picked":["Power Through","Wild Strike"],"picked":"Clothesline","floor":2.0},{"not_picked":["Fiend Fire","True Grit"],"picked":"Shrug It Off","floor":3.0},{"not_picked":["True Grit","Shockwave"],"picked":"Iron Wave","floor":4.0},{"not_picked":["Clothesline","Disarm"],"picked":"Twin Strike","floor":5.0},{"not_picked":["Clash","Clothesline","Evolve"],"picked":"SKIP","floor":8.0},{"not_picked":["Clothesline","Warcry"],"picked":"Heavy Blade","floor":11.0},{"not_picked":["Havoc","Thunderclap","Infernal Blade"],"picked":"Impervious","floor":13.0},{"not_picked":["Flex","Thunderclap","Shockwave","Searing Blow"],"picked":"SKIP","floor":14.0},{"not_picked":["Demon Form","Exhume","Fiend Fire"],"picked":"Reaper","floor":16.0},{"not_picked":["Anger","Wild Strike","Bloodletting+1","Iron Wave"],"picked":"SKIP","floor":18.0},{"not_picked":["Pommel Strike","Armaments","Perfected Strike"],"picked":"Disarm","floor":21.0}],"player_experience":2434918,"relics_obtained":[{"floor":8.0,"key":"Nunchaku"},{"floor":9.0,"key":"Dodecahedron"},{"floor":11.0,"key":"Question Card"},{"floor":13.0,"key":"Bottled Lightning"},{"floor":19.0,"key":"Enchiridion"}],"event_choices":[{"damage_healed":0.0,"max_hp_gain":0.0,"max_hp_loss":0.0,"gold_gain":0.0,"event_name":"The Cleric","player_choice":"Leave","floor":7.0,"gold_loss":0.0,"damage_taken":0.0},{"damage_healed":0.0,"max_hp_gain":0.0,"max_hp_loss":0.0,"gold_gain":0.0,"event_name":"Dead Adventurer","player_choice":"Searched \u00271\u0027 times","floor":13.0,"gold_loss":0.0,"damage_taken":0.0},{"damage_healed":0.0,"max_hp_gain":0.0,"max_hp_loss":0.0,"gold_gain":0.0,"event_name":"Cursed Tome","player_choice":"Obtained Book","floor":19.0,"gold_loss":0.0,"damage_taken":21.0},{"damage_healed":0,"gold_gain":0,"player_choice":"Fought Bandits","damage_taken":0,"max_hp_gain":0,"max_hp_loss":0,"event_name":"Masked Bandits","floor":22,"gold_loss":0}],"is_beta":false,"boss_relics":[{"not_picked":["Velvet Choker","Cursed Key"],"picked":"Snecko Eye"}],"items_purged_floors":[12,20],"is_endless":false,"potions_floor_spawned":[3,8,11,14],"killed_by":"Masked Bandits","ascension_level":15}