{"gold_per_floor":[118,138,138,154,27,62,62,91,91,104,104,114,144,144,144,235,298,282,282,295,306,326,326],"floor_reached":23,"playtime":999,"items_purged":["Regret"],"score":476,"play_id":"429608ee-d949-47b2-a75a-1cbd6ee3fff4","local_time":"20190415142424","is_ascension_mode":true,"campfire_choices":[{"data":"Carnage","floor":7.0,"key":"SMITH"},{"data":"Barricade","floor":11.0,"key":"SMITH"},{"data":"Second Wind","floor":15.0,"key":"SMITH"}],"neow_cost":"TEN_PERCENT_HP_LOSS","seed_source_timestamp":4132111789400,"circlet_count":0,"master_deck":["AscendersBane","Strike_R","Strike_R","Strike_R","Strike_R","Strike_R","Defend_R","Defend_R","Defend_R","Defend_R+1","Bash","Barricade+1","Carnage+1","Second Wind+1","Headbutt","Impervious","Shrug It Off","True Grit+1"],"special_seed":0,"relics":["Burning Blood","The Courier","Letter Opener","Red Skull","Sundial","Oddly Smooth Stone","Bloody Idol","Tiny House"],"potions_floor_usage":[23],"damage_taken":[{"damage":4.0,"enemies":"2 Louse","floor":1.0,"turns":4.0},{"damage":13.0,"enemies":"Jaw Worm","floor":2.0,"turns":6.0},{"damage":3.0,"enemies":"Cultist","floor":4.0,"turns":3.0},{"damage":32.0,"enemies":"Gremlin Nob","floor":6.0,"turns":4.0},{"damage":30.0,"enemies":"3 Sentries","floor":8.0,"turns":10.0},{"damage":1.0,"enemies":"Large Slime","floor":10.0,"turns":4.0},{"damage":8.0,"enemies":"Blue Slaver","floor":12.0,"turns":3.0},{"damage":0.0,"enemies":"Lagavulin","floor":13.0,"turns":2.0},{"damage":22.0,"enemies":"Slime Boss","floor":16.0,"turns":11.0},{"damage":11.0,"enemies":"2 Thieves","floor":18.0,"turns":4.0},{"damage":5.0,"enemies":"Spheric Guardian","floor":20.0,"turns":12.0},{"damage":0.0,"enemies":"Snecko","floor":21.0,"turns":7.0},{"damage":31.0,"enemies":"Shelled Parasite and Fungi","floor":22.0,"turns":8.0},{"damage":47,"enemies":"Slavers","floor":23,"turns":3}],"seed_played":"-3569273424797675426","potions_obtained":[{"floor":1.0,"key":"GamblersBrew"},{"floor":6.0,"key":"FearPotion"},{"floor":12.0,"key":"Swift Potion"},{"floor":17.0,"key":"Energy Potion"},{"floor":18.0,"key":"Poison Potion"},{"floor":22.0,"key":"Poison Potion"}],"is_trial":false,"path_per_floor":["M","M","?","M","$","E","R","E","T","M","R","M","E","?","R","B",null,"M","?","M","M","M","E"],"character_chosen":"IRONCLAD","items_purchased":["Second Wind"],"campfire_rested":0,"item_purchase_floors":[5],"current_hp_per_floor":[68,61,61,64,64,38,38,14,14,19,19,17,23,23,23,7,53,48,48,54,65,45,0],"gold":326,"neow_bonus":"THREE_RARE_CARDS","is_prod":false,"is_daily":false,"chose_seed":false,"campfire_upgraded":3,"win_rate":0,"timestamp":1555309464,"path_taken":["M","M","?","M","$","E","R","E","T","M","R","M","E","?","R","BOSS","M","?","M","M","M","E"],"build_version":"2019-01-23","purchased_purges":1,"victory":false,"max_hp_per_floor":[68,68,68,68,68,68,68,68,68,68,68,68,68,62,62,62,67,67,67,67,67,67,67],"card_choices":[{"not_picked":["Berserk","Impervious"],"picked":"Barricade","floor":0.0},{"not_picked":["Rage","Warcry","Clothesline"],"picked":"SKIP","floor":1.0},{"not_picked":["Perfected Strike","Wild Strike"],"picked":"Carnage","floor":2.0},{"not_picked":["Sentinel","Twin Strike","Whirlwind"],"picked":"SKIP","floor":4.0},{"not_picked":["Sentinel","Twin Strike","Whirlwind"],"picked":"SKIP","floor":4.0},{"not_picked":["Twin Strike","Pummel","True Grit"],"picked":"SKIP","floor":6.0},{"not_picked":["Blood for Blood","Berserk","Bludgeon"],"picked":"SKIP","floor":8.0},{"not_picked":["Dual Wield","Intimidate","Sever Soul"],"picked":"SKIP","floor":10.0},{"not_picked":["Dual Wield","Intimidate","Sever Soul"],"picked":"SKIP","floor":10.0},{"not_picked":["Havoc","Clothesline"],"picked":"Headbutt","floor":12.0},{"not_picked":["Warcry","Clothesline"],"picked":"Impervious","floor":13.0},{"not_picked":["Havoc","Battle Trance"],"picked":"Shrug It Off","floor":17.0},{"not_picked":["Wild Strike","Uppercut"],"picked":"True Grit+1","floor":18.0},{"not_picked":["Anger+1","Perfected Strike","Clash"],"picked":"SKIP","floor":20.0},{"not_picked":["Seeing Red","Blood for Blood","Ghostly Armor"],"picked":"SKIP","floor":21.0},{"not_picked":["Heavy Blade","Limit Break","Clothesline"],"picked":"SKIP","floor":22.0}],"player_experience":2975201,"relics_obtained":[{"floor":6.0,"key":"Letter Opener"},{"floor":8.0,"key":"Red Skull"},{"floor":9.0,"key":"Sundial"},{"floor":13.0,"key":"Oddly Smooth Stone"}],"event_choices":[{"damage_healed":0.0,"max_hp_gain":0.0,"max_hp_loss":0.0,"gold_gain":0.0,"event_name":"Big Fish","player_choice":"Box","floor":3.0,"gold_loss":0.0,"damage_taken":0.0,"relics_obtained":["The Courier"],"cards_obtained":["Regret"]},{"damage_healed":0.0,"max_hp_gain":0.0,"max_hp_loss":6.0,"gold_gain":0.0,"event_name":"Golden Idol","player_choice":"Lose Max HP","floor":14.0,"gold_loss":0.0,"damage_taken":0.0,"relics_obtained":["Golden Idol"]},{"damage_healed":0.0,"max_hp_gain":0.0,"max_hp_loss":0.0,"gold_gain":0.0,"event_name":"Forgotten Altar","player_choice":"Gave Idol","floor":19.0,"relics_lost":["Golden Idol"],"gold_loss":0.0,"damage_taken":0.0,"relics_obtained":["Bloody Idol"]}],"is_beta":false,"boss_relics":[{"not_picked":["Snecko Eye","Orrery"],"picked":"Tiny House"}],"items_purged_floors":[5],"is_endless":false,"potions_floor_spawned":[1,6,12,18,22],"killed_by":"Slavers","ascension_level":20}