{"gold_per_floor":[12,24,40,215,215,279,279,54,107,182,193,240,258,272,272,272],"floor_reached":16,"playtime":339,"items_purged":["Strike_B"],"score":102,"play_id":"a45aef24-9f55-4787-a2f5-45c14bfac6dc","local_time":"25610723025703","is_ascension_mode":false,"campfire_choices":[{"data":"Streamline","floor":7,"key":"SMITH"},{"data":"Genetic Algorithm","floor":15,"key":"SMITH"}],"neow_cost":"NO_GOLD","seed_source_timestamp":61918647499686,"circlet_count":0,"master_deck":["Strike_B","Strike_B","Strike_B","Defend_B","Defend_B","Defend_B","Defend_B","Zap","Dualcast","Streamline+1","Genetic Algorithm+1","Conserve Battery","Ball Lightning","Turbo","Coolheaded"],"relics":["Cracked Core","Tiny Chest","Bag of Preparation","Boot","Meat on the Bone","Anchor"],"potions_floor_usage":[6,6],"damage_taken":[{"damage":0,"enemies":"Cultist","floor":1,"turns":2},{"damage":3,"enemies":"Small Slimes","floor":2,"turns":2},{"damage":0,"enemies":"2 Louse","floor":3,"turns":2},{"damage":27,"enemies":"Gremlin Nob","floor":6,"turns":4},{"damage":2,"enemies":"Blue Slaver","floor":11,"turns":3},{"damage":0,"enemies":"Looter","floor":13,"turns":3},{"damage":0,"enemies":"2 Fungi Beasts","floor":14,"turns":3},{"damage":62,"enemies":"Slime Boss","floor":16,"turns":9}],"seed_played":"-6564241801699991673","potions_obtained":[{"floor":1,"key":"PowerPotion"},{"floor":2,"key":"Strength Potion"},{"floor":3,"key":"Dexterity Potion"},{"floor":13,"key":"Poison Potion"}],"is_trial":false,"path_per_floor":["M","M","M","?","?","E","R","$","T","T","M","T","M","M","R"],"character_chosen":"DEFECT","items_purchased":["Bag of Preparation"],"campfire_rested":0,"item_purchase_floors":[8],"current_hp_per_floor":[89,86,86,86,86,59,59,59,59,59,57,57,57,57,57,0],"gold":272,"neow_bonus":"TWENTY_PERCENT_HP_BONUS","is_prod":false,"is_daily":false,"chose_seed":false,"campfire_upgraded":2,"win_rate":0,"timestamp":1532289423,"path_taken":["M","?","M","?","?","E","R","$","T","?","M","?","M","M","R","BOSS"],"build_version":"2018-07-19v2","purchased_purges":1,"victory":false,"max_hp_per_floor":[89,89,89,89,89,89,89,89,89,89,89,89,89,89,89,89],"card_choices":[{"not_picked":["Tempest","Beam Cell"],"picked":"Streamline","floor":1},{"not_picked":["Tempest","Leap"],"picked":"Genetic Algorithm","floor":2},{"not_picked":["Thunder Strike","Auto Shields"],"picked":"Conserve Battery","floor":3},{"not_picked":["Sweeping Beam","Steam Power"],"picked":"Ball Lightning","floor":6},{"not_picked":["Aggregate","Consume"],"picked":"Turbo","floor":11},{"not_picked":["Chaos","BootSequence"],"picked":"Coolheaded","floor":13},{"not_picked":["Compile Driver","Barrage","Darkness"],"picked":"SKIP","floor":14}],"player_experience":125029,"relics_obtained":[{"floor":6,"key":"Tiny Chest"},{"floor":9,"key":"Boot"},{"floor":10,"key":"Meat on the Bone"},{"floor":12,"key":"Anchor"}],"event_choices":[{"event_name":"Liars Game","player_choice":"agreed","floor":4,"damage_taken":0},{"event_name":"Living Wall","player_choice":"Forget","floor":5,"damage_taken":0}],"is_beta":false,"boss_relics":[],"items_purged_floors":[8],"is_endless":false,"potions_floor_spawned":[1,2,3,13],"killed_by":"Slime Boss","ascension_level":0}