{"gold_per_floor":[115,28,44,44,61,61,89,105,105,105,105,105,137,137],"floor_reached":14,"playtime":418,"items_purged":[],"score":186,"play_id":"8be88f8e-26b5-454c-b71d-a619974b70bd","local_time":"20190427101314","is_ascension_mode":true,"campfire_choices":[{"data":"Fiend Fire","floor":6,"key":"SMITH"},{"floor":10,"key":"REST"},{"floor":12,"key":"REST"}],"neow_cost":"PERCENT_DAMAGE","seed_source_timestamp":71684105684000,"circlet_count":0,"master_deck":["AscendersBane","Strike_R","Strike_R","Strike_R","Strike_R","Strike_R","Defend_R","Defend_R","Defend_R","Defend_R","Bash","Fiend Fire+1","Disarm","Inflame","True Grit","Flame Barrier","Heavy Blade","Disarm"],"relics":["Burning Blood","Du-Vu Doll","Molten Egg 2","Paper Frog"],"potions_floor_usage":[3,13,14],"damage_taken":[{"damage":6,"enemies":"Cultist","floor":1,"turns":3},{"damage":5,"enemies":"Jaw Worm","floor":3,"turns":4},{"damage":8,"enemies":"Small Slimes","floor":5,"turns":2},{"damage":31,"enemies":"Lagavulin","floor":7,"turns":6},{"damage":20,"enemies":"3 Louse","floor":8,"turns":4},{"damage":23,"enemies":"3 Sentries","floor":13,"turns":10},{"damage":42,"enemies":"Gremlin Gang","floor":14,"turns":3}],"seed_played":"-2322178559142301665","potions_obtained":[{"floor":1,"key":"Block Potion"},{"floor":8,"key":"Block Potion"},{"floor":13,"key":"FearPotion"}],"is_trial":false,"path_per_floor":["M","$","M","$","M","R","E","M","T","R","?","R","E","M"],"character_chosen":"IRONCLAD","items_purchased":["Inflame"],"campfire_rested":2,"item_purchase_floors":[2],"current_hp_per_floor":[50,50,51,51,49,49,24,10,10,32,32,54,37,0],"gold":137,"neow_bonus":"THREE_RARE_CARDS","is_prod":false,"is_daily":false,"chose_seed":false,"campfire_upgraded":1,"win_rate":0,"timestamp":1556349194,"path_taken":["M","?","M","$","?","R","E","M","T","R","?","R","E","M"],"build_version":"2019-01-23","purchased_purges":0,"victory":false,"max_hp_per_floor":[75,75,75,75,75,75,75,75,75,75,75,75,75,75],"card_choices":[{"not_picked":["Bludgeon","Limit Break"],"picked":"Fiend Fire","floor":0},{"not_picked":["Pommel Strike","Power Through"],"picked":"Disarm","floor":1},{"not_picked":["Anger","Feel No Pain"],"picked":"True Grit","floor":3},{"not_picked":["Headbutt","Battle Trance"],"picked":"Flame Barrier","floor":5},{"not_picked":["Headbutt","Bludgeon"],"picked":"Heavy Blade","floor":7},{"not_picked":["Armaments","Rage","Power Through"],"picked":"SKIP","floor":8},{"not_picked":["Armaments","Inflame"],"picked":"Disarm","floor":13}],"player_experience":338860,"relics_obtained":[{"floor":7,"key":"Du-Vu Doll"},{"floor":9,"key":"Molten Egg 2"},{"floor":13,"key":"Paper Frog"}],"event_choices":[{"damage_healed":0,"gold_gain":0,"player_choice":"Ignored","damage_taken":0,"max_hp_gain":0,"max_hp_loss":0,"event_name":"Liars Game","floor":11,"gold_loss":0}],"is_beta":false,"boss_relics":[],"items_purged_floors":[],"is_endless":false,"potions_floor_spawned":[1,8,13],"killed_by":"Gremlin Gang","ascension_level":18}