{"gold_per_floor":[117,129,129,146,146,146,156,156,182,182,215,215,248,323,323,399,399,419,344,358,458,468,468,468,110,135,135,135,135,135,146,146,220,220,237,287,302,375,387,387,387,387,456,472,485,360,372,34,34,34],"floor_reached":51,"playtime":2164,"items_purged":["Strike_B","Strike_B","Defend_B"],"score":1280,"play_id":"84b3ccf1-ad17-41f5-9642-231e5d716042","local_time":"20180830101342","is_ascension_mode":true,"campfire_choices":[{"data":"Zap","floor":6.0,"key":"SMITH"},{"data":"Dualcast","floor":8.0,"key":"SMITH"},{"floor":10.0,"key":"REST"},{"data":"Conserve Battery","floor":12.0,"key":"SMITH"},{"data":"Buffer","floor":15.0,"key":"SMITH"},{"data":"Hologram","floor":23,"key":"SMITH"},{"data":"Capacitor","floor":27,"key":"SMITH"},{"data":"Ball Lightning","floor":30,"key":"SMITH"},{"data":"Glacier","floor":32,"key":"SMITH"},{"data":"Echo Form","floor":40,"key":"SMITH"},{"data":"Leap","floor":42,"key":"SMITH"},{"data":"Biased Cognition","floor":49,"key":"SMITH"}],"neow_cost":"NONE","seed_source_timestamp":7410816417873,"circlet_count":0,"master_deck":["Strike_B+1","Defend_B","Zap+1","Dualcast+1","AscendersBane","Conserve Battery+1","Cold Snap+1","Self Repair","Ball Lightning","Ball Lightning+1","Steam","Buffer+1","Echo Form+1","Glacier+1","Leap+1","Hologram+1","Capacitor+1","Biased Cognition+1","Compile Driver+1","Ball Lightning+1","Thunder Strike+1","Leap+1","Compile Driver+1"],"special_seed":0,"relics":["Cracked Core","Art of War","Boot","Blood Vial","Coffee Dripper","Ice Cream","Molten Egg 2","Orichalcum","Pear","Busted Crown","Pantograph","Darkstone Periapt","Torii"],"potions_floor_usage":[21,21,33,44,50],"damage_taken":[{"damage":2.0,"enemies":"2 Louse","floor":1.0,"turns":3.0},{"damage":1.0,"enemies":"Small Slimes","floor":2.0,"turns":4.0},{"damage":1.0,"enemies":"Cultist","floor":4.0,"turns":3.0},{"damage":9.0,"enemies":"Looter","floor":7.0,"turns":2.0},{"damage":17.0,"enemies":"Gremlin Nob","floor":11.0,"turns":4.0},{"damage":18.0,"enemies":"3 Sentries","floor":13.0,"turns":8.0},{"damage":0.0,"enemies":"Slime Boss","floor":16.0,"turns":8.0},{"damage":0.0,"enemies":"Spheric Guardian","floor":18.0,"turns":3.0},{"damage":4,"enemies":"Chosen","floor":20,"turns":5},{"damage":8,"enemies":"Colosseum Slavers","floor":21,"turns":6},{"damage":32,"enemies":"Colosseum Nobs","floor":21,"turns":6},{"damage":0,"enemies":"Snecko","floor":22,"turns":7},{"damage":0,"enemies":"Centurion and Healer","floor":31,"turns":8},{"damage":0,"enemies":"Collector","floor":33,"turns":10},{"damage":18,"enemies":"3 Darklings","floor":35,"turns":5},{"damage":11,"enemies":"Flame Bruiser 1 Orb","floor":37,"turns":5},{"damage":3,"enemies":"Spire Growth","floor":39,"turns":6},{"damage":31,"enemies":"Flame Bruiser 2 Orb","floor":44,"turns":6},{"damage":24,"enemies":"Transient","floor":45,"turns":5},{"damage":0,"enemies":"Maw","floor":47,"turns":7},{"damage":20,"enemies":"Time Eater","floor":50,"turns":13}],"seed_played":"-2360712183378725598","potions_obtained":[{"floor":11.0,"key":"SkillPotion"},{"floor":13.0,"key":"Strength Potion"},{"floor":16.0,"key":"Block Potion"},{"floor":21,"key":"Swift Potion"},{"floor":35,"key":"Swift Potion"},{"floor":45,"key":"Explosive Potion"}],"is_trial":false,"path_per_floor":["M","M","?","M","?","R","M","R","T","R","E","R","E","?","R","B",null,"M","$","M","?","M","R","?","$","T","R","$","T","R","M","R","B",null,"M","?","M","T","M","R","?","R","T","M","M","$","M","$","R","B"],"character_chosen":"DEFECT","items_purchased":["FocusPotion","Biased Cognition","Compile Driver+1","SkillPotion","Torii"],"campfire_rested":1,"item_purchase_floors":[25,25,25,48,48],"current_hp_per_floor":[62,61,54,60,39,39,37,37,37,58,48,48,37,26,26,35,62,71,71,67,46,62,62,62,62,62,62,62,72,72,81,81,81,81,70,70,75,75,81,81,81,81,81,64,56,56,72,72,72,68],"gold":34,"neow_bonus":"TRANSFORM_CARD","is_prod":false,"is_daily":false,"chose_seed":false,"campfire_upgraded":11,"win_rate":0,"timestamp":1535649222,"path_taken":["M","M","?","M","?","R","?","R","T","R","E","R","E","?","R","BOSS","M","$","?","?","?","R","?","$","T","R","$","?","R","M","R","BOSS","M","?","M","?","?","R","?","R","T","M","M","?","M","$","R","BOSS"],"build_version":"2018-08-23v2","purchased_purges":3,"victory":true,"max_hp_per_floor":[71,71,71,71,71,71,71,71,71,71,71,71,71,71,71,71,71,71,71,71,71,71,71,71,71,71,71,71,81,81,81,81,81,81,81,81,81,81,81,81,81,81,81,81,81,81,81,81,81,81],"card_choices":[{"not_picked":["Barrage","Gash"],"picked":"Cold Snap","floor":1.0},{"not_picked":["Loop","Steam"],"picked":"Self Repair","floor":2.0},{"not_picked":["Conserve Battery","Turbo"],"picked":"Ball Lightning","floor":4.0},{"not_picked":["Conserve Battery","Storm"],"picked":"Ball Lightning","floor":7.0},{"not_picked":["Skim","Fusion"],"picked":"Steam","floor":11.0},{"not_picked":["Conserve Battery","Ball Lightning"],"picked":"Buffer","floor":13.0},{"not_picked":["Amplify","Buffer"],"picked":"Echo Form","floor":16.0},{"not_picked":["Turbo","Rebound"],"picked":"Glacier","floor":18.0},{"not_picked":["Compile Driver+1","Turbo"],"picked":"Leap","floor":20},{"not_picked":["Aggregate+1","Force Field"],"picked":"Hologram","floor":21},{"not_picked":["Hello World","Barrage+1","Fission"],"picked":"SKIP","floor":22},{"not_picked":["Streamline+1","Leap"],"picked":"Ball Lightning+1","floor":31},{"not_picked":["Hyperbeam+1","Reboot"],"picked":"Thunder Strike+1","floor":33},{"not_picked":["Conserve Battery"],"picked":"SKIP","floor":35},{"not_picked":[],"picked":"Leap+1","floor":37},{"not_picked":["Glacier"],"picked":"SKIP","floor":39},{"not_picked":["Glacier"],"picked":"SKIP","floor":44},{"not_picked":[],"picked":"Compile Driver+1","floor":45},{"not_picked":["Doom and Gloom+1"],"picked":"SKIP","floor":47}],"player_experience":1053214,"relics_obtained":[{"floor":9.0,"key":"Art of War"},{"floor":11.0,"key":"Boot"},{"floor":13.0,"key":"Blood Vial"},{"floor":21,"key":"Ice Cream"},{"floor":21,"key":"Molten Egg 2"},{"floor":26,"key":"Orichalcum"},{"floor":29,"key":"Pear"},{"floor":38,"key":"Pantograph"},{"floor":43,"key":"Darkstone Periapt"}],"event_choices":[{"event_name":"Golden Wing","player_choice":"Card Removal","floor":3.0,"damage_taken":0.0},{"event_name":"Shining Light","player_choice":"Entered Light","floor":5.0,"damage_taken":0.0},{"event_name":"World of Goop","player_choice":"Gather Gold","floor":14.0,"damage_taken":0.0},{"event_name":"Colosseum","player_choice":"Fight","floor":21,"damage_taken":0},{"event_name":"Colosseum","player_choice":"Fought Nobs","floor":21,"damage_taken":0},{"event_name":"The Library","player_choice":"Read","floor":24,"damage_taken":0},{"event_name":"Golden Shrine","player_choice":"Pray","floor":36,"damage_taken":0},{"event_name":"Bonfire Elementals","player_choice":"BASIC","floor":41,"damage_taken":0}],"is_beta":false,"boss_relics":[{"not_picked":["FrozenCore","Velvet Choker"],"picked":"Coffee Dripper"},{"not_picked":["White Beast Statue","Snecko Eye"],"picked":"Busted Crown"}],"items_purged_floors":[19,25,46],"is_endless":false,"potions_floor_spawned":[11,13,16,21,31,35,45,47],"ascension_level":15}