{"gold_per_floor":[211,221,235,235,248,248,279,47,47,67,84,104,104,104,104,104],"floor_reached":16,"playtime":511,"items_purged":["Strike_R"],"score":179,"play_id":"93e67d6e-222c-437a-ad13-fe6df2ec624f","local_time":"25611115134605","is_ascension_mode":true,"campfire_choices":[{"data":"Bash","floor":6,"key":"SMITH"},{"floor":13,"key":"REST"},{"data":"1","floor":15,"key":"LIFT"}],"neow_cost":"NONE","seed_source_timestamp":13880315752878,"circlet_count":0,"master_deck":["AscendersBane","Strike_R","Strike_R","Strike_R","Strike_R","Defend_R","Defend_R","Defend_R","Defend_R","Bash+1","Sword Boomerang","Rage+1","Berserk","Shockwave"],"relics":["Burning Blood","Regal Pillow","Omamori","Sundial","Odd Mushroom","Girya"],"potions_floor_usage":[7,7,10],"damage_taken":[{"damage":7,"enemies":"Small Slimes","floor":1,"turns":4},{"damage":0,"enemies":"2 Louse","floor":2,"turns":2},{"damage":3,"enemies":"Jaw Worm","floor":3,"turns":4},{"damage":2,"enemies":"2 Fungi Beasts","floor":5,"turns":5},{"damage":50,"enemies":"3 Sentries","floor":7,"turns":14},{"damage":13,"enemies":"The Mushroom Lair","floor":10,"turns":5},{"damage":6,"enemies":"Looter","floor":11,"turns":4},{"damage":6,"enemies":"Blue Slaver","floor":12,"turns":5},{"damage":47,"enemies":"Hexaghost","floor":16,"turns":9}],"seed_played":"3235682013653389526","potions_obtained":[{"floor":3,"key":"Swift Potion"},{"floor":5,"key":"SpeedPotion"},{"floor":7,"key":"Energy Potion"},{"floor":12,"key":"FearPotion"}],"is_trial":false,"path_per_floor":["M","M","M","?","M","R","E","$","T","?","M","M","R","?","R","B"],"character_chosen":"IRONCLAD","items_purchased":["Omamori"],"campfire_rested":1,"item_purchase_floors":[8],"current_hp_per_floor":[67,73,75,75,75,75,31,31,31,24,24,24,61,43,43,0],"gold":104,"neow_bonus":"HUNDRED_GOLD","is_prod":false,"is_daily":false,"chose_seed":false,"campfire_upgraded":1,"win_rate":0,"timestamp":1542264365,"path_taken":["M","M","M","?","M","R","E","$","T","?","M","M","R","?","R","BOSS"],"build_version":"2018-11-08","purchased_purges":1,"victory":false,"max_hp_per_floor":[75,75,75,75,75,75,75,75,75,75,75,75,75,75,75,75],"card_choices":[{"not_picked":["Second Wind","Wild Strike"],"picked":"Sword Boomerang","floor":1},{"not_picked":["Armaments","Corruption"],"picked":"Rage","floor":2},{"not_picked":["Power Through","Body Slam","Twin Strike"],"picked":"SKIP","floor":3},{"not_picked":["Clothesline","Wild Strike","Pummel"],"picked":"SKIP","floor":5},{"not_picked":["Battle Trance","Clash"],"picked":"Berserk","floor":7},{"not_picked":["Perfected Strike","Wild Strike"],"picked":"Shockwave","floor":10},{"not_picked":["Twin Strike","Headbutt","Clothesline"],"picked":"SKIP","floor":11},{"not_picked":["Clothesline","Perfected Strike","Bloodletting"],"picked":"SKIP","floor":12}],"player_experience":141480,"relics_obtained":[{"floor":7,"key":"Regal Pillow"},{"floor":9,"key":"Sundial"},{"floor":10,"key":"Odd Mushroom"}],"event_choices":[{"damage_healed":0,"gold_gain":0,"player_choice":"Grow","damage_taken":0,"max_hp_gain":0,"max_hp_loss":0,"event_name":"Living Wall","floor":4,"gold_loss":0,"cards_upgraded":["Rage"]},{"damage_healed":0,"gold_gain":0,"player_choice":"Fought Mushrooms","damage_taken":0,"max_hp_gain":0,"max_hp_loss":0,"event_name":"Mushrooms","floor":10,"gold_loss":0},{"damage_healed":0,"gold_gain":0,"player_choice":"Success","damage_taken":18,"relics_obtained":["Girya"],"max_hp_gain":0,"max_hp_loss":0,"event_name":"Scrap Ooze","floor":14,"gold_loss":0}],"is_beta":false,"boss_relics":[],"items_purged_floors":[8],"is_endless":false,"potions_floor_spawned":[3,5,7,12],"killed_by":"Hexaghost","ascension_level":15}