{"gold_per_floor":[217,118,129,304,304,304,318,318,369,369,369,383,383,418,418,514,514,504,504,133,143,143,143,201,213,239,239,320,320,11,45,45,145,145,161,161,161,16,31,60,60,60,84,117,137,167,186,205,205,205],"floor_reached":51,"playtime":2518,"items_purged":["Strike_G","Regret"],"score":1028,"play_id":"f15fdc20-a3bb-42f1-b1ae-a977e2f68104","local_time":"20180719212646","is_ascension_mode":true,"campfire_choices":[{"data":"Deadly Poison","floor":6,"key":"SMITH"},{"data":"Deadly Poison","floor":11,"key":"SMITH"},{"data":"PiercingWail","floor":13,"key":"SMITH"},{"data":"Catalyst","floor":15,"key":"SMITH"},{"data":"Deadly Poison","floor":23,"key":"SMITH"},{"floor":27,"key":"REST"},{"data":"PiercingWail","floor":29,"key":"SMITH"},{"data":"Well Laid Plans","floor":32,"key":"SMITH"},{"floor":41,"key":"REST"},{"floor":49,"key":"REST"}],"neow_cost":"NONE","seed_source_timestamp":47160176031196,"circlet_count":0,"master_deck":["Defend_G+1","Defend_G","Defend_G","Defend_G+1","Defend_G","Strike_G","Strike_G","Strike_G","Survivor","Neutralize","Dagger Spray","Deadly Poison+1","Deadly Poison+1","Doubt","Dodge and Roll+1","PiercingWail+1","Catalyst+1","Tools of the Trade","Prepared+1","Escape Plan+1","Deadly Poison+1","PiercingWail+1","Well Laid Plans+1","Blur+1","Catalyst+1","Escape Plan+1","Burst","Blur+1","Finesse","Reflex+1","Footwork","Escape Plan+1"],"relics":["Ring of the Snake","Ancient Tea Set","Snake Skull","Torii","Black Star","TwistedFunnel","Tiny Chest","Pen Nib","Centennial Puzzle","Ninja Scroll","DollysMirror","Du-Vu Doll","Bird Faced Urn","Fusion Hammer","CultistMask","War Paint","Oddly Smooth Stone","Happy Flower","Vajra","Mummified Hand","Singing Bowl","Ginger","Thread and Needle"],"potions_floor_usage":[14,18,31,31,33,44,50,50,50],"damage_taken":[{"damage":0,"enemies":"2 Louse","floor":1,"turns":3},{"damage":2,"enemies":"Jaw Worm","floor":3,"turns":4},{"damage":3,"enemies":"Small Slimes","floor":7,"turns":3},{"damage":4,"enemies":"Looter","floor":12,"turns":2},{"damage":9,"enemies":"Lagavulin","floor":14,"turns":5},{"damage":36,"enemies":"Slime Boss","floor":16,"turns":14},{"damage":6,"enemies":"2 Thieves","floor":18,"turns":4},{"damage":19,"enemies":"Spheric Guardian","floor":21,"turns":4},{"damage":19,"enemies":"Gremlin Leader","floor":24,"turns":2},{"damage":0,"enemies":"Snake Plant","floor":25,"turns":2},{"damage":1,"enemies":"Slavers","floor":31,"turns":6},{"damage":1,"enemies":"Champ","floor":33,"turns":4},{"damage":0,"enemies":"Orb Walker","floor":35,"turns":4},{"damage":1,"enemies":"3 Shapes","floor":39,"turns":3},{"damage":24,"enemies":"2 Orb Walkers","floor":40,"turns":6},{"damage":0,"enemies":"Nemesis","floor":44,"turns":3},{"damage":10,"enemies":"Sphere and 2 Shapes","floor":45,"turns":5},{"damage":0,"enemies":"Giant Head","floor":46,"turns":4},{"damage":0,"enemies":"Spire Growth","floor":47,"turns":4},{"damage":0,"enemies":"Flame Bruiser 2 Orb","floor":48,"turns":3},{"damage":2,"enemies":"Awakened One","floor":50,"turns":10}],"seed_played":"6471025243763286179","potions_obtained":[{"floor":1,"key":"Fire Potion"},{"floor":7,"key":"SkillPotion"},{"floor":12,"key":"SteroidPotion"},{"floor":21,"key":"SpeedPotion"},{"floor":24,"key":"Ancient Potion"},{"floor":33,"key":"Poison Potion"},{"floor":40,"key":"PowerPotion"},{"floor":45,"key":"PowerPotion"},{"floor":46,"key":"Explosive Potion"}],"is_trial":false,"path_per_floor":["M","$","M","?","?","R","M","?","T","?","R","M","R","E","R","B",null,"M","?","$","M","?","R","E","M","T","R","T","R","$","E","R","B",null,"M","?","?","$","M","E","R","$","T","E","M","E","M","M","R","B"],"character_chosen":"THE_SILENT","items_purchased":["Deadly Poison","TwistedFunnel","Escape Plan","DollysMirror","Fruit Juice","War Paint"],"campfire_rested":3,"item_purchase_floors":[2,20,20,30,30,38],"current_hp_per_floor":[70,70,68,68,68,68,65,51,51,51,51,47,47,38,38,2,70,64,64,64,45,45,45,26,26,26,47,47,47,47,51,51,52,75,75,75,75,75,74,54,75,75,75,77,69,75,79,81,81,80],"gold":205,"neow_bonus":"HUNDRED_GOLD","is_prod":false,"is_daily":false,"chose_seed":false,"campfire_upgraded":7,"win_rate":0,"timestamp":1532028406,"path_taken":["M","$","M","?","?","R","M","?","T","?","R","M","R","E","R","BOSS","M","?","$","?","?","R","E","M","T","R","?","R","$","E","R","BOSS","M","?","?","$","M","E","R","?","T","E","?","E","?","M","R","BOSS"],"build_version":"2018-07-12","purchased_purges":2,"victory":true,"max_hp_per_floor":[70,70,70,70,70,70,70,70,70,70,70,70,70,70,70,70,70,70,70,70,70,70,70,70,70,70,70,70,70,70,75,75,75,75,75,75,75,75,75,75,75,75,75,77,77,79,79,81,81,81],"card_choices":[{"not_picked":["Riddle With Holes","Flechettes"],"picked":"Dagger Spray","floor":1},{"not_picked":["Accuracy","Prepared"],"picked":"Deadly Poison","floor":3},{"not_picked":["Outmaneuver","Doppelganger"],"picked":"Dodge and Roll","floor":7},{"not_picked":["Cloak And Dagger","Underhanded Strike"],"picked":"PiercingWail","floor":12},{"not_picked":["Flying Knee","Dagger Spray"],"picked":"Catalyst","floor":14},{"not_picked":["A Thousand Cuts","Envenom"],"picked":"Tools of the Trade","floor":16},{"not_picked":["Expertise","Heel Hook"],"picked":"Prepared+1","floor":18},{"not_picked":["Quick Slash+1","Flying Knee"],"picked":"Deadly Poison","floor":21},{"not_picked":["Finisher+1","PiercingWail"],"picked":"Well Laid Plans","floor":24},{"not_picked":["Bane+1","Sucker Punch"],"picked":"Blur+1","floor":25},{"not_picked":["Doppelganger","Blade Dance+1"],"picked":"Escape Plan+1","floor":31},{"not_picked":["After Image","A Thousand Cuts"],"picked":"Burst","floor":33},{"not_picked":["Riddle With Holes","Acrobatics+1"],"picked":"Blur+1","floor":35},{"not_picked":["Trip","Magnetism"],"picked":"Finesse","floor":37},{"not_picked":["Dagger Throw+1","Concentrate+1","Quick Slash"],"picked":"SKIP","floor":39},{"not_picked":["Choke+1","Finisher+1"],"picked":"Reflex+1","floor":40},{"not_picked":["Bane","Calculated Gamble+1","Dodge and Roll+1"],"picked":"Singing Bowl","floor":44},{"not_picked":["Infinite Blades","Backflip"],"picked":"Footwork","floor":45},{"not_picked":["Cloak And Dagger","Caltrops","Dagger Throw"],"picked":"Singing Bowl","floor":46},{"not_picked":["Backstab","Setup+1"],"picked":"Escape Plan+1","floor":47},{"not_picked":["Backflip+1","Sucker Punch","Dagger Spray"],"picked":"Singing Bowl","floor":48}],"player_experience":161598,"relics_obtained":[{"floor":9,"key":"Ancient Tea Set"},{"floor":14,"key":"Torii"},{"floor":24,"key":"Tiny Chest"},{"floor":24,"key":"Pen Nib"},{"floor":26,"key":"Centennial Puzzle"},{"floor":28,"key":"Ninja Scroll"},{"floor":31,"key":"Du-Vu Doll"},{"floor":31,"key":"Bird Faced Urn"},{"floor":40,"key":"Oddly Smooth Stone"},{"floor":40,"key":"Happy Flower"},{"floor":43,"key":"Vajra"},{"floor":44,"key":"Mummified Hand"},{"floor":44,"key":"Singing Bowl"},{"floor":46,"key":"Ginger"},{"floor":46,"key":"Thread and Needle"}],"event_choices":[{"event_name":"Liars Game","player_choice":"agreed","floor":4,"damage_taken":0},{"event_name":"Living Wall","player_choice":"Forget","floor":5,"damage_taken":0},{"event_name":"Shining Light","player_choice":"Entered Light","floor":8,"damage_taken":0},{"event_name":"Big Fish","player_choice":"Box","floor":10,"damage_taken":0},{"event_name":"Vampires","player_choice":"Ignored","floor":19,"damage_taken":0},{"event_name":"The Library","player_choice":"Read","floor":22,"damage_taken":0},{"event_name":"FaceTrader","player_choice":"Trade","floor":36,"damage_taken":0},{"event_name":"SensoryStone","player_choice":"Memory 1","floor":37,"damage_taken":0}],"boss_relics":[{"not_picked":["Lizard Tail","Sozu"],"picked":"Black Star"},{"not_picked":["Empty Cage","Philosopher\u0027s Stone"],"picked":"Fusion Hammer"}],"items_purged_floors":[2,20],"is_endless":false,"potions_floor_spawned":[1,7,12,21,24,33,40,45,46,48],"ascension_level":4}