{"gold_per_floor":[114,44,59,59,76,76,106,126,150,5,23,23,23,50,50,126,126,144,144,155,169,188,213,213,247,247,264,274,48,65,76,76,76],"floor_reached":33,"playtime":1588,"items_purged":["Strike_B"],"score":527,"play_id":"4934c992-5bf5-461e-a669-bae14feb1a0f","local_time":"20180829183057","is_ascension_mode":true,"campfire_choices":[{"data":"Zap","floor":6.0,"key":"SMITH"},{"data":"Reinforced Body","floor":13.0,"key":"SMITH"},{"data":"Glacier","floor":15.0,"key":"SMITH"},{"floor":24.0,"key":"REST"},{"floor":32,"key":"REST"}],"neow_cost":"NONE","seed_source_timestamp":0,"circlet_count":0,"master_deck":["Strike_B","Strike_B","Strike_B","Defend_B","Defend_B","Defend_B","Defend_B","Zap+1","Dualcast","AscendersBane","Rebound+1","Lockon","Reinforced Body+1","Ball Lightning+1","Cold Snap","Ball Lightning","Conserve Battery","Auto Shields","Glacier+1","Echo Form","Go for the Eyes","Cold Snap","FTL","Stack","Capacitor","Consume+1","Recycle","Capacitor","Chill"],"special_seed":0,"relics":["Cracked Core","Anchor","Bag of Marbles","DataDisk","Pen Nib","Orrery","Dead Branch","Potion Belt","Art of War","Letter Opener"],"potions_floor_usage":[33,33],"damage_taken":[{"damage":7.0,"enemies":"Jaw Worm","floor":1.0,"turns":4.0},{"damage":0.0,"enemies":"Small Slimes","floor":3.0,"turns":3.0},{"damage":0.0,"enemies":"Cultist","floor":5.0,"turns":3.0},{"damage":14.0,"enemies":"Gremlin Nob","floor":7.0,"turns":4.0},{"damage":10.0,"enemies":"Exordium Wildlife","floor":8.0,"turns":4.0},{"damage":0.0,"enemies":"2 Fungi Beasts","floor":11.0,"turns":2.0},{"damage":7.0,"enemies":"3 Sentries","floor":14.0,"turns":4.0},{"damage":3.0,"enemies":"Slime Boss","floor":16.0,"turns":7.0},{"damage":4.0,"enemies":"2 Thieves","floor":18.0,"turns":5.0},{"damage":0.0,"enemies":"Spheric Guardian","floor":20.0,"turns":5.0},{"damage":0.0,"enemies":"Chosen and Byrds","floor":21.0,"turns":5.0},{"damage":0.0,"enemies":"Centurion and Healer","floor":22.0,"turns":6.0},{"damage":20.0,"enemies":"Book of Stabbing","floor":23.0,"turns":6.0},{"damage":39.0,"enemies":"Gremlin Leader","floor":25.0,"turns":9.0},{"damage":12.0,"enemies":"Shelled Parasite and Fungi","floor":27.0,"turns":8.0},{"damage":3.0,"enemies":"Snecko","floor":28.0,"turns":5.0},{"damage":2.0,"enemies":"Centurion and Healer","floor":30.0,"turns":9.0},{"damage":7.0,"enemies":"Sentry and Sphere","floor":31.0,"turns":8.0},{"damage":29,"enemies":"Collector","floor":33,"turns":5}],"seed_played":"7001952450602255517","potions_obtained":[{"floor":5.0,"key":"FocusPotion"},{"floor":11.0,"key":"Explosive Potion"},{"floor":16.0,"key":"EntropicBrew"},{"floor":21.0,"key":"Dexterity Potion"},{"floor":25.0,"key":"SteroidPotion"},{"floor":30.0,"key":"Dexterity Potion"}],"is_trial":false,"path_per_floor":["M","$","M","?","M","R","E","M","T","$","M","?","R","E","R","B",null,"M","T","M","M","M","E","R","E","T","M","M","$","M","M","R"],"character_chosen":"DEFECT","items_purchased":["Reinforced Body","DataDisk","FocusPotion","Chill"],"campfire_rested":2,"item_purchase_floors":[2,10,29,29],"current_hp_per_floor":[57,57,57,36,36,36,22,12,12,12,12,35,35,28,28,25,60,56,56,56,56,56,36,57,18,18,6,3,3,8,1,22,0],"gold":76,"neow_bonus":"THREE_CARDS","is_prod":false,"is_daily":false,"chose_seed":false,"campfire_upgraded":3,"win_rate":0,"timestamp":1535592657,"path_taken":["M","$","M","?","M","R","E","M","T","?","?","?","R","E","R","BOSS","M","?","?","M","M","E","R","E","T","M","M","$","M","M","R","BOSS"],"build_version":"2018-08-23v2","purchased_purges":1,"victory":false,"max_hp_per_floor":[71,71,71,71,71,71,71,71,71,71,71,71,71,71,71,71,71,71,71,71,71,71,71,71,71,71,71,71,71,71,71,71,71],"card_choices":[{"not_picked":["Beam Cell","Aggregate"],"picked":"Rebound","floor":0.0},{"not_picked":["Rebound","Fusion"],"picked":"Lockon","floor":1.0},{"not_picked":["Cold Snap","Hologram"],"picked":"Ball Lightning","floor":3.0},{"not_picked":["White Noise","Hologram"],"picked":"Cold Snap","floor":5.0},{"not_picked":["Buffer","Steam Power"],"picked":"Ball Lightning","floor":7.0},{"not_picked":["Darkness","Undo"],"picked":"Conserve Battery","floor":8.0},{"not_picked":["Fusion","Turbo"],"picked":"Auto Shields","floor":11.0},{"not_picked":["Reprogram","Streamline"],"picked":"Glacier","floor":14.0},{"not_picked":["Buffer","Creative AI"],"picked":"Echo Form","floor":16.0},{"not_picked":["Rebound","Sweeping Beam"],"picked":"Go for the Eyes","floor":17.0},{"not_picked":["Barrage","Fusion"],"picked":"Cold Snap","floor":17.0},{"not_picked":["Stack","Steam"],"picked":"FTL","floor":18.0},{"not_picked":["Compile Driver","Meteor Strike"],"picked":"Stack","floor":20.0},{"not_picked":["Compile Driver","Force Field","Steam"],"picked":"SKIP","floor":21.0},{"not_picked":["Streamline","Stack","Barrage"],"picked":"SKIP","floor":22.0},{"not_picked":["Gash","Hologram"],"picked":"Capacitor","floor":23.0},{"not_picked":["Ball Lightning","Chill+1"],"picked":"Consume+1","floor":25.0},{"not_picked":["Steam","Aggregate"],"picked":"Recycle","floor":27.0},{"not_picked":["Streamline","Static Discharge"],"picked":"Capacitor","floor":28.0},{"not_picked":["Rebound","Reboot","Cold Snap"],"picked":"SKIP","floor":30.0},{"not_picked":["Stack","Gash","Self Repair"],"picked":"SKIP","floor":31.0}],"player_experience":1050779,"relics_obtained":[{"floor":7.0,"key":"Anchor"},{"floor":9.0,"key":"Bag of Marbles"},{"floor":14.0,"key":"Pen Nib"},{"floor":19.0,"key":"Dead Branch"},{"floor":23.0,"key":"Potion Belt"},{"floor":25.0,"key":"Art of War"},{"floor":26.0,"key":"Letter Opener"}],"event_choices":[{"event_name":"Shining Light","player_choice":"Entered Light","floor":4.0,"damage_taken":0.0},{"event_name":"Big Fish","player_choice":"Banana","floor":12.0,"damage_taken":0.0}],"is_beta":false,"boss_relics":[{"not_picked":["FrozenCore","Coffee Dripper"],"picked":"Orrery"}],"items_purged_floors":[29],"is_endless":false,"potions_floor_spawned":[5,11,16,20,21,25,30],"killed_by":"Collector","ascension_level":15}