{"gold_per_floor":[368,109,109,122,96,96,125,125,193,193,227,243,243,268,268,341,341,356,356,371,387,437,437,464,482,482,514,514,54,70,86,86,162,162,182,182,9,9,27,27,54,54,54,54,154,168,203,213,213,213],"floor_reached":51,"playtime":1783,"items_purged":["Clumsy","Pain"],"score":1394,"play_id":"abecdec7-e79d-4576-a53a-164c9eacfe38","local_time":"20181205190821","is_ascension_mode":true,"campfire_choices":[{"data":"Armaments","floor":6.0,"key":"SMITH"},{"data":"Inflame","floor":8.0,"key":"SMITH"},{"data":"Bash","floor":10.0,"key":"SMITH"},{"data":"Feel No Pain","floor":13.0,"key":"SMITH"},{"data":"Disarm","floor":15.0,"key":"SMITH"},{"data":"Disarm","floor":23.0,"key":"SMITH"},{"data":"Corruption","floor":32.0,"key":"SMITH"},{"data":"True Grit","floor":40.0,"key":"SMITH"},{"data":"Dark Embrace","floor":42.0,"key":"SMITH"},{"data":"Anger","floor":44.0,"key":"SMITH"},{"data":"Defend_R","floor":49,"key":"SMITH"}],"neow_cost":"CURSE","seed_source_timestamp":0,"circlet_count":0,"master_deck":["AscendersBane","Strike_R","Strike_R","Strike_R","Strike_R","Strike_R","Defend_R","Defend_R","Defend_R","Defend_R+1","Bash+1","Inflame+1","Disarm+1","Anger+1","Armaments+1","Spot Weakness+1","Whirlwind+1","Feel No Pain+1","Limit Break+1","Sword Boomerang+1","Iron Wave+1","Disarm+1","Sword Boomerang+1","True Grit+1","Decay","Corruption+1","Offering+1","True Grit+1","Fiend Fire+1","Dark Embrace+1","Power Through+1","Impervious+1","Writhe","True Grit+1","Shrug It Off+1","Burning Pact+1","Whirlwind+1","Warcry+1"],"special_seed":0,"relics":["Burning Blood","Bag of Marbles","Darkstone Periapt","Molten Egg 2","Dream Catcher","Bird Faced Urn","Cursed Key","Shuriken","Bottled Tornado","War Paint","Toxic Egg 2","Philosopher\u0027s Stone","Question Card","Ornamental Fan","Ginger","Calipers"],"potions_floor_usage":[50],"damage_taken":[{"damage":9.0,"enemies":"2 Louse","floor":1.0,"turns":3.0},{"damage":3.0,"enemies":"Cultist","floor":4.0,"turns":4.0},{"damage":10.0,"enemies":"Lagavulin","floor":7.0,"turns":6.0},{"damage":29.0,"enemies":"3 Sentries","floor":11.0,"turns":7.0},{"damage":7.0,"enemies":"Jaw Worm","floor":12.0,"turns":3.0},{"damage":18.0,"enemies":"Lagavulin","floor":14.0,"turns":7.0},{"damage":23.0,"enemies":"The Guardian","floor":16.0,"turns":11.0},{"damage":17.0,"enemies":"Shell Parasite","floor":18.0,"turns":5.0},{"damage":10.0,"enemies":"3 Byrds","floor":20.0,"turns":3.0},{"damage":13.0,"enemies":"Cultist and Chosen","floor":21.0,"turns":5.0},{"damage":43.0,"enemies":"Slavers","floor":24.0,"turns":5.0},{"damage":18.0,"enemies":"Centurion and Healer","floor":25.0,"turns":7.0},{"damage":33.0,"enemies":"Gremlin Leader","floor":27.0,"turns":5.0},{"damage":4.0,"enemies":"Snecko","floor":30.0,"turns":5.0},{"damage":13.0,"enemies":"Chosen and Byrds","floor":31.0,"turns":4.0},{"damage":78.0,"enemies":"Automaton","floor":33.0,"turns":9.0},{"damage":15.0,"enemies":"Orb Walker","floor":35.0,"turns":2.0},{"damage":0.0,"enemies":"3 Darklings","floor":39.0,"turns":1.0},{"damage":16.0,"enemies":"Reptomancer","floor":41.0,"turns":5.0},{"damage":6.0,"enemies":"Mind Bloom Boss Battle","floor":45.0,"turns":5.0},{"damage":9.0,"enemies":"Maw","floor":46.0,"turns":6.0},{"damage":13.0,"enemies":"Giant Head","floor":47.0,"turns":5.0},{"damage":6.0,"enemies":"Spire Growth","floor":48.0,"turns":4.0},{"damage":41,"enemies":"Time Eater","floor":50,"turns":8}],"seed_played":"-8588180971507820073","potions_obtained":[{"floor":1.0,"key":"GamblersBrew"},{"floor":16.0,"key":"PowerPotion"},{"floor":20.0,"key":"Fire Potion"},{"floor":21.0,"key":"Ancient Potion"},{"floor":27.0,"key":"Dexterity Potion"},{"floor":31.0,"key":"EssenceOfSteel"},{"floor":41.0,"key":"EssenceOfSteel"},{"floor":45.0,"key":"PowerPotion"}],"is_trial":false,"path_per_floor":["M","$","?","M","$","R","E","R","T","R","E","M","R","E","R","B",null,"M","?","M","M","?","R","E","M","T","E","?","$","M","M","R","B",null,"M","T","$","?","M","R","E","R","T","R","?","M","E","M","R","B",null],"character_chosen":"IRONCLAD","items_purchased":["Feed","Disarm","Armaments","Toxic Egg 2","Corruption","Offering+1","Impervious+1"],"campfire_rested":0,"item_purchase_floors":[2,2,5,29,29,29,37],"current_hp_per_floor":[65,65,65,71,71,71,67,67,67,67,47,46,46,34,34,21,66,62,62,60,60,60,60,32,24,30,7,106,106,106,99,99,33,88,83,89,89,117,118,118,112,112,112,112,118,118,113,118,118,89],"gold":213,"neow_bonus":"TWO_FIFTY_GOLD","is_prod":false,"is_daily":false,"chose_seed":false,"campfire_upgraded":11,"win_rate":0,"timestamp":1544065701,"path_taken":["M","$","?","M","?","R","E","R","T","R","E","M","R","E","R","BOSS","M","?","M","?","?","R","E","?","T","E","?","$","M","M","R","BOSS","M","?","$","?","M","R","E","R","T","R","?","M","E","?","R","BOSS"],"build_version":"2018-11-15","purchased_purges":2,"victory":true,"max_hp_per_floor":[75,75,75,78,78,78,78,78,78,78,81,81,81,81,81,81,81,84,84,84,87,87,87,90,90,96,96,106,106,106,106,106,106,106,106,112,112,118,118,118,118,118,118,118,118,118,118,118,118,118],"card_choices":[{"not_picked":["Havoc","True Grit"],"picked":"Inflame","floor":1.0},{"not_picked":["Disarm","Burning Pact"],"picked":"Anger","floor":4.0},{"not_picked":["Thunderclap","Clash"],"picked":"Spot Weakness","floor":7.0},{"not_picked":["Iron Wave+1","Feed+1"],"picked":"Whirlwind+1","floor":11.0},{"not_picked":["Searing Blow+1","Havoc"],"picked":"Feel No Pain","floor":12.0},{"not_picked":["Burning Pact","Rupture","Heavy Blade+1"],"picked":"SKIP","floor":14.0},{"not_picked":["Fiend Fire+1","Dark Embrace"],"picked":"Limit Break","floor":16.0},{"not_picked":["Heavy Blade+1","Power Through"],"picked":"Sword Boomerang+1","floor":18.0},{"not_picked":["Thunderclap+1","Warcry"],"picked":"Iron Wave+1","floor":20.0},{"not_picked":["Rampage+1","Flex"],"picked":"Disarm","floor":21.0},{"not_picked":["Immolate+1","Feel No Pain"],"picked":"Sword Boomerang+1","floor":24.0},{"not_picked":["Sword Boomerang+1","Iron Wave+1"],"picked":"True Grit","floor":25.0},{"not_picked":["Clothesline+1","Bloodletting","Clash+1"],"picked":"SKIP","floor":27.0},{"not_picked":["Feel No Pain","Pummel+1"],"picked":"True Grit+1","floor":30.0},{"not_picked":["Cleave+1","Corruption+1"],"picked":"Fiend Fire+1","floor":31.0},{"not_picked":["Fiend Fire+1","Feed+1"],"picked":"Dark Embrace","floor":33.0},{"not_picked":["Twin Strike+1","Havoc+1"],"picked":"Power Through+1","floor":35.0},{"not_picked":["Evolve","Combust","Iron Wave+1"],"picked":"True Grit+1","floor":39.0},{"not_picked":["Heavy Blade+1","Warcry+1","Pommel Strike+1"],"picked":"Shrug It Off+1","floor":41.0},{"not_picked":["Flex+1","Berserk","Headbutt+1"],"picked":"Burning Pact+1","floor":45.0},{"not_picked":["Wild Strike+1","Cleave+1","Iron Wave+1"],"picked":"Whirlwind+1","floor":46.0},{"not_picked":["Searing Blow+1","Metallicize+1","Wild Strike+1","Anger+1"],"picked":"SKIP","floor":47.0},{"not_picked":["Wild Strike+1","Twin Strike+1","Sword Boomerang+1"],"picked":"Warcry+1","floor":48.0}],"player_experience":1734082,"relics_obtained":[{"floor":7.0,"key":"Darkstone Periapt"},{"floor":9.0,"key":"Molten Egg 2"},{"floor":11.0,"key":"Dream Catcher"},{"floor":14.0,"key":"Bird Faced Urn"},{"floor":24.0,"key":"Shuriken"},{"floor":26.0,"key":"Bottled Tornado"},{"floor":27.0,"key":"War Paint"},{"floor":36.0,"key":"Question Card"},{"floor":41.0,"key":"Ornamental Fan"},{"floor":45.0,"key":"Ginger"},{"floor":47.0,"key":"Calipers"}],"event_choices":[{"damage_healed":0.0,"max_hp_gain":0.0,"max_hp_loss":0.0,"gold_gain":0.0,"event_name":"WeMeetAgain","player_choice":"Gave Potion","floor":3.0,"gold_loss":0.0,"damage_taken":0.0,"relics_obtained":["Bag of Marbles"]},{"damage_healed":0.0,"max_hp_gain":0.0,"max_hp_loss":0.0,"gold_gain":0.0,"event_name":"FaceTrader","player_choice":"Leave","floor":19.0,"gold_loss":0.0,"damage_taken":0.0},{"damage_healed":0.0,"max_hp_gain":0.0,"max_hp_loss":0.0,"gold_gain":100.0,"event_name":"The Joust","player_choice":"Bet on Murderer","floor":22.0,"gold_loss":50.0,"damage_taken":0.0},{"cards_removed":["Feed"],"damage_healed":89.0,"max_hp_gain":10.0,"max_hp_loss":0.0,"gold_gain":0.0,"event_name":"Bonfire Elementals","player_choice":"Offered Rare","floor":28.0,"gold_loss":0.0,"damage_taken":0.0},{"damage_healed":22.0,"max_hp_gain":0.0,"max_hp_loss":0.0,"gold_gain":0.0,"event_name":"Winding Halls","player_choice":"Writhe","floor":38.0,"gold_loss":0.0,"damage_taken":0.0,"cards_obtained":["Writhe"]},{"damage_healed":0.0,"max_hp_gain":0.0,"max_hp_loss":0.0,"gold_gain":0.0,"event_name":"MindBloom","player_choice":"Fight","floor":45.0,"gold_loss":0.0,"damage_taken":0.0}],"is_beta":false,"boss_relics":[{"not_picked":["Eternal Feather","Orrery"],"picked":"Cursed Key"},{"not_picked":["Calling Bell","Mark of Pain"],"picked":"Philosopher\u0027s Stone"}],"items_purged_floors":[2,37],"is_endless":false,"potions_floor_spawned":[1,16,20,21,27,31,41,45,46],"ascension_level":15}