{"gold_per_floor":[111,121,133,4,4,4,14,46,46,61,129,129,154,154,154,154],"floor_reached":16,"playtime":568,"items_purged":[],"score":182,"play_id":"203a957c-c669-4117-865e-6385c4e72b38","local_time":"20190503232426","is_ascension_mode":true,"campfire_choices":[{"data":"Genetic Algorithm","floor":6,"key":"SMITH"},{"floor":12,"key":"REST"},{"floor":15,"key":"REST"}],"neow_cost":"TEN_PERCENT_HP_LOSS","seed_source_timestamp":587174673657804,"circlet_count":0,"master_deck":["AscendersBane","Strike_B","Strike_B","Strike_B","Defend_B","Defend_B","Zap","Dualcast","FTL","Genetic Algorithm+1","Coolheaded","Loop","Cold Snap","Chill","Electrodynamics","Blizzard","Leap+1"],"relics":["Cracked Core","Letter Opener","Toxic Egg 2","The Courier","Molten Egg 2","Bottled Lightning"],"potions_floor_usage":[8,8,13,16],"damage_taken":[{"damage":7,"enemies":"Jaw Worm","floor":1,"turns":3},{"damage":10,"enemies":"Small Slimes","floor":2,"turns":3},{"damage":1,"enemies":"Cultist","floor":3,"turns":3},{"damage":6,"enemies":"2 Fungi Beasts","floor":7,"turns":4},{"damage":11,"enemies":"Lagavulin","floor":8,"turns":7},{"damage":0,"enemies":"Lots of Slimes","floor":10,"turns":1},{"damage":20,"enemies":"3 Sentries","floor":13,"turns":7},{"damage":48,"enemies":"Hexaghost","floor":16,"turns":11}],"seed_played":"2029159289331651491","potions_obtained":[{"floor":1,"key":"Weak Potion"},{"floor":7,"key":"EntropicBrew"},{"floor":8,"key":"Fire Potion"}],"is_trial":false,"path_per_floor":["M","M","M","$","?","R","M","E","T","M","T","R","E","?","R","B"],"character_chosen":"DEFECT","items_purchased":["Loop","Cold Snap"],"campfire_rested":2,"item_purchase_floors":[4,4],"current_hp_per_floor":[61,51,50,50,43,43,37,26,26,26,26,46,26,26,46,0],"gold":154,"neow_bonus":"REMOVE_TWO","is_prod":false,"is_daily":false,"chose_seed":false,"campfire_upgraded":1,"win_rate":0,"timestamp":1556897066,"path_taken":["M","M","M","$","?","R","M","E","T","M","?","R","E","?","R","BOSS"],"build_version":"2019-01-23","purchased_purges":0,"victory":false,"max_hp_per_floor":[68,68,68,68,68,68,68,68,68,68,68,68,68,68,68,68],"card_choices":[{"not_picked":["Double Energy","Tempest"],"picked":"FTL","floor":1},{"not_picked":["Ball Lightning","Conserve Battery"],"picked":"Genetic Algorithm","floor":2},{"not_picked":["Compile Driver","Turbo"],"picked":"Coolheaded","floor":3},{"not_picked":["Stack","Genetic Algorithm"],"picked":"Chill","floor":7},{"not_picked":["Gash","Compile Driver"],"picked":"Electrodynamics","floor":8},{"not_picked":["Go for the Eyes","Storm"],"picked":"Blizzard","floor":10},{"not_picked":["Gash+1","Stack+1"],"picked":"Leap+1","floor":13}],"player_experience":472591,"relics_obtained":[{"floor":8,"key":"Toxic Egg 2"},{"floor":9,"key":"The Courier"},{"floor":11,"key":"Molten Egg 2"},{"floor":13,"key":"Bottled Lightning"}],"event_choices":[{"damage_healed":0,"gold_gain":0,"player_choice":"Success","damage_taken":7,"relics_obtained":["Letter Opener"],"max_hp_gain":0,"max_hp_loss":0,"event_name":"Scrap Ooze","floor":5,"gold_loss":0},{"cards_removed":["Defend_B"],"damage_healed":0,"gold_gain":0,"player_choice":"Offered Basic","damage_taken":0,"max_hp_gain":0,"max_hp_loss":0,"event_name":"Bonfire Elementals","floor":14,"gold_loss":0}],"is_beta":false,"boss_relics":[],"items_purged_floors":[],"is_endless":false,"potions_floor_spawned":[1,7,8],"killed_by":"Hexaghost","ascension_level":13}