{"gold_per_floor":[115,115,135,135,145,145,115,115,115,115,115,133,119,139,139,243,243,227,142,67,166,179,179,198,198],"floor_reached":25,"playtime":1550,"items_purged":[],"score":212,"play_id":"ce3202d7-3a94-45e3-b902-3b3730293d9f","local_time":"20181010213313","is_ascension_mode":true,"campfire_choices":[{"data":"Neutralize","floor":6,"key":"SMITH"},{"data":"A Thousand Cuts","floor":8,"key":"SMITH"},{"data":"Backflip","floor":10,"key":"SMITH"},{"data":"Survivor","floor":15,"key":"SMITH"},{"data":"Dodge and Roll","floor":23,"key":"SMITH"}],"neow_cost":"TEN_PERCENT_HP_LOSS","seed_source_timestamp":2074054722833305,"circlet_count":0,"master_deck":["Defend_G","Defend_G","Defend_G","Defend_G","Defend_G","Strike_G","Strike_G","Strike_G","Survivor+1","Neutralize+1","A Thousand Cuts+1","Backflip+1","Deflect","Die Die Die","Dodge and Roll+1","Dodge and Roll+1"],"relics":["Ring of the Snake","Snake Skull","Bottled Flame","Centennial Puzzle","WristBlade","Mercury Hourglass"],"potions_floor_usage":[16,16,16,25],"damage_taken":[{"damage":0,"enemies":"Jaw Worm","floor":1,"turns":5},{"damage":3,"enemies":"Small Slimes","floor":3,"turns":6},{"damage":0,"enemies":"Cultist","floor":5,"turns":5},{"damage":0,"enemies":"Looter","floor":7,"turns":4},{"damage":1,"enemies":"Blue Slaver","floor":12,"turns":3},{"damage":4,"enemies":"Exordium Thugs","floor":13,"turns":4},{"damage":1,"enemies":"3 Louse","floor":14,"turns":4},{"damage":28,"enemies":"Hexaghost","floor":16,"turns":14},{"damage":10,"enemies":"2 Thieves","floor":18,"turns":4},{"damage":10,"enemies":"3 Byrds","floor":22,"turns":6},{"damage":15,"enemies":"Centurion and Healer","floor":24,"turns":10},{"damage":33,"enemies":"Slavers","floor":25,"turns":6}],"seed_played":"-1816088065950950088","potions_obtained":[{"floor":5,"key":"Poison Potion"},{"floor":13,"key":"Poison Potion"},{"floor":14,"key":"Poison Potion"},{"floor":24,"key":"SkillPotion"}],"is_trial":false,"path_per_floor":["M","?","M","?","M","R","M","R","T","R","T","M","M","M","R","B",null,"M","?","?","?","M","R","M"],"character_chosen":"THE_SILENT","items_purchased":[],"campfire_rested":0,"item_purchase_floors":[],"current_hp_per_floor":[63,56,53,50,50,50,50,50,50,50,50,49,45,44,44,16,63,53,53,53,53,43,43,28,0],"gold":198,"neow_bonus":"THREE_RARE_CARDS","is_prod":false,"is_daily":false,"chose_seed":false,"campfire_upgraded":5,"win_rate":0,"timestamp":1539199993,"path_taken":["M","?","M","?","M","R","M","R","T","R","?","?","M","M","R","BOSS","M","?","?","?","M","R","M","E"],"build_version":"2018-10-04v2","purchased_purges":0,"victory":false,"max_hp_per_floor":[63,63,63,63,63,63,63,63,63,63,63,63,63,63,63,63,63,63,63,63,63,63,63,63,63],"card_choices":[{"not_picked":["Unload","Doppelganger"],"picked":"A Thousand Cuts","floor":0},{"not_picked":["Blade Dance","PiercingWail","Catalyst"],"picked":"SKIP","floor":1},{"not_picked":["Flechettes","All Out Attack","Terror"],"picked":"SKIP","floor":3},{"not_picked":["Choke","Dagger Throw"],"picked":"Backflip","floor":5},{"not_picked":["Underhanded Strike","Tactician"],"picked":"Deflect","floor":7},{"not_picked":["Tactician","PiercingWail","Sucker Punch"],"picked":"SKIP","floor":12},{"not_picked":["Endless Agony","Sucker Punch","Acrobatics"],"picked":"SKIP","floor":13},{"not_picked":["Acrobatics","Blade Dance","Prepared"],"picked":"SKIP","floor":14},{"not_picked":["Corpse Explosion","Glass Knife"],"picked":"Die Die Die","floor":16},{"not_picked":["Predator","Dagger Throw+1"],"picked":"Dodge and Roll","floor":18},{"not_picked":["Dodge and Roll","Terror","Outmaneuver"],"picked":"SKIP","floor":22},{"not_picked":["Dodge and Roll","Terror","Outmaneuver"],"picked":"SKIP","floor":22},{"not_picked":["Expertise","Backflip"],"picked":"Dodge and Roll+1","floor":24}],"player_experience":126924,"relics_obtained":[{"floor":9,"key":"Bottled Flame"},{"floor":11,"key":"Centennial Puzzle"}],"event_choices":[{"event_name":"Golden Wing","player_choice":"Card Removal","floor":2,"damage_taken":0},{"event_name":"Scrap Ooze","player_choice":"success","floor":4,"damage_taken":3},{"event_name":"Addict","player_choice":"Obtained Relic","floor":19,"damage_taken":0},{"event_name":"Beggar","player_choice":"Gave Gold","floor":20,"damage_taken":0},{"event_name":"Nest","player_choice":"Stole From Cult","floor":21,"damage_taken":0}],"is_beta":false,"boss_relics":[{"not_picked":["Snecko Eye","Ectoplasm"],"picked":"WristBlade"}],"items_purged_floors":[],"is_endless":false,"potions_floor_spawned":[5,13,14,24],"killed_by":"Slavers","ascension_level":2}