{"gold_per_floor":[112,130,205,215,229,257,257,268,268,326,326,326,326],"floor_reached":13,"playtime":302,"items_purged":[],"score":138,"play_id":"08e7b4a7-bfee-458a-be8b-8de5155d9b89","local_time":"25610726230250","is_ascension_mode":true,"campfire_choices":[{"floor":7.0,"key":"REST"}],"neow_cost":"","seed_source_timestamp":29175187847635,"circlet_count":0,"master_deck":["Strike_R","Strike_R","Strike_R","Strike_R","Strike_R","Defend_R","Defend_R","Defend_R","Defend_R","Bash","Clothesline","Infernal Blade","Thunderclap","Flame Barrier+1","Bludgeon","Headbutt+1","Offering"],"special_seed":0,"relics":["Burning Blood","Mummified Hand","Pen Nib","Tiny Chest","Strawberry"],"potions_floor_usage":[],"damage_taken":[{"damage":8.0,"enemies":"Jaw Worm","floor":1.0,"turns":4.0},{"damage":6.0,"enemies":"Cultist","floor":2.0,"turns":4.0},{"damage":7.0,"enemies":"Small Slimes","floor":4.0,"turns":3.0},{"damage":1.0,"enemies":"2 Fungi Beasts","floor":5.0,"turns":3.0},{"damage":56.0,"enemies":"Lagavulin","floor":6.0,"turns":8.0},{"damage":15.0,"enemies":"Lots of Slimes","floor":8.0,"turns":4.0},{"damage":18.0,"enemies":"Gremlin Nob","floor":10.0,"turns":4.0},{"damage":0,"enemies":"Exordium Wildlife","floor":13,"turns":1}],"seed_played":"-7789757528184931978","potions_obtained":[{"floor":4.0,"key":"LiquidBronze"},{"floor":6.0,"key":"Strength Potion"}],"is_trial":false,"path_per_floor":["M","M","?","M","M","E","R","M","T","E","T","?"],"character_chosen":"IRONCLAD","items_purchased":[],"campfire_rested":1,"item_purchase_floors":[],"current_hp_per_floor":[70,70,59,58,63,13,37,28,28,16,23,6,6],"gold":326,"neow_bonus":"","is_prod":false,"is_daily":false,"chose_seed":false,"campfire_upgraded":0,"win_rate":0,"timestamp":1532620970,"path_taken":["M","M","?","M","M","E","R","M","T","E","?","?","M"],"build_version":"2018-07-19v2","purchased_purges":0,"victory":false,"max_hp_per_floor":[80,80,80,80,80,80,80,80,80,80,87,87,87],"card_choices":[{"not_picked":["Havoc","Fire Breathing"],"picked":"Clothesline","floor":1.0},{"not_picked":["Cleave","Hemokinesis"],"picked":"Infernal Blade","floor":2.0},{"not_picked":["Flex","Cleave"],"picked":"Thunderclap","floor":4.0},{"not_picked":["Infernal Blade","Pommel Strike"],"picked":"Flame Barrier","floor":5.0},{"not_picked":["Juggernaut","True Grit"],"picked":"Bludgeon","floor":6.0},{"not_picked":["Pommel Strike","Havoc"],"picked":"Headbutt","floor":8.0},{"not_picked":["Wild Strike","True Grit"],"picked":"Offering","floor":10.0}],"player_experience":167589,"relics_obtained":[{"floor":6.0,"key":"Mummified Hand"},{"floor":9.0,"key":"Pen Nib"},{"floor":10.0,"key":"Tiny Chest"},{"floor":11.0,"key":"Strawberry"}],"event_choices":[{"event_name":"World of Goop","player_choice":"Gather Gold","floor":3.0,"damage_taken":0.0},{"event_name":"Shining Light","player_choice":"Entered Light","floor":12.0,"damage_taken":0.0}],"is_beta":false,"boss_relics":[],"items_purged_floors":[],"is_endless":false,"potions_floor_spawned":[4,6],"killed_by":"Exordium Wildlife","ascension_level":9}