{"gold_per_floor":[113,129,129,141,156,191,203,215,250,295,321,298,345,376,388,476,488,516,548,560,497,515,515,544,544,571,599,305,305,36,46,46,120,120,130,130,142,153,169,169,187,37,37,63,63,83,83,102,102,102],"floor_reached":50,"playtime":3447,"items_purged":["Dodge and Roll","Deflect","Dagger Throw","Writhe"],"score":1241,"play_id":"063d26e5-3b06-458a-a017-28e3d9f54928","local_time":"20180721152845","daily_mods":["Draft"],"is_ascension_mode":true,"campfire_choices":[{"data":"Cloak And Dagger","floor":8.0,"key":"SMITH"},{"data":"Cloak And Dagger","floor":15.0,"key":"SMITH"},{"data":"Envenom","floor":23.0,"key":"SMITH"},{"data":"Finisher","floor":25.0,"key":"SMITH"},{"data":"Backflip","floor":29.0,"key":"SMITH"},{"data":"Backflip","floor":32.0,"key":"SMITH"},{"data":"Expertise","floor":40,"key":"SMITH"},{"data":"Accuracy","floor":47,"key":"SMITH"},{"data":"Terror","floor":49,"key":"SMITH"}],"neow_cost":"","seed_source_timestamp":0,"circlet_count":0,"master_deck":["AscendersBane","Escape Plan","Cloak And Dagger+1","Deflect","Slice","Cloak And Dagger+1","Dagger Spray","Finisher+1","Expertise+1","Backflip+1","Blur","Backflip+1","Envenom+1","Cloak And Dagger+1","Accuracy+1","Acrobatics+1","Terror+1"],"special_seed":0,"relics":["Ring of the Snake","MawBank","Happy Flower","Bronze Scales","Snake Skull","Dream Catcher","Coffee Dripper","Orichalcum","Nunchaku","DollysMirror","Lantern","Philosopher\u0027s Stone","Meat on the Bone","Kunai","Du-Vu Doll"],"potions_floor_usage":[50],"damage_taken":[{"damage":0.0,"enemies":"Cultist","floor":1.0,"turns":3.0},{"damage":0.0,"enemies":"Jaw Worm","floor":2.0,"turns":4.0},{"damage":0.0,"enemies":"2 Louse","floor":4.0,"turns":2.0},{"damage":0.0,"enemies":"Looter","floor":5.0,"turns":4.0},{"damage":16.0,"enemies":"Lagavulin","floor":6.0,"turns":5.0},{"damage":6.0,"enemies":"Gremlin Nob","floor":10.0,"turns":4.0},{"damage":0.0,"enemies":"Large Slime","floor":11.0,"turns":4.0},{"damage":1.0,"enemies":"Lagavulin","floor":13.0,"turns":7.0},{"damage":0.0,"enemies":"Blue Slaver","floor":14.0,"turns":3.0},{"damage":10.0,"enemies":"Hexaghost","floor":16.0,"turns":6.0},{"damage":1.0,"enemies":"2 Thieves","floor":18.0,"turns":3.0},{"damage":0.0,"enemies":"3 Byrds","floor":19.0,"turns":2.0},{"damage":7.0,"enemies":"Sentry and Sphere","floor":22.0,"turns":4.0},{"damage":10.0,"enemies":"Slavers","floor":24.0,"turns":4.0},{"damage":0.0,"enemies":"Gremlin Leader","floor":27.0,"turns":4.0},{"damage":0.0,"enemies":"Cultist and Chosen","floor":31.0,"turns":3.0},{"damage":4.0,"enemies":"Collector","floor":33.0,"turns":4.0},{"damage":0,"enemies":"3 Shapes","floor":35,"turns":3},{"damage":0,"enemies":"Flame Bruiser 1 Orb","floor":37,"turns":2},{"damage":0,"enemies":"Spire Growth","floor":38,"turns":3},{"damage":0,"enemies":"4 Shapes","floor":39,"turns":4},{"damage":0,"enemies":"Maw","floor":41,"turns":5},{"damage":13,"enemies":"2 Orb Walkers","floor":44,"turns":4},{"damage":4,"floor":45,"turns":4},{"damage":0,"enemies":"Flame Bruiser 2 Orb","floor":46,"turns":2},{"damage":0,"enemies":"Sphere and 2 Shapes","floor":48,"turns":3},{"damage":53,"enemies":"Time Eater","floor":50,"turns":8}],"seed_played":"8171057261126190220","potions_obtained":[{"floor":1.0,"key":"FearPotion"},{"floor":5.0,"key":"Weak Potion"},{"floor":11.0,"key":"Strength Potion"},{"floor":13.0,"key":"LiquidBronze"},{"floor":16.0,"key":"AttackPotion"},{"floor":19.0,"key":"SteroidPotion"},{"floor":22.0,"key":"Fire Potion"},{"floor":24.0,"key":"FearPotion"}],"is_trial":true,"path_per_floor":["M","M","?","M","M","E","?","R","T","E","M","?","E","M","R","B",null,"M","M","?","$","M","R","E","R","T","E","$","R","$","M","R","B",null,"M","?","M","M","M","R","M","$","T","E","?","M","R","M","R"],"character_chosen":"THE_SILENT","items_purchased":["DollysMirror","Lantern"],"campfire_rested":0,"item_purchase_floors":[28,30],"current_hp_per_floor":[59,59,52,52,52,36,18,18,18,12,12,28,27,27,27,17,54,53,53,53,53,46,46,36,36,36,36,36,36,36,36,36,32,58,58,66,66,66,66,66,66,66,66,53,49,49,49,49,49,0],"gold":102,"neow_bonus":"","is_prod":false,"is_daily":false,"chose_seed":false,"campfire_upgraded":9,"win_rate":0,"timestamp":1532212125,"path_taken":["M","M","?","M","M","E","?","R","T","E","?","?","E","M","R","BOSS","M","M","?","?","?","R","E","R","T","E","?","R","$","M","R","BOSS","M","?","M","M","M","R","M","$","T","E","?","?","R","M","R","BOSS"],"build_version":"2018-07-19v2","purchased_purges":4,"victory":false,"max_hp_per_floor":[66,66,66,66,66,66,66,66,66,66,66,66,66,66,66,66,66,66,66,66,66,66,66,66,66,66,66,66,66,66,66,66,66,66,66,66,66,66,66,66,66,66,66,66,66,66,66,66,66,66],"card_choices":[{"not_picked":["Prepared","Deflect"],"picked":"Escape Plan","floor":0.0},{"not_picked":["Catalyst","Underhanded Strike"],"picked":"Cloak And Dagger","floor":0.0},{"not_picked":["Quick Slash","Distraction"],"picked":"Expertise","floor":0.0},{"not_picked":["Dodge and Roll","Slice"],"picked":"Deflect","floor":0.0},{"not_picked":["Accuracy","Eviscerate"],"picked":"Slice","floor":0.0},{"not_picked":["All Out Attack","Infinite Blades"],"picked":"Deflect","floor":0.0},{"not_picked":["Prepared","Backflip"],"picked":"Cloak And Dagger","floor":0.0},{"not_picked":["Blur","Poisoned Stab"],"picked":"Dagger Spray","floor":0.0},{"not_picked":["PiercingWail","Underhanded Strike"],"picked":"Dagger Throw","floor":0.0},{"not_picked":["Skewer","Outmaneuver"],"picked":"Finisher","floor":0.0},{"not_picked":["Setup","Infinite Blades"],"picked":"Expertise","floor":0.0},{"not_picked":["Bane","Distraction"],"picked":"Backflip","floor":0.0},{"not_picked":["Flechettes","Underhanded Strike"],"picked":"Blur","floor":0.0},{"not_picked":["Deadly Poison","Catalyst"],"picked":"Dodge and Roll","floor":0.0},{"not_picked":["Sucker Punch","PiercingWail"],"picked":"Backflip","floor":0.0},{"not_picked":["Underhanded Strike","Crippling Poison","Acrobatics"],"picked":"SKIP","floor":1.0},{"not_picked":["PiercingWail","Deflect","Accuracy"],"picked":"SKIP","floor":2.0},{"not_picked":["Venomology","Predator","Dagger Spray"],"picked":"SKIP","floor":4.0},{"not_picked":["Prepared","Acrobatics","Outmaneuver"],"picked":"SKIP","floor":5.0},{"not_picked":["Dagger Spray","Catalyst","Backflip"],"picked":"SKIP","floor":6.0},{"not_picked":["Distraction","Prepared","Riddle With Holes"],"picked":"SKIP","floor":10.0},{"not_picked":["Deadly Poison","Flying Knee","Infinite Blades"],"picked":"SKIP","floor":11.0},{"not_picked":["Underhanded Strike","Backflip","Die Die Die"],"picked":"SKIP","floor":13.0},{"not_picked":["Deadly Poison","Acrobatics","Tactician"],"picked":"SKIP","floor":14.0},{"not_picked":["Corpse Explosion","Tools of the Trade"],"picked":"Envenom","floor":16.0},{"not_picked":["Sucker Punch","Acrobatics","Poisoned Stab"],"picked":"SKIP","floor":18.0},{"not_picked":["Flying Knee","Prepared","Bane"],"picked":"SKIP","floor":19.0},{"not_picked":["Riddle With Holes","Eviscerate","Infinite Blades"],"picked":"SKIP","floor":22.0},{"not_picked":["Deadly Poison","Poisoned Stab","Bouncing Flask"],"picked":"SKIP","floor":24.0},{"not_picked":["Acrobatics","Quick Slash","Underhanded Strike"],"picked":"SKIP","floor":27.0},{"not_picked":["Expertise","Dodge and Roll","Flying Knee"],"picked":"SKIP","floor":31.0},{"not_picked":["Dagger Spray","Well Laid Plans","Acrobatics"],"picked":"SKIP","floor":35},{"not_picked":["Deflect+1","Prepared+1","PiercingWail"],"picked":"SKIP","floor":37},{"not_picked":["Underhanded Strike","Masterful Stab+1","Dagger Throw+1"],"picked":"SKIP","floor":38},{"not_picked":["Bane","Poisoned Stab+1","Deadly Poison"],"picked":"SKIP","floor":39},{"not_picked":["Escape Plan","Corpse Explosion"],"picked":"Accuracy","floor":41},{"not_picked":["Flying Knee","Heel Hook+1"],"picked":"Acrobatics+1","floor":44},{"not_picked":["Dagger Spray","Prepared+1"],"picked":"Terror","floor":46},{"not_picked":["Quick Slash+1","Poisoned Stab+1","Prepared"],"picked":"SKIP","floor":48}],"player_experience":828568,"relics_obtained":[{"floor":6.0,"key":"MawBank"},{"floor":9.0,"key":"Bronze Scales"},{"floor":10.0,"key":"Snake Skull"},{"floor":13.0,"key":"Dream Catcher"},{"floor":26.0,"key":"Orichalcum"},{"floor":27.0,"key":"Nunchaku"},{"floor":43,"key":"Meat on the Bone"},{"floor":44,"key":"Kunai"},{"floor":45,"key":"Du-Vu Doll"}],"event_choices":[{"event_name":"Golden Wing","player_choice":"Card Removal","floor":3.0,"damage_taken":0.0},{"event_name":"Scrap Ooze","player_choice":"success","floor":7.0,"damage_taken":18.0},{"event_name":"The Cleric","player_choice":"Healed","floor":12.0,"damage_taken":0.0},{"event_name":"Ghosts","player_choice":"Ignored","floor":20.0,"damage_taken":0.0},{"event_name":"Winding Halls","player_choice":"Writhe","floor":36,"damage_taken":0},{"event_name":"MindBloom","player_choice":"Fight","floor":45,"damage_taken":0}],"is_beta":false,"boss_relics":[{"not_picked":["Ring of the Serpent","White Beast Statue"],"picked":"Coffee Dripper"},{"not_picked":["Empty Cage","Calling Bell"],"picked":"Philosopher\u0027s Stone"}],"items_purged_floors":[21,28,30,42],"is_endless":false,"potions_floor_spawned":[1,5,11,13,14,16,19,22,24,35,38,44,48],"killed_by":"Time Eater","ascension_level":15}