{"gold_per_floor":[116,136,155,155,230,230,261,279,279,304,96,96,131,151,151,228,228,243,255,271,285,86,86,121,121,169,169,169,196,213,246,246,321,321,338,613,230,240,258,285,285,318,367,367,402,736,296,296,296,296,296,296,56,88,88],"floor_reached":56,"playtime":2580,"items_purged":["Strike_R","Strike_R","Regret","Strike_R","Strike_R"],"score":2353,"play_id":"6bd4e80a-d45a-48fd-b9bb-57765f505ec7","local_time":"20190220210654","is_ascension_mode":true,"campfire_choices":[{"data":"Uppercut","floor":6,"key":"SMITH"},{"data":"Inflame","floor":12,"key":"SMITH"},{"data":"Bash","floor":15,"key":"SMITH"},{"floor":23,"key":"REST"},{"floor":28,"key":"REST"},{"data":"Demon Form","floor":32,"key":"SMITH"},{"floor":41,"key":"REST"},{"floor":49,"key":"RECALL"},{"data":"Strike_R","floor":52,"key":"PURGE"}],"neow_cost":"NONE","seed_source_timestamp":45787377580687,"circlet_count":0,"master_deck":["AscendersBane","Defend_R+1","Defend_R","Defend_R+1","Defend_R","Bash+1","Anger","True Grit","Uppercut+1","Iron Wave","Inflame+1","Metallicize","Flame Barrier+1","Armaments+1","Demon Form+1","Whirlwind","Havoc+1","Shrug It Off+1","Disarm+1","Feed","Feel No Pain+1","Intimidate+1","Brutality+1","Corruption+1","Sword Boomerang","Shrug It Off+1","Shockwave+1","Feel No Pain+1","Flame Barrier+1","Headbutt+1","Sentinel+1","True Grit+1","Pummel"],"relics":["Burning Blood","Potion Belt","Anchor","Toxic Egg 2","Mummified Hand","Smiling Mask","Bronze Scales","Black Star","Oddly Smooth Stone","Frozen Egg 2","Charon\u0027s Ashes","Strawberry","Juzu Bracelet","Gambling Chip","WingedGreaves","Happy Flower","Fusion Hammer","Pear","Letter Opener","Orichalcum","War Paint","Ancient Tea Set","Peace Pipe","Bag of Preparation","Ginger","Old Coin","Du-Vu Doll","Ornamental Fan","Sundial"],"potions_floor_usage":[7,10,14,21,21,24,29,29,29,40,42,55,55,55,55,55],"damage_taken":[{"damage":1,"enemies":"Small Slimes","floor":1,"turns":4},{"damage":7,"enemies":"Jaw Worm","floor":2,"turns":3},{"damage":3,"enemies":"2 Louse","floor":3,"turns":4},{"damage":0,"enemies":"3 Sentries","floor":7,"turns":4},{"damage":0,"enemies":"Blue Slaver","floor":8,"turns":5},{"damage":39,"enemies":"Lagavulin","floor":10,"turns":7},{"damage":8,"enemies":"Gremlin Nob","floor":13,"turns":5},{"damage":0,"enemies":"Lots of Slimes","floor":14,"turns":2},{"damage":17,"enemies":"Hexaghost","floor":16,"turns":8},{"damage":25,"enemies":"Spheric Guardian","floor":18,"turns":6},{"damage":0,"enemies":"Chosen","floor":19,"turns":5},{"damage":16,"enemies":"Snake Plant","floor":20,"turns":3},{"damage":21,"enemies":"Centurion and Healer","floor":21,"turns":7},{"damage":8,"enemies":"Slavers","floor":24,"turns":5},{"damage":0,"enemies":"Gremlin Leader","floor":29,"turns":6},{"damage":5,"enemies":"3 Cultists","floor":30,"turns":4},{"damage":5,"enemies":"Book of Stabbing","floor":31,"turns":6},{"damage":42,"enemies":"Collector","floor":33,"turns":8},{"damage":23,"enemies":"3 Darklings","floor":35,"turns":9},{"damage":13,"enemies":"Orb Walker","floor":38,"turns":4},{"damage":9,"enemies":"Maw","floor":39,"turns":7},{"damage":6,"enemies":"Nemesis","floor":40,"turns":7},{"damage":6,"enemies":"Giant Head","floor":42,"turns":7},{"damage":13,"enemies":"Nemesis","floor":45,"turns":7},{"damage":10,"enemies":"Reptomancer","floor":46,"turns":7},{"damage":16,"enemies":"Donu and Deca","floor":50,"turns":7},{"damage":16,"enemies":"Shield and Spear","floor":54,"turns":6},{"damage":7,"enemies":"The Heart","floor":55,"turns":7}],"seed_played":"2996396774044020037","potions_obtained":[{"floor":2,"key":"AttackPotion"},{"floor":3,"key":"BloodPotion"},{"floor":7,"key":"BloodPotion"},{"floor":14,"key":"PowerPotion"},{"floor":19,"key":"AttackPotion"},{"floor":20,"key":"EntropicBrew"},{"floor":21,"key":"EssenceOfSteel"},{"floor":30,"key":"Swift Potion"},{"floor":39,"key":"GamblersBrew"},{"floor":40,"key":"AttackPotion"},{"floor":42,"key":"Ancient Potion"}],"is_trial":false,"path_per_floor":["M","M","M","?","?","R","E","M","T","E","$","R","E","M","R","B",null,"M","M","M","M","$","R","E","?","T","?","R","E","M","E","R","B",null,"M","?","$","M","M","E","R","E","T","?","E","E","$","?","R","B",null,"R","$","E","B",null],"character_chosen":"IRONCLAD","items_purchased":["Metallicize","Flame Barrier+1","Explosive Potion","Oddly Smooth Stone","Sword Boomerang","Pear","Strength Potion","PowerPotion","Sentinel+1","Du-Vu Doll","True Grit+1","EntropicBrew","Pummel"],"campfire_rested":3,"item_purchase_floors":[11,11,11,22,37,37,37,47,47,47,53,53,53],"current_hp_per_floor":[73,72,75,57,46,46,52,58,58,32,32,32,30,36,36,25,63,44,50,40,32,32,54,52,52,59,59,82,82,82,85,85,49,76,59,59,69,62,63,63,92,92,92,92,85,84,84,84,84,77,94,94,94,87,86],"gold":88,"neow_bonus":"RANDOM_COMMON_RELIC","is_prod":false,"is_daily":false,"chose_seed":false,"campfire_upgraded":4,"win_rate":0,"timestamp":1550725614,"path_taken":["M","M","M","?","?","R","E","M","T","E","?","R","E","M","R","BOSS","M","M","M","M","$","R","E","?","T","?","R","E","M","E","R","BOSS","M","?","$","M","M","E","R","E","T","?","E","E","$","?","R","BOSS","R","$","E","BOSS"],"build_version":"2019-01-23","purchased_purges":5,"victory":true,"max_hp_per_floor":[75,75,75,75,75,75,75,75,75,75,75,75,75,75,75,75,75,75,75,75,75,75,75,75,75,82,82,82,82,82,85,85,85,85,85,85,95,95,99,99,99,99,99,94,94,97,97,97,97,100,100,100,100,103,103],"card_choices":[{"not_picked":["True Grit","Heavy Blade"],"picked":"Anger","floor":1},{"not_picked":["Clash","Corruption"],"picked":"True Grit","floor":2},{"not_picked":["Rage","Havoc"],"picked":"Uppercut","floor":3},{"not_picked":["Dual Wield","Intimidate"],"picked":"Iron Wave","floor":7},{"not_picked":["Twin Strike","Shrug It Off+1"],"picked":"Inflame","floor":8},{"not_picked":["Combust","Cleave","Clash"],"picked":"SKIP","floor":10},{"not_picked":["Infernal Blade+1","Wild Strike"],"picked":"Armaments+1","floor":13},{"not_picked":["Anger","Searing Blow","Clash"],"picked":"SKIP","floor":14},{"not_picked":["Brutality","Exhume+1"],"picked":"Demon Form","floor":16},{"not_picked":["Anger","Cleave"],"picked":"Whirlwind","floor":18},{"not_picked":["True Grit+1","Combust"],"picked":"Havoc+1","floor":19},{"not_picked":["Wild Strike","Juggernaut","Iron Wave+1"],"picked":"SKIP","floor":20},{"not_picked":["Blood for Blood","Pommel Strike"],"picked":"Shrug It Off+1","floor":21},{"not_picked":["Flex+1","Pummel"],"picked":"Disarm+1","floor":24},{"not_picked":["Searing Blow","Flex+1"],"picked":"Feed","floor":29},{"not_picked":["Sentinel+1","Havoc+1"],"picked":"Feel No Pain+1","floor":30},{"not_picked":["Perfected Strike","Bloodletting+1"],"picked":"Intimidate+1","floor":31},{"not_picked":["Feed","Fiend Fire"],"picked":"Brutality+1","floor":33},{"not_picked":["Perfected Strike","Armaments+1"],"picked":"Corruption+1","floor":35},{"not_picked":["Rupture+1","Headbutt"],"picked":"Shrug It Off+1","floor":38},{"not_picked":["Inflame+1","Havoc+1"],"picked":"Shockwave+1","floor":39},{"not_picked":["Hemokinesis","Intimidate+1"],"picked":"Feel No Pain+1","floor":40},{"not_picked":["Inflame+1","Shockwave+1"],"picked":"Flame Barrier+1","floor":42},{"not_picked":["Bloodletting+1","Wild Strike+1"],"picked":"Headbutt+1","floor":45},{"not_picked":["Entrench+1","Rupture+1","Cleave"],"picked":"SKIP","floor":46},{"not_picked":["Dropkick","Intimidate+1","Seeing Red+1"],"picked":"SKIP","floor":54}],"player_experience":2231181,"relics_obtained":[{"floor":7,"key":"Toxic Egg 2"},{"floor":9,"key":"Mummified Hand"},{"floor":10,"key":"Smiling Mask"},{"floor":13,"key":"Bronze Scales"},{"floor":24,"key":"Frozen Egg 2"},{"floor":24,"key":"Charon\u0027s Ashes"},{"floor":26,"key":"Strawberry"},{"floor":29,"key":"Juzu Bracelet"},{"floor":29,"key":"Gambling Chip"},{"floor":31,"key":"WingedGreaves"},{"floor":31,"key":"Happy Flower"},{"floor":40,"key":"Letter Opener"},{"floor":40,"key":"Orichalcum"},{"floor":42,"key":"War Paint"},{"floor":42,"key":"Ancient Tea Set"},{"floor":45,"key":"Peace Pipe"},{"floor":45,"key":"Bag of Preparation"},{"floor":46,"key":"Ginger"},{"floor":46,"key":"Old Coin"},{"floor":54,"key":"Ornamental Fan"},{"floor":54,"key":"Sundial"}],"event_choices":[{"damage_healed":0,"gold_gain":0,"player_choice":"Success","damage_taken":18,"relics_obtained":["Anchor"],"max_hp_gain":0,"max_hp_loss":0,"event_name":"Scrap Ooze","floor":4,"gold_loss":0},{"damage_healed":0,"gold_gain":75,"player_choice":"Gather Gold","damage_taken":11,"max_hp_gain":0,"max_hp_loss":0,"event_name":"World of Goop","floor":5,"gold_loss":0},{"damage_healed":0,"gold_gain":0,"player_choice":"Ignored","damage_taken":0,"max_hp_gain":0,"max_hp_loss":0,"event_name":"The Mausoleum","floor":25,"gold_loss":0},{"damage_healed":0,"gold_gain":0,"player_choice":"Ignored","damage_taken":0,"max_hp_gain":0,"max_hp_loss":0,"event_name":"Vampires","floor":27,"gold_loss":0},{"damage_healed":0,"gold_gain":275,"player_choice":"Desecrate","damage_taken":0,"max_hp_gain":0,"max_hp_loss":0,"event_name":"Golden Shrine","floor":36,"gold_loss":0,"cards_obtained":["Regret"]},{"damage_healed":0,"gold_gain":0,"player_choice":"Max HP","damage_taken":0,"max_hp_gain":0,"max_hp_loss":5,"event_name":"Winding Halls","floor":44,"gold_loss":0},{"damage_healed":0,"gold_gain":0,"player_choice":"Ignored","damage_taken":0,"max_hp_gain":0,"max_hp_loss":0,"event_name":"Tomb of Lord Red Mask","floor":48,"gold_loss":0}],"is_beta":false,"boss_relics":[{"not_picked":["White Beast Statue","Tiny House"],"picked":"Black Star"},{"not_picked":["Philosopher\u0027s Stone","Runic Cube"],"picked":"Fusion Hammer"}],"items_purged_floors":[11,22,37,47,53],"is_endless":false,"potions_floor_spawned":[2,3,7,14,19,20,21,30,39,40,42,54],"ascension_level":15}