{"gold_per_floor":[111,129,30,44,59,59,94,94,94,126,137,152,221,221],"floor_reached":14,"playtime":647,"items_purged":[],"score":184,"play_id":"8857ece9-b933-4db9-a050-53d786a95c0d","local_time":"20181112215612","is_ascension_mode":true,"campfire_choices":[{"data":"Entrench","floor":6,"key":"SMITH"},{"data":"Body Slam","floor":8,"key":"SMITH"}],"neow_cost":"NONE","seed_source_timestamp":604928164345409,"circlet_count":0,"master_deck":["AscendersBane","Strike_R","Strike_R","Strike_R","Strike_R","Strike_R","Defend_R","Defend_R","Defend_R","Defend_R","Bash","Entrench+1","Pommel Strike","Dark Shackles","Clothesline","Battle Trance","Body Slam+1","Thunderclap","Feel No Pain","Battle Trance"],"relics":["Burning Blood","Regal Pillow","Ornamental Fan","Champion Belt"],"potions_floor_usage":[11,12,14],"damage_taken":[{"damage":4,"enemies":"Jaw Worm","floor":1,"turns":6},{"damage":10,"enemies":"Small Slimes","floor":2,"turns":4},{"damage":8,"enemies":"2 Louse","floor":4,"turns":2},{"damage":12,"enemies":"Looter","floor":5,"turns":3},{"damage":30,"enemies":"Gremlin Nob","floor":7,"turns":4},{"damage":31,"enemies":"Lagavulin","floor":10,"turns":7},{"damage":11,"enemies":"Gremlin Gang","floor":11,"turns":5},{"damage":7,"enemies":"Exordium Thugs","floor":12,"turns":5},{"damage":16,"enemies":"The Mushroom Lair","floor":14,"turns":6}],"seed_played":"325499514205940018","potions_obtained":[{"floor":1,"key":"Swift Potion"},{"floor":4,"key":"Energy Potion"},{"floor":5,"key":"Fire Potion"},{"floor":12,"key":"SpeedPotion"}],"is_trial":false,"path_per_floor":["M","M","$","M","M","R","E","R","T","E","M","M","?","?"],"character_chosen":"IRONCLAD","items_purchased":["Dark Shackles"],"campfire_rested":0,"item_purchase_floors":[3],"current_hp_per_floor":[77,73,73,71,65,65,41,41,41,16,11,10,10,0],"gold":221,"neow_bonus":"TEN_PERCENT_HP_BONUS","is_prod":false,"is_daily":false,"chose_seed":false,"campfire_upgraded":2,"win_rate":0,"timestamp":1542056172,"path_taken":["M","M","$","M","M","R","E","R","T","E","M","M","?","?"],"build_version":"2018-11-08","purchased_purges":0,"victory":false,"max_hp_per_floor":[82,82,82,82,82,82,82,82,82,82,82,82,82,82],"card_choices":[{"not_picked":["Feel No Pain","Clash"],"picked":"Entrench","floor":1},{"not_picked":["Heavy Blade","Wild Strike"],"picked":"Pommel Strike","floor":2},{"not_picked":["Sword Boomerang","Headbutt"],"picked":"Clothesline","floor":4},{"not_picked":["Clothesline","Reaper"],"picked":"Battle Trance","floor":5},{"not_picked":["Feed","Pommel Strike"],"picked":"Body Slam","floor":7},{"not_picked":["Clash","Sever Soul"],"picked":"Thunderclap","floor":10},{"not_picked":["Twin Strike","Pummel"],"picked":"Feel No Pain","floor":11},{"not_picked":["Armaments","Rampage"],"picked":"Battle Trance","floor":12}],"player_experience":326591,"relics_obtained":[{"floor":7,"key":"Regal Pillow"},{"floor":9,"key":"Ornamental Fan"},{"floor":10,"key":"Champion Belt"}],"event_choices":[{"damage_healed":0,"gold_gain":69,"player_choice":"Gained Gold","damage_taken":0,"max_hp_gain":0,"max_hp_loss":0,"event_name":"Golden Wing","floor":13,"gold_loss":0},{"damage_healed":0,"gold_gain":0,"player_choice":"Fought Mushrooms","damage_taken":0,"max_hp_gain":0,"max_hp_loss":0,"event_name":"Mushrooms","floor":14,"gold_loss":0}],"is_beta":false,"boss_relics":[],"items_purged_floors":[],"is_endless":false,"potions_floor_spawned":[1,4,5,12],"killed_by":"The Mushroom Lair","ascension_level":16}