{"gold_per_floor":[119,134,145,163,28,28,78,105,105,105,117,132,132,152,152,226,226,246,246,246,264,18,18,52,62,88,123,136,136,170,185,215,292,292,310,310,310,323,338,373,373,32,57,57,57,82,101,101,101,101],"floor_reached":50,"playtime":3727,"items_purged":["Strike_R"],"score":1249,"play_id":"d0f1dfa1-27dc-4211-a5e0-97351987d871","local_time":"20190404191818","is_ascension_mode":true,"campfire_choices":[{"data":"Bash","floor":6,"key":"SMITH"},{"data":"True Grit","floor":10,"key":"SMITH"},{"floor":13,"key":"REST"},{"data":"Twin Strike","floor":15,"key":"SMITH"},{"data":"Uppercut","floor":23,"key":"SMITH"},{"floor":29,"key":"DIG"},{"floor":32,"key":"DIG"},{"floor":41,"key":"DIG"},{"floor":45,"key":"RECALL"},{"floor":49,"key":"DIG"}],"neow_cost":"NONE","seed_source_timestamp":1338950976290700,"circlet_count":0,"master_deck":["AscendersBane","Strike_R","Strike_R","Defend_R","Defend_R","Defend_R","Defend_R","Bash+1","Wild Strike","Uppercut+1","True Grit+1","Shrug It Off","Spot Weakness","Twin Strike+1","Inflame","Ghostly Armor","Headbutt","Reaper","True Grit","J.A.X.","Disarm+1","Reaper","Shockwave","Feed+1","True Grit+1","True Grit+1","Flame Barrier+1","Thunderclap","Corruption","Reaper+1","Armaments+1","Rage+1"],"relics":["Burning Blood","Blood Vial","Pen Nib","Coffee Dripper","Matryoshka","Gremlin Horn","Strawberry","Happy Flower","Shovel","Potion Belt","Question Card","Tiny Chest","White Beast Statue","Prayer Wheel","PreservedInsect","DollysMirror","Lantern","Whetstone","Red Skull"],"potions_floor_usage":[16,16,24,24,28,33,39,46,46,46,50,50],"damage_taken":[{"damage":12,"enemies":"Small Slimes","floor":1,"turns":3},{"damage":1,"enemies":"Cultist","floor":2,"turns":3},{"damage":0,"enemies":"2 Louse","floor":3,"turns":2},{"damage":13,"enemies":"Exordium Thugs","floor":4,"turns":5},{"damage":50,"enemies":"3 Sentries","floor":8,"turns":8},{"damage":15,"enemies":"Lots of Slimes","floor":11,"turns":4},{"damage":15,"enemies":"Red Slaver","floor":12,"turns":4},{"damage":0,"enemies":"2 Fungi Beasts","floor":14,"turns":4},{"damage":0,"enemies":"Slime Boss","floor":16,"turns":3},{"damage":29,"enemies":"Shell Parasite","floor":18,"turns":4},{"damage":29,"enemies":"3 Byrds","floor":21,"turns":4},{"damage":58,"enemies":"Gremlin Leader","floor":24,"turns":6},{"damage":30,"enemies":"Cultist and Chosen","floor":25,"turns":6},{"damage":48,"enemies":"Slavers","floor":27,"turns":6},{"damage":15,"enemies":"Chosen and Byrds","floor":28,"turns":5},{"damage":10,"enemies":"Gremlin Leader","floor":30,"turns":4},{"damage":38,"enemies":"Sentry and Sphere","floor":31,"turns":6},{"damage":98,"enemies":"Automaton","floor":33,"turns":11},{"damage":37,"enemies":"Orb Walker","floor":35,"turns":5},{"damage":37,"enemies":"3 Shapes","floor":38,"turns":11},{"damage":59,"enemies":"Spire Growth","floor":39,"turns":7},{"damage":11,"enemies":"Nemesis","floor":40,"turns":11},{"damage":78,"enemies":"Reptomancer","floor":46,"turns":7},{"damage":70,"enemies":"4 Shapes","floor":47,"turns":12},{"damage":104,"enemies":"Donu and Deca","floor":50,"turns":6}],"seed_played":"-8322397121674415023","potions_obtained":[{"floor":8,"key":"FearPotion"},{"floor":12,"key":"Strength Potion"},{"floor":16,"key":"Energy Potion"},{"floor":21,"key":"Swift Potion"},{"floor":27,"key":"Fire Potion"},{"floor":28,"key":"Regen Potion"},{"floor":33,"key":"SkillPotion"},{"floor":35,"key":"SkillPotion"},{"floor":38,"key":"SmokeBomb"},{"floor":39,"key":"Ancient Potion"},{"floor":40,"key":"LiquidBronze"},{"floor":46,"key":"AttackPotion"},{"floor":47,"key":"EssenceOfSteel"}],"is_trial":false,"path_per_floor":["M","M","M","M","$","R","?","E","T","R","M","M","R","M","R","B",null,"M","?","T","M","$","R","E","M","T","E","M","R","E","M","R","B",null,"M","?","?","M","M","E","R","$","T","?","R","E","M","?","R","B"],"character_chosen":"IRONCLAD","items_purchased":["Shrug It Off","Spot Weakness","Reaper","Corruption","DollysMirror","Weak Potion"],"campfire_rested":1,"item_purchase_floors":[5,5,22,42,42,42],"current_hp_per_floor":[69,74,80,73,73,73,73,29,29,29,22,15,39,47,47,55,75,67,67,67,62,62,62,36,32,39,65,76,76,85,75,75,50,79,59,59,59,78,46,77,77,77,77,77,77,54,41,75,75,0],"gold":101,"neow_bonus":"TEN_PERCENT_HP_BONUS","is_prod":false,"is_daily":false,"chose_seed":false,"campfire_upgraded":4,"win_rate":0,"timestamp":1554401898,"path_taken":["M","M","M","M","$","R","?","E","T","R","?","M","R","M","R","BOSS","M","?","?","?","?","R","E","M","T","E","M","R","E","M","R","BOSS","M","?","?","M","M","E","R","$","T","?","R","E","?","?","R","BOSS"],"build_version":"2019-01-23","purchased_purges":1,"victory":false,"max_hp_per_floor":[82,82,82,82,82,82,82,82,82,82,82,82,82,82,82,82,82,82,82,82,82,82,82,82,82,89,89,89,89,89,89,89,89,89,89,85,85,88,88,88,88,88,88,88,88,88,92,75,75,75],"card_choices":[{"not_picked":["Clothesline","Perfected Strike"],"picked":"Wild Strike","floor":1},{"not_picked":["Twin Strike","Warcry"],"picked":"Uppercut","floor":2},{"not_picked":["Sword Boomerang","Perfected Strike"],"picked":"True Grit","floor":3},{"not_picked":["Hemokinesis","Sword Boomerang","Bloodletting"],"picked":"SKIP","floor":4},{"not_picked":["Bludgeon","Havoc"],"picked":"Twin Strike","floor":8},{"not_picked":["Warcry","Burning Pact"],"picked":"Inflame","floor":11},{"not_picked":["Uppercut","Warcry"],"picked":"Ghostly Armor","floor":12},{"not_picked":["Searing Blow","Sword Boomerang"],"picked":"Headbutt","floor":14},{"not_picked":["Impervious","Demon Form"],"picked":"Reaper","floor":16},{"not_picked":["Evolve","Perfected Strike"],"picked":"True Grit","floor":18},{"not_picked":["Clothesline","Headbutt"],"picked":"Disarm+1","floor":21},{"not_picked":["Evolve","Havoc"],"picked":"Shockwave","floor":24},{"not_picked":["Heavy Blade","Searing Blow","Blood for Blood"],"picked":"SKIP","floor":25},{"not_picked":["Demon Form","Metallicize","Bloodletting"],"picked":"SKIP","floor":27},{"not_picked":["Thunderclap","Sentinel","Pommel Strike"],"picked":"SKIP","floor":28},{"not_picked":["Perfected Strike","Berserk","Seeing Red"],"picked":"SKIP","floor":30},{"not_picked":["Thunderclap","Combust","Pommel Strike","Sword Boomerang"],"picked":"SKIP","floor":31},{"not_picked":["Barricade","Bludgeon","Offering"],"picked":"Feed","floor":33},{"not_picked":["Iron Wave","Fire Breathing","Flame Barrier"],"picked":"True Grit+1","floor":35},{"not_picked":["Clothesline","Burning Pact+1","Rampage"],"picked":"True Grit+1","floor":38},{"not_picked":["Power Through","Second Wind","Clothesline"],"picked":"Flame Barrier+1","floor":39},{"not_picked":["Heavy Blade","Whirlwind","Cleave"],"picked":"Thunderclap","floor":40},{"not_picked":["Rupture","Perfected Strike","Power Through"],"picked":"Armaments+1","floor":46},{"not_picked":["Uppercut","Carnage","True Grit"],"picked":"Rage+1","floor":47},{"not_picked":["Juggernaut","Ghostly Armor+1","Cleave+1","Warcry"],"picked":"SKIP","floor":47}],"player_experience":2504378,"relics_obtained":[{"floor":8,"key":"Blood Vial"},{"floor":9,"key":"Pen Nib"},{"floor":20,"key":"Matryoshka"},{"floor":24,"key":"Gremlin Horn"},{"floor":26,"key":"Strawberry"},{"floor":26,"key":"Happy Flower"},{"floor":27,"key":"Shovel"},{"floor":29,"key":"Potion Belt"},{"floor":30,"key":"Question Card"},{"floor":32,"key":"Tiny Chest"},{"floor":40,"key":"Prayer Wheel"},{"floor":41,"key":"PreservedInsect"},{"floor":43,"key":"Lantern"},{"floor":46,"key":"Whetstone"},{"floor":49,"key":"Red Skull"}],"event_choices":[{"damage_healed":0,"gold_gain":50,"player_choice":"Pray","damage_taken":0,"max_hp_gain":0,"max_hp_loss":0,"event_name":"Golden Shrine","floor":7,"gold_loss":0},{"damage_healed":0,"gold_gain":0,"player_choice":"Obtain J.A.X.","damage_taken":0,"max_hp_gain":0,"max_hp_loss":0,"event_name":"Drug Dealer","floor":19,"gold_loss":0,"cards_obtained":["J.A.X."]},{"damage_healed":0,"gold_gain":0,"player_choice":"Max HP","damage_taken":0,"max_hp_gain":0,"max_hp_loss":4,"event_name":"Winding Halls","floor":36,"gold_loss":0},{"cards_removed":["Strike_R"],"damage_healed":0,"gold_gain":0,"player_choice":"Removed Attack","damage_taken":0,"max_hp_gain":0,"max_hp_loss":0,"event_name":"Falling","floor":37,"gold_loss":0},{"cards_removed":["Strike_R"],"damage_healed":0,"gold_gain":0,"player_choice":"Purged","damage_taken":0,"max_hp_gain":0,"max_hp_loss":0,"event_name":"Purifier","floor":44,"gold_loss":0},{"damage_healed":75,"gold_gain":0,"player_choice":"Heal","damage_taken":0,"max_hp_gain":0,"max_hp_loss":17,"event_name":"The Moai Head","floor":48,"gold_loss":0}],"is_beta":false,"boss_relics":[{"not_picked":["Mark of Pain","Tiny House"],"picked":"Coffee Dripper"},{"not_picked":["Busted Crown","Runic Cube"],"picked":"White Beast Statue"}],"items_purged_floors":[22],"is_endless":false,"potions_floor_spawned":[8,12,14,16,21,27,28,33,35,38,39,40,46,47],"killed_by":"Donu and Deca","ascension_level":20}