{"gold_per_floor":[109,127,0,10,22,22,20,20,43,61,90,101,134,134,134,208,208,218,218,87,87,87,113,113,142,165,165,4,35,35,45,45,116,116,128,1127,1127,1146,1156,1156,669,703,751,751,765,765,294,14,14,14],"floor_reached":51,"playtime":1905,"items_purged":["Strike_R","Strike_R"],"score":1422,"play_id":"914be201-bc89-4c1a-8278-d9bd8e41c94f","local_time":"20190124210709","is_ascension_mode":true,"campfire_choices":[{"data":"Uppercut","floor":6.0,"key":"SMITH"},{"data":"Anger","floor":8,"key":"SMITH"},{"data":"Immolate","floor":15,"key":"SMITH"},{"data":"Ghostly","floor":24,"key":"SMITH"},{"data":"True Grit","floor":27,"key":"SMITH"},{"data":"Ghostly","floor":32,"key":"SMITH"},{"data":"Demon Form","floor":40,"key":"SMITH"},{"floor":44,"key":"REST"},{"data":"Feel No Pain","floor":46,"key":"SMITH"},{"data":"Feel No Pain","floor":49,"key":"SMITH"}],"neow_cost":"NONE","seed_source_timestamp":134319209763151,"circlet_count":0,"master_deck":["AscendersBane","Defend_R","Defend_R","Defend_R","Defend_R","Bash","Twin Strike","Whirlwind","Anger+1","Uppercut+1","Impervious","Armaments","Immolate+1","Impervious","Demon Form+1","Sever Soul+1","Hemokinesis+1","Burning Pact+1","Battle Trance","Ghostly+1","Ghostly+1","Ghostly","True Grit+1","Corruption+1","Flame Barrier","Disarm","Juggernaut","Feel No Pain+1","Disarm","True Grit+1","Apotheosis","Reaper","Disarm","Inflame","Feel No Pain+1","Ghostly+1"],"special_seed":0,"relics":["Burning Blood","Vajra","Potion Belt","Dream Catcher","PreservedInsect","Astrolabe","MutagenicStrength","Nilry\u0027s Codex","Kunai","Ginger","Omamori","Mercury Hourglass","Philosopher\u0027s Stone","Bag of Marbles","Bird Faced Urn","Orichalcum","Mummified Hand","Happy Flower","DollysMirror"],"potions_floor_usage":[11,16,25,25,29,33,42,50,50,50,50],"damage_taken":[{"damage":2.0,"enemies":"Jaw Worm","floor":1.0,"turns":3.0},{"damage":0.0,"enemies":"2 Louse","floor":2.0,"turns":3.0},{"damage":6.0,"enemies":"Cultist","floor":4.0,"turns":3.0},{"damage":13.0,"enemies":"Red Slaver","floor":5.0,"turns":3.0},{"damage":14.0,"enemies":"Exordium Thugs","floor":7.0,"turns":4.0},{"damage":0,"enemies":"Large Slime","floor":10,"turns":5},{"damage":8,"enemies":"Lagavulin","floor":11,"turns":7},{"damage":23,"enemies":"Gremlin Gang","floor":12,"turns":4},{"damage":14,"enemies":"3 Sentries","floor":13,"turns":4},{"damage":16,"enemies":"Slime Boss","floor":16,"turns":12},{"damage":21,"enemies":"Spheric Guardian","floor":18,"turns":4},{"damage":0,"enemies":"Gremlin Leader","floor":23,"turns":6},{"damage":5,"enemies":"Book of Stabbing","floor":25,"turns":5},{"damage":7,"enemies":"Slavers","floor":29,"turns":3},{"damage":3,"enemies":"Chosen","floor":31,"turns":4},{"damage":27,"enemies":"Automaton","floor":33,"turns":8},{"damage":17,"enemies":"3 Darklings","floor":35,"turns":5},{"damage":2,"enemies":"Orb Walker","floor":38,"turns":3},{"damage":2,"enemies":"Maw","floor":39,"turns":6},{"damage":19,"enemies":"Nemesis","floor":42,"turns":7},{"damage":5,"enemies":"4 Shapes","floor":45,"turns":4},{"damage":29,"enemies":"Time Eater","floor":50,"turns":8}],"seed_played":"-7823560274748740171","potions_obtained":[{"floor":7.0,"key":"AttackPotion"},{"floor":11,"key":"SkillPotion"},{"floor":13,"key":"Explosive Potion"},{"floor":16,"key":"FearPotion"},{"floor":31,"key":"Weak Potion"},{"floor":33,"key":"Ancient Potion"},{"floor":35,"key":"PowerPotion"},{"floor":45,"key":"LiquidBronze"}],"is_trial":false,"path_per_floor":["M","M","$","M","M","R","M","R","T","M","E","M","E","?","R","B",null,"M","?","$","?","?","E","R","E","T","R","$","E","$","M","R","B",null,"M","?","?","M","M","R","$","E","T","R","M","R","$","$","R","B",null],"character_chosen":"IRONCLAD","items_purchased":["Block Potion","Battle Trance","PowerPotion","Corruption","Flame Barrier","SkillPotion","Apotheosis","Bag of Marbles","SteroidPotion","Mummified Hand","Inflame","Happy Flower","Feel No Pain","DollysMirror"],"campfire_rested":1,"item_purchase_floors":[3,20,20,28,28,28,41,41,41,47,47,47,48,48],"current_hp_per_floor":[72,75,75,75,68,68,60,60,60,66,64,47,39,44,44,34,69,54,54,54,33,33,39,39,40,40,40,40,39,39,40,40,19,35,24,24,24,28,32,32,32,19,19,31,38,38,38,38,38,27],"gold":14,"neow_bonus":"RANDOM_COMMON_RELIC","is_prod":false,"is_daily":false,"chose_seed":false,"campfire_upgraded":9,"win_rate":0,"timestamp":1548392829,"path_taken":["M","M","$","M","M","R","M","R","T","M","E","M","E","?","R","BOSS","M","?","$","?","?","E","R","E","T","R","$","E","?","M","R","BOSS","M","?","?","?","M","R","$","E","T","R","M","R","?","$","R","BOSS"],"build_version":"2019-01-23","purchased_purges":2,"victory":true,"max_hp_per_floor":[75,75,75,75,75,75,75,75,75,75,75,75,75,80,80,80,80,80,80,80,80,40,40,40,40,40,40,40,40,40,40,40,40,40,40,40,40,40,40,40,40,40,40,40,40,40,40,40,40,40],"card_choices":[{"not_picked":["Body Slam","Thunderclap"],"picked":"Twin Strike","floor":1.0},{"not_picked":["Thunderclap","Dropkick"],"picked":"Whirlwind","floor":2.0},{"not_picked":["Intimidate","Flex"],"picked":"Anger","floor":4.0},{"not_picked":["Heavy Blade","Headbutt"],"picked":"Uppercut","floor":5.0},{"not_picked":["Wild Strike","Pommel Strike"],"picked":"Impervious","floor":7.0},{"not_picked":["Combust","Pommel Strike"],"picked":"Armaments","floor":10},{"not_picked":["Combust","Headbutt","Ghostly Armor"],"picked":"SKIP","floor":11},{"not_picked":["Sever Soul","Body Slam"],"picked":"Immolate","floor":12},{"not_picked":["Anger","Twin Strike"],"picked":"Impervious","floor":13},{"not_picked":["Exhume","Dark Embrace"],"picked":"Demon Form","floor":16},{"not_picked":["Carnage","Armaments","Sentinel"],"picked":"SKIP","floor":18},{"not_picked":["Clothesline","Rupture","Searing Blow"],"picked":"SKIP","floor":23},{"not_picked":["Headbutt","Iron Wave"],"picked":"True Grit","floor":25},{"not_picked":["Cleave","Dark Embrace"],"picked":"Disarm","floor":29},{"not_picked":["Flex","Whirlwind","Twin Strike"],"picked":"SKIP","floor":31},{"not_picked":["Berserk","Barricade"],"picked":"Juggernaut","floor":33},{"not_picked":["Perfected Strike","Spot Weakness"],"picked":"Feel No Pain","floor":35},{"not_picked":["Flex+1","Perfected Strike"],"picked":"Disarm","floor":38},{"not_picked":["Shrug It Off","Whirlwind+1"],"picked":"True Grit+1","floor":39},{"not_picked":["Hemokinesis","Sword Boomerang+1"],"picked":"Reaper","floor":42},{"not_picked":["Sentinel","Rupture+1"],"picked":"Disarm","floor":44},{"not_picked":["Iron Wave","Burning Pact","Cleave+1"],"picked":"SKIP","floor":45}],"player_experience":2050962,"relics_obtained":[{"floor":9,"key":"Potion Belt"},{"floor":11,"key":"Dream Catcher"},{"floor":13,"key":"PreservedInsect"},{"floor":21,"key":"Nilry\u0027s Codex"},{"floor":23,"key":"Kunai"},{"floor":25,"key":"Ginger"},{"floor":26,"key":"Omamori"},{"floor":29,"key":"Mercury Hourglass"},{"floor":42,"key":"Bird Faced Urn"},{"floor":43,"key":"Orichalcum"}],"event_choices":[{"damage_healed":0,"gold_gain":0,"player_choice":"Donut","damage_taken":0,"max_hp_gain":5,"max_hp_loss":0,"event_name":"Big Fish","floor":14,"gold_loss":0},{"damage_healed":0,"gold_gain":0,"player_choice":"Inject Mutagens","damage_taken":0,"relics_obtained":["MutagenicStrength"],"max_hp_gain":0,"max_hp_loss":0,"event_name":"Drug Dealer","floor":19,"gold_loss":0},{"damage_healed":0,"gold_gain":0,"player_choice":"Obtained Book","damage_taken":21,"max_hp_gain":0,"max_hp_loss":0,"event_name":"Cursed Tome","floor":21,"gold_loss":0},{"damage_healed":0,"gold_gain":0,"player_choice":"Became a Ghost","damage_taken":0,"max_hp_gain":0,"max_hp_loss":40,"event_name":"Ghosts","floor":22,"gold_loss":0,"cards_obtained":["Ghostly","Ghostly","Ghostly"]},{"damage_healed":0,"gold_gain":999,"player_choice":"Gold","damage_taken":0,"max_hp_gain":0,"max_hp_loss":0,"event_name":"MindBloom","floor":36,"gold_loss":0,"cards_obtained":["Normality","Normality"]},{"damage_healed":0,"gold_gain":0,"player_choice":"Upgraded","damage_taken":0,"max_hp_gain":0,"max_hp_loss":0,"event_name":"Upgrade Shrine","floor":37,"gold_loss":0,"cards_upgraded":["Corruption"]}],"is_beta":false,"boss_relics":[{"not_picked":["Tiny House","Empty Cage"],"picked":"Astrolabe"},{"not_picked":["Runic Cube","Coffee Dripper"],"picked":"Philosopher\u0027s Stone"}],"items_purged_floors":[3,41],"is_endless":false,"potions_floor_spawned":[7,11,13,16,23,31,33,35,38,45],"ascension_level":15}