{"gold_per_floor":[16,27,27,80,100,132,132,146,195,145,165,176,192,212,212,314,314,329,429,442,457,5,5,5,19,19,19,33,60,60,80,80,80],"floor_reached":33,"playtime":3503,"items_purged":["Strike_R"],"score":316,"play_id":"7b5d78f7-24d6-48b3-acdc-098dfa83501f","local_time":"20190507003336","is_ascension_mode":true,"campfire_choices":[{"data":"Bash","floor":7,"key":"SMITH"},{"data":"Blood for Blood","floor":15,"key":"SMITH"},{"data":"Demon Form","floor":23,"key":"SMITH"},{"floor":30,"key":"REST"},{"floor":32,"key":"REST"}],"neow_cost":"NO_GOLD","seed_source_timestamp":16905016472233,"circlet_count":0,"master_deck":["Strike_R","Strike_R","Strike_R","Defend_R","Defend_R","Defend_R","Bash+1","Feel No Pain","Ghostly Armor","Shrug It Off","Brutality","Burning Pact","Carnage","Rage","Spot Weakness","Blood for Blood+1","Demon Form+1","Sword Boomerang+1","Havoc","Sword Boomerang","Thunderclap+1","Seeing Red","Twin Strike+1","RitualDagger","Dropkick","Armaments"],"relics":["Burning Blood","Vajra","Ginger","Bag of Marbles","Runic Cube","Magic Flower","Bottled Flame","Lantern","Omamori","Darkstone Periapt","PreservedInsect"],"potions_floor_usage":[8,18,19,19,25,31,33],"damage_taken":[{"damage":7,"enemies":"2 Louse","floor":1,"turns":3},{"damage":7,"enemies":"Jaw Worm","floor":2,"turns":3},{"damage":3,"enemies":"Small Slimes","floor":5,"turns":4},{"damage":19,"enemies":"3 Sentries","floor":6,"turns":14},{"damage":6,"enemies":"3 Louse","floor":8,"turns":5},{"damage":8,"enemies":"Blue Slaver","floor":11,"turns":3},{"damage":25,"enemies":"Gremlin Gang","floor":12,"turns":5},{"damage":0,"enemies":"Exordium Thugs","floor":13,"turns":4},{"damage":5,"enemies":"3 Louse","floor":14,"turns":4},{"damage":35,"enemies":"Slime Boss","floor":16,"turns":8},{"damage":15,"enemies":"3 Byrds","floor":18,"turns":4},{"damage":0,"enemies":"Colosseum Slavers","floor":19,"turns":2},{"damage":21,"enemies":"Colosseum Nobs","floor":19,"turns":5},{"damage":22,"enemies":"Shell Parasite","floor":20,"turns":4},{"damage":43,"enemies":"Centurion and Healer","floor":21,"turns":7},{"damage":21,"enemies":"Snake Plant","floor":25,"turns":3},{"damage":10,"enemies":"Snecko","floor":28,"turns":3},{"damage":23,"enemies":"Shelled Parasite and Fungi","floor":31,"turns":4},{"damage":60,"enemies":"Automaton","floor":33,"turns":6}],"seed_played":"-109043489478832649","potions_obtained":[{"floor":1,"key":"Regen Potion"},{"floor":8,"key":"AttackPotion"},{"floor":11,"key":"Swift Potion"},{"floor":12,"key":"Energy Potion"},{"floor":16,"key":"Fire Potion"},{"floor":20,"key":"Swift Potion"},{"floor":21,"key":"EssenceOfSteel"},{"floor":28,"key":"FearPotion"}],"is_trial":false,"path_per_floor":["M","M","?","T","M","E","R","M","T","?","M","M","M","M","R","B",null,"M","?","M","M","$","R","$","M","T","?","M","T","R","M","R","B"],"character_chosen":"IRONCLAD","items_purchased":["Lantern","Omamori","Seeing Red"],"campfire_rested":2,"item_purchase_floors":[22,22,22],"current_hp_per_floor":[95,94,94,94,96,83,83,96,96,96,94,75,81,82,82,53,96,87,78,65,31,31,31,31,19,19,13,12,12,40,26,54,0],"gold":80,"neow_bonus":"TWENTY_PERCENT_HP_BONUS","is_prod":false,"is_daily":false,"chose_seed":false,"campfire_upgraded":3,"win_rate":0,"timestamp":1557200016,"path_taken":["M","M","?","?","M","E","R","M","T","?","M","M","M","M","R","BOSS","M","?","M","M","$","R","$","M","T","?","M","?","R","M","R","BOSS"],"build_version":"2019-01-23","purchased_purges":1,"victory":false,"max_hp_per_floor":[96,96,96,96,96,96,96,96,96,96,96,96,96,96,96,96,96,96,96,96,96,96,96,96,96,96,96,96,96,96,96,96,96],"card_choices":[{"not_picked":["Searing Blow","Body Slam"],"picked":"Feel No Pain","floor":1},{"not_picked":["Bloodletting","Twin Strike"],"picked":"Ghostly Armor","floor":2},{"not_picked":["Body Slam","Wild Strike"],"picked":"Shrug It Off","floor":5},{"not_picked":["Sword Boomerang","Perfected Strike"],"picked":"Brutality","floor":6},{"not_picked":["Carnage","Shrug It Off"],"picked":"Burning Pact","floor":8},{"not_picked":["Sever Soul","Armaments"],"picked":"Carnage","floor":11},{"not_picked":["Sword Boomerang","Uppercut"],"picked":"Rage","floor":12},{"not_picked":["Flame Barrier","Corruption"],"picked":"Spot Weakness","floor":13},{"not_picked":["Heavy Blade","Burning Pact"],"picked":"Blood for Blood","floor":14},{"not_picked":["Bludgeon","Immolate"],"picked":"Demon Form","floor":16},{"not_picked":["Shrug It Off","Clothesline"],"picked":"Sword Boomerang+1","floor":18},{"not_picked":["Heavy Blade","Dual Wield"],"picked":"Havoc","floor":19},{"not_picked":["Entrench","Whirlwind"],"picked":"Sword Boomerang","floor":20},{"not_picked":["Iron Wave","Anger+1"],"picked":"Thunderclap+1","floor":21},{"not_picked":["Corruption","Uppercut"],"picked":"Twin Strike+1","floor":25},{"not_picked":["Sword Boomerang","Heavy Blade"],"picked":"Dropkick","floor":28},{"not_picked":["Pommel Strike","Entrench+1"],"picked":"Armaments","floor":31}],"player_experience":197084,"relics_obtained":[{"floor":4,"key":"Vajra"},{"floor":6,"key":"Ginger"},{"floor":9,"key":"Bag of Marbles"},{"floor":19,"key":"Magic Flower"},{"floor":19,"key":"Bottled Flame"},{"floor":26,"key":"Darkstone Periapt"},{"floor":29,"key":"PreservedInsect"}],"event_choices":[{"cards_removed":["Strike_R"],"damage_healed":0,"gold_gain":0,"player_choice":"Forget","damage_taken":0,"max_hp_gain":0,"max_hp_loss":0,"event_name":"Living Wall","floor":3,"gold_loss":0},{"cards_removed":["Defend_R"],"damage_healed":0,"gold_gain":0,"player_choice":"Card Removal","damage_taken":0,"max_hp_gain":0,"max_hp_loss":0,"event_name":"The Cleric","floor":10,"gold_loss":50},{"damage_healed":0,"gold_gain":0,"player_choice":"Fight","damage_taken":0,"max_hp_gain":0,"max_hp_loss":0,"event_name":"Colosseum","floor":19,"gold_loss":0},{"damage_healed":0,"gold_gain":0,"player_choice":"Fought Nobs","damage_taken":0,"max_hp_gain":0,"max_hp_loss":0,"event_name":"Colosseum","floor":19,"gold_loss":0},{"damage_healed":0,"gold_gain":0,"player_choice":"Joined the Cult","damage_taken":6,"max_hp_gain":0,"max_hp_loss":0,"event_name":"Nest","floor":27,"gold_loss":0,"cards_obtained":["RitualDagger"]}],"is_beta":false,"boss_relics":[{"not_picked":["Black Star","Coffee Dripper"],"picked":"Runic Cube"}],"items_purged_floors":[22],"is_endless":false,"potions_floor_spawned":[1,8,11,12,16,19,20,21,28],"killed_by":"Automaton","ascension_level":3}