{"gold_per_floor":[115,115,132,148,161,186,186,218,244,260,288,300,300,270,270,349,349,349,349,197,197,197,197,197,197,197,197,197,197,197,197,197,197,197,197,197,197,197,16,16,16,16,16,16,16,16,16,16],"floor_reached":48,"playtime":2249,"items_purged":["Strike_G","Strike_G"],"score":981,"play_id":"a2cbe5d7-2d4f-4875-ae04-fe6e010b8fcb","local_time":"20190429125422","is_ascension_mode":true,"campfire_choices":[{"data":"Dagger Spray","floor":7.0,"key":"SMITH"},{"data":"Deadly Poison","floor":15.0,"key":"SMITH"},{"data":"Burst","floor":23.0,"key":"SMITH"},{"data":"Cloak And Dagger","floor":29.0,"key":"SMITH"},{"floor":32.0,"key":"REST"},{"data":"Envenom","floor":42.0,"key":"SMITH"},{"data":"Well Laid Plans","floor":44.0,"key":"SMITH"}],"neow_cost":"NONE","seed_source_timestamp":31968638977660,"circlet_count":0,"master_deck":["AscendersBane","Defend_G","Defend_G","Defend_G","Defend_G","Defend_G","Strike_G","Strike_G","Survivor","Neutralize+1","Dodge and Roll","Leg Sweep","Dagger Throw","Dagger Spray+1","Die Die Die","Cloak And Dagger+1","PiercingWail","Deadly Poison+1","After Image","Poisoned Stab","Burst+1","Caltrops","Acrobatics","Backstab","Backflip","Cloak And Dagger","Malaise","Well Laid Plans+1","Envenom+1","PiercingWail","Calculated Gamble","Expertise"],"special_seed":0,"relics":["Ring of the Snake","FaceOfCleric","Regal Pillow","Bag of Marbles","Centennial Puzzle","PreservedInsect","Ectoplasm","Ancient Tea Set","Ninja Scroll","Bronze Scales","Eternal Feather","Gremlin Horn","Pocketwatch","Omamori","Darkstone Periapt","Gambling Chip"],"potions_floor_usage":[48],"damage_taken":[{"damage":2.0,"enemies":"Cultist","floor":1.0,"turns":5.0},{"damage":0.0,"enemies":"2 Louse","floor":3.0,"turns":4.0},{"damage":1.0,"enemies":"Small Slimes","floor":4.0,"turns":4.0},{"damage":0.0,"enemies":"Looter","floor":5.0,"turns":4.0},{"damage":26.0,"enemies":"Lagavulin","floor":6.0,"turns":12.0},{"damage":10.0,"enemies":"3 Sentries","floor":8.0,"turns":5.0},{"damage":0.0,"enemies":"Large Slime","floor":10.0,"turns":5.0},{"damage":14.0,"enemies":"Lagavulin","floor":11.0,"turns":8.0},{"damage":0.0,"enemies":"3 Louse","floor":12.0,"turns":1.0},{"damage":0.0,"enemies":"Looter","floor":14.0,"turns":4.0},{"damage":2.0,"enemies":"Hexaghost","floor":16.0,"turns":12.0},{"damage":6.0,"enemies":"Chosen","floor":18.0,"turns":5.0},{"damage":0.0,"enemies":"Shell Parasite","floor":21.0,"turns":5.0},{"damage":8.0,"enemies":"3 Cultists","floor":22.0,"turns":6.0},{"damage":2.0,"enemies":"Book of Stabbing","floor":24.0,"turns":5.0},{"damage":2.0,"enemies":"Slavers","floor":27.0,"turns":2.0},{"damage":5.0,"enemies":"Sentry and Sphere","floor":28.0,"turns":7.0},{"damage":67.0,"enemies":"Collector","floor":33.0,"turns":12.0},{"damage":17.0,"enemies":"3 Darklings","floor":35.0,"turns":4.0},{"damage":0.0,"enemies":"3 Shapes","floor":38.0,"turns":8.0},{"damage":13.0,"enemies":"Nemesis","floor":40.0,"turns":9.0},{"damage":0.0,"enemies":"Mind Bloom Boss Battle","floor":41.0,"turns":7.0},{"damage":17.0,"enemies":"Spire Growth","floor":45.0,"turns":7.0},{"damage":43.0,"enemies":"Giant Head","floor":46.0,"turns":9.0},{"damage":22.0,"enemies":"2 Orb Walkers","floor":47.0,"turns":5.0},{"damage":22,"enemies":"Nemesis","floor":48,"turns":3}],"seed_played":"2453403917772310804","potions_obtained":[{"floor":3.0,"key":"Weak Potion"},{"floor":5.0,"key":"SteroidPotion"},{"floor":10.0,"key":"Energy Potion"},{"floor":11.0,"key":"Ancient Potion"},{"floor":12.0,"key":"Regen Potion"},{"floor":22.0,"key":"Swift Potion"},{"floor":27.0,"key":"Ancient Potion"},{"floor":35.0,"key":"Regen Potion"},{"floor":45.0,"key":"Energy Potion"},{"floor":47.0,"key":"EssenceOfSteel"}],"is_trial":false,"path_per_floor":["M","?","M","M","M","E","R","E","T","M","E","M","?","M","R","B",null,"M","?","$","M","M","R","E","?","T","E","M","R","?","?","R","B",null,"M","?","?","M","$","E","?","R","T","R","M","E","?","E"],"character_chosen":"THE_SILENT","items_purchased":["Caltrops","Envenom"],"campfire_rested":1,"item_purchase_floors":[20,39],"current_hp_per_floor":[57,57,58,58,59,34,34,25,25,26,13,14,14,15,15,14,61,56,56,56,72,65,65,64,64,64,63,59,59,59,35,76,10,69,53,53,53,69,69,57,58,73,73,88,72,30,9,0],"gold":16,"neow_bonus":"UPGRADE_CARD","is_prod":false,"is_daily":false,"chose_seed":false,"campfire_upgraded":6,"win_rate":0,"timestamp":1556567662,"path_taken":["M","?","M","M","?","E","R","E","T","?","E","?","?","M","R","BOSS","M","?","$","M","M","R","E","?","T","E","M","R","?","?","R","BOSS","M","?","?","M","$","E","?","R","T","R","M","E","?","E"],"build_version":"2019-01-23","purchased_purges":2,"victory":false,"max_hp_per_floor":[66,66,67,68,69,70,70,71,71,72,73,74,74,75,75,76,76,77,77,77,78,79,79,80,80,80,81,82,82,82,87,87,88,88,89,89,89,90,90,91,92,92,92,92,93,94,95,95],"card_choices":[{"not_picked":["Tactician","PiercingWail"],"picked":"Dodge and Roll","floor":1.0},{"not_picked":["Concentrate","Bane"],"picked":"Leg Sweep","floor":3.0},{"not_picked":["Leg Sweep","PiercingWail"],"picked":"Dagger Throw","floor":4.0},{"not_picked":["Masterful Stab","Backflip"],"picked":"Dagger Spray","floor":5.0},{"not_picked":["Dagger Throw","Sucker Punch"],"picked":"Die Die Die","floor":6.0},{"not_picked":["Dagger Spray","Slice"],"picked":"Cloak And Dagger","floor":8.0},{"not_picked":["Dagger Throw","Escape Plan"],"picked":"PiercingWail","floor":10.0},{"not_picked":["Deflect","Dagger Throw"],"picked":"Deadly Poison","floor":11.0},{"not_picked":["Underhanded Strike","Blade Dance"],"picked":"After Image","floor":12.0},{"not_picked":["PiercingWail","Underhanded Strike"],"picked":"Poisoned Stab","floor":14.0},{"not_picked":["Envenom","Grand Finale"],"picked":"Burst","floor":16.0},{"not_picked":["Dagger Throw","Quick Slash","Poisoned Stab"],"picked":"SKIP","floor":18.0},{"not_picked":["Flying Knee","Sucker Punch","Quick Slash"],"picked":"SKIP","floor":21.0},{"not_picked":["Slice","Accuracy"],"picked":"Acrobatics","floor":22.0},{"not_picked":["Skewer","PiercingWail"],"picked":"Backstab","floor":24.0},{"not_picked":["Acrobatics","Dash"],"picked":"Cloak And Dagger","floor":27.0},{"not_picked":["Skewer","Slice","Acrobatics"],"picked":"SKIP","floor":28.0},{"not_picked":["Tools of the Trade","Unload"],"picked":"Malaise","floor":33.0},{"not_picked":["Sucker Punch+1","Riddle With Holes+1","Quick Slash"],"picked":"SKIP","floor":35.0},{"not_picked":["Blur","Dagger Spray"],"picked":"Well Laid Plans","floor":38.0},{"not_picked":["Prepared","Quick Slash","Deadly Poison"],"picked":"SKIP","floor":40.0},{"not_picked":["Terror","Underhanded Strike+1"],"picked":"PiercingWail","floor":45.0},{"not_picked":["Backstab","Prepared"],"picked":"Calculated Gamble","floor":46.0},{"not_picked":["Outmaneuver","Prepared"],"picked":"Expertise","floor":47.0}],"player_experience":2505087,"relics_obtained":[{"floor":6.0,"key":"Regal Pillow"},{"floor":8.0,"key":"Bag of Marbles"},{"floor":9.0,"key":"Centennial Puzzle"},{"floor":11.0,"key":"PreservedInsect"},{"floor":24.0,"key":"Ancient Tea Set"},{"floor":26.0,"key":"Ninja Scroll"},{"floor":27.0,"key":"Bronze Scales"},{"floor":40.0,"key":"Gremlin Horn"},{"floor":41.0,"key":"Pocketwatch"},{"floor":43.0,"key":"Omamori"},{"floor":46.0,"key":"Darkstone Periapt"},{"floor":47.0,"key":"Gambling Chip"}],"event_choices":[{"damage_healed":0.0,"max_hp_gain":0.0,"max_hp_loss":0.0,"gold_gain":0.0,"event_name":"FaceTrader","player_choice":"Trade","floor":2.0,"gold_loss":0.0,"damage_taken":0.0,"relics_obtained":["FaceOfCleric"]},{"damage_healed":0.0,"max_hp_gain":0.0,"max_hp_loss":0.0,"gold_gain":0.0,"event_name":"Scrap Ooze","player_choice":"Fled","floor":13.0,"gold_loss":0.0,"damage_taken":0.0},{"damage_healed":0.0,"max_hp_gain":0.0,"max_hp_loss":0.0,"gold_gain":0.0,"event_name":"The Library","player_choice":"Read","floor":25.0,"gold_loss":0.0,"damage_taken":0.0,"cards_obtained":["Backflip"]},{"damage_healed":0.0,"max_hp_gain":0.0,"max_hp_loss":0.0,"gold_gain":0.0,"event_name":"Ghosts","player_choice":"Ignored","floor":30.0,"gold_loss":0.0,"damage_taken":0.0},{"damage_healed":0.0,"max_hp_gain":5.0,"max_hp_loss":0.0,"gold_gain":0.0,"event_name":"Forgotten Altar","player_choice":"Shed Blood","floor":31.0,"gold_loss":0.0,"damage_taken":29.0},{"damage_healed":0.0,"max_hp_gain":0.0,"max_hp_loss":0.0,"gold_gain":0.0,"event_name":"SensoryStone","player_choice":"Memory 1","floor":36.0,"gold_loss":0.0,"damage_taken":0.0},{"cards_removed":["Strike_G"],"damage_healed":0.0,"max_hp_gain":0.0,"max_hp_loss":0.0,"gold_gain":0.0,"event_name":"Falling","player_choice":"Removed Attack","floor":37.0,"gold_loss":0.0,"damage_taken":0.0},{"damage_healed":0.0,"max_hp_gain":0.0,"max_hp_loss":0.0,"gold_gain":0.0,"event_name":"MindBloom","player_choice":"Fight","floor":41.0,"gold_loss":0.0,"damage_taken":0.0},{"damage_healed":0.0,"max_hp_gain":0.0,"max_hp_loss":0.0,"gold_gain":0.0,"event_name":"Mysterious Sphere","player_choice":"Fight","floor":47.0,"gold_loss":0.0,"damage_taken":0.0}],"is_beta":false,"boss_relics":[{"not_picked":["Pandora\u0027s Box","Ring of the Serpent"],"picked":"Ectoplasm"},{"not_picked":["Velvet Choker","HoveringKite"],"picked":"Eternal Feather"}],"items_purged_floors":[20,39],"is_endless":false,"potions_floor_spawned":[3,5,10,11,12,16,22,27,28,35,45,47],"killed_by":"Nemesis","ascension_level":15}