{"gold_per_floor":[109,109,124,136,148,148,163,163,213,213,213,223,51,126,126,126],"floor_reached":16,"playtime":276,"items_purged":["Strike_B"],"score":184,"play_id":"a1e8a56c-d0cf-4014-ba70-78da84129941","local_time":"20181213025029","is_ascension_mode":true,"campfire_choices":[{"data":"Sunder","floor":6,"key":"SMITH"},{"data":"Defragment","floor":8,"key":"SMITH"},{"data":"Zap","floor":10,"key":"SMITH"},{"floor":15,"key":"REST"}],"neow_cost":"NONE","seed_source_timestamp":109692349775692,"circlet_count":0,"master_deck":["AscendersBane","Strike_B","Strike_B","Strike_B","Defend_B","Defend_B","Defend_B","Defend_B","Zap+1","Dualcast","Sunder+1","Loop","Ball Lightning","Defragment+1","Steam","Glacier","Conserve Battery","Self Repair"],"relics":["Cracked Core","NeowsBlessing","Art of War","Matryoshka"],"potions_floor_usage":[7,16],"damage_taken":[{"damage":0,"enemies":"Jaw Worm","floor":1,"turns":1},{"damage":0,"enemies":"Small Slimes","floor":3,"turns":1},{"damage":0,"enemies":"Cultist","floor":4,"turns":1},{"damage":11,"enemies":"Blue Slaver","floor":5,"turns":3},{"damage":21,"enemies":"Exordium Thugs","floor":7,"turns":5},{"damage":0,"enemies":"2 Fungi Beasts","floor":12,"turns":2},{"damage":0,"enemies":"Hexaghost","floor":16,"turns":9}],"seed_played":"5184692950014404811","potions_obtained":[{"floor":1,"key":"Block Potion"},{"floor":3,"key":"Dexterity Potion"}],"is_trial":false,"path_per_floor":["M","?","M","M","M","R","M","R","T","R","?","M","$","?","R","B"],"character_chosen":"DEFECT","items_purchased":["Conserve Battery","Self Repair"],"campfire_rested":1,"item_purchase_floors":[13,13],"current_hp_per_floor":[64,64,64,64,53,53,32,32,32,32,14,14,14,3,24,24],"gold":126,"neow_bonus":"THREE_ENEMY_KILL","is_prod":false,"is_daily":false,"chose_seed":false,"campfire_upgraded":3,"win_rate":0,"timestamp":1544687429,"path_taken":["M","?","M","M","M","R","M","R","T","R","?","M","$","?","R","BOSS"],"build_version":"2018-12-12","purchased_purges":1,"victory":false,"max_hp_per_floor":[71,71,71,71,71,71,71,71,71,71,71,71,71,71,71,71],"card_choices":[{"not_picked":["Stack","Hologram"],"picked":"Sunder","floor":1},{"not_picked":["Skim","Chill"],"picked":"Loop","floor":3},{"not_picked":["Rebound","Blizzard"],"picked":"Ball Lightning","floor":4},{"not_picked":["Streamline","Compile Driver"],"picked":"Defragment","floor":5},{"not_picked":["Rip and Tear","Barrage"],"picked":"Steam","floor":7},{"not_picked":["Leap","Redo"],"picked":"Glacier","floor":12}],"player_experience":1377143,"relics_obtained":[{"floor":9,"key":"Art of War"}],"event_choices":[{"damage_healed":0,"gold_gain":0,"player_choice":"Ignored","damage_taken":0,"max_hp_gain":0,"max_hp_loss":0,"event_name":"Liars Game","floor":2,"gold_loss":0},{"damage_healed":0,"gold_gain":0,"player_choice":"Success","damage_taken":18,"relics_obtained":["Matryoshka"],"max_hp_gain":0,"max_hp_loss":0,"event_name":"Scrap Ooze","floor":11,"gold_loss":0},{"damage_healed":0,"gold_gain":75,"player_choice":"Gather Gold","damage_taken":11,"max_hp_gain":0,"max_hp_loss":0,"event_name":"World of Goop","floor":14,"gold_loss":0}],"is_beta":true,"boss_relics":[],"items_purged_floors":[13],"is_endless":false,"potions_floor_spawned":[1,3,5],"killed_by":"Hexaghost","ascension_level":20}