{"gold_per_floor":[118,118,131,131,148,148,176,193,193,193,118,68,68,97,97,193,193,213,6,19,19,31,31,31,31,31,31,47,47,47,65,65,65],"floor_reached":33,"playtime":1388,"items_purged":["Strike_R"],"score":445,"play_id":"f1189568-4cf1-4b34-baa0-15ac4d716dfc","local_time":"20190417085545","is_ascension_mode":true,"campfire_choices":[{"data":"Bash","floor":6,"key":"SMITH"},{"data":"Rampage","floor":10,"key":"SMITH"},{"data":"Clothesline","floor":13,"key":"SMITH"},{"floor":15,"key":"REST"},{"data":"Entrench","floor":23,"key":"SMITH"},{"data":"Impervious","floor":25,"key":"SMITH"},{"floor":27,"key":"REST"},{"floor":32,"key":"REST"}],"neow_cost":"NONE","seed_source_timestamp":430436618885300,"circlet_count":0,"master_deck":["AscendersBane","Strike_R","Strike_R","Strike_R","Defend_R","Defend_R","Defend_R","Defend_R","Bash+1","Cleave","Clothesline+1","Rampage+1","Impervious+1","Warcry+1","Warcry+1","Entrench+1","Entrench+1","Disarm","Iron Wave+1"],"relics":["Burning Blood","Ancient Tea Set","Bottled Lightning","Kunai","Anchor","Mark of Pain","Medical Kit","Bronze Scales","Enchiridion"],"potions_floor_usage":[7,14,18,22],"damage_taken":[{"damage":3,"enemies":"Small Slimes","floor":1,"turns":4},{"damage":6,"enemies":"Jaw Worm","floor":3,"turns":5},{"damage":1,"enemies":"Cultist","floor":5,"turns":3},{"damage":30,"enemies":"Lagavulin","floor":7,"turns":6},{"damage":6,"enemies":"Looter","floor":8,"turns":4},{"damage":14,"enemies":"3 Sentries","floor":14,"turns":6},{"damage":56,"enemies":"Slime Boss","floor":16,"turns":13},{"damage":26,"enemies":"Spheric Guardian","floor":18,"turns":5},{"damage":0,"enemies":"Chosen","floor":20,"turns":4},{"damage":27,"enemies":"Shelled Parasite and Fungi","floor":22,"turns":7},{"damage":30,"enemies":"Centurion and Healer","floor":28,"turns":7},{"damage":6,"enemies":"Cultist and Chosen","floor":31,"turns":8},{"damage":54,"enemies":"Champ","floor":33,"turns":14}],"seed_played":"-5985955061302765320","potions_obtained":[{"floor":5,"key":"Weak Potion"},{"floor":8,"key":"SneckoOil"},{"floor":16,"key":"Dexterity Potion"},{"floor":20,"key":"Fire Potion"}],"is_trial":false,"path_per_floor":["M","?","M","T","M","R","E","M","T","R","$","?","R","E","R","B",null,"M","$","M","?","M","R","?","R","T","R","M","$","?","M","R","B"],"character_chosen":"IRONCLAD","items_purchased":["Medical Kit"],"campfire_rested":3,"item_purchase_floors":[19],"current_hp_per_floor":[75,75,75,75,80,80,56,56,56,56,56,56,56,48,72,22,66,46,46,52,52,31,31,31,31,31,55,31,31,15,15,39,0],"gold":65,"neow_bonus":"RANDOM_COMMON_RELIC","is_prod":false,"is_daily":false,"chose_seed":false,"campfire_upgraded":5,"win_rate":0,"timestamp":1555480545,"path_taken":["M","?","M","?","?","R","E","M","T","R","$","?","R","E","R","BOSS","M","$","M","?","M","R","?","R","T","R","?","?","?","M","R","BOSS"],"build_version":"2019-01-23","purchased_purges":1,"victory":false,"max_hp_per_floor":[80,80,80,80,80,80,80,80,80,80,80,80,80,80,80,80,80,80,80,80,80,80,80,80,80,80,80,80,80,80,80,80,80],"card_choices":[{"not_picked":["True Grit","Iron Wave"],"picked":"Cleave","floor":1},{"not_picked":["Flex","Sword Boomerang","Perfected Strike"],"picked":"SKIP","floor":3},{"not_picked":["Anger","Metallicize","Seeing Red"],"picked":"SKIP","floor":5},{"not_picked":["Perfected Strike","Feel No Pain"],"picked":"Clothesline","floor":7},{"not_picked":["Iron Wave","Cleave"],"picked":"Rampage","floor":8},{"not_picked":["Clash","Havoc","Flex"],"picked":"SKIP","floor":14},{"not_picked":["Berserk","Feed"],"picked":"Impervious","floor":16},{"not_picked":["Rage","Havoc"],"picked":"Warcry+1","floor":18},{"not_picked":["Anger","Armaments"],"picked":"Warcry+1","floor":20},{"not_picked":["Shrug It Off","Iron Wave"],"picked":"Entrench","floor":22},{"not_picked":["Clash+1","Shrug It Off"],"picked":"Disarm","floor":28},{"not_picked":["Pommel Strike","Havoc"],"picked":"Iron Wave+1","floor":31}],"player_experience":285274,"relics_obtained":[{"floor":7,"key":"Bottled Lightning"},{"floor":9,"key":"Kunai"},{"floor":14,"key":"Anchor"},{"floor":26,"key":"Bronze Scales"},{"floor":30,"key":"Enchiridion"}],"event_choices":[{"damage_healed":0,"gold_gain":0,"player_choice":"Ignored","damage_taken":0,"max_hp_gain":0,"max_hp_loss":0,"event_name":"Liars Game","floor":2,"gold_loss":0},{"cards_removed":["Strike_R"],"damage_healed":0,"gold_gain":0,"player_choice":"Card Removal","damage_taken":0,"max_hp_gain":0,"max_hp_loss":0,"event_name":"The Cleric","floor":12,"gold_loss":50},{"damage_healed":0,"gold_gain":0,"player_choice":"Ignored","damage_taken":0,"max_hp_gain":0,"max_hp_loss":0,"event_name":"Beggar","floor":21,"gold_loss":0},{"damage_healed":0,"gold_gain":0,"player_choice":"Copied","damage_taken":0,"max_hp_gain":0,"max_hp_loss":0,"event_name":"Duplicator","floor":24,"gold_loss":0,"cards_obtained":["Entrench"]},{"damage_healed":0,"gold_gain":0,"player_choice":"Obtained Book","damage_taken":16,"max_hp_gain":0,"max_hp_loss":0,"event_name":"Cursed Tome","floor":30,"gold_loss":0}],"is_beta":false,"boss_relics":[{"not_picked":["Astrolabe","Empty Cage"],"picked":"Mark of Pain"}],"items_purged_floors":[11],"is_endless":false,"potions_floor_spawned":[5,8,16,20],"killed_by":"Champ","ascension_level":12}