{"gold_per_floor":[113,113,129,146,146,146,173,173,196,216,226,260,260,271,271,374,374,388,313,2,2,15,31,64,64,91,119,119,119,148,160,160,160],"floor_reached":33,"playtime":2435,"items_purged":[],"score":378,"play_id":"ade3d079-b12d-45ce-a9da-078afac17b7a","local_time":"20181112200206","is_ascension_mode":true,"campfire_choices":[{"data":"Good Instincts","floor":6,"key":"SMITH"},{"data":"Shockwave","floor":8,"key":"SMITH"},{"data":"Uppercut","floor":13,"key":"SMITH"},{"data":"Disarm","floor":15,"key":"SMITH"},{"floor":25,"key":"DIG"},{"data":"Disarm","floor":28,"key":"SMITH"},{"floor":32,"key":"DIG"}],"neow_cost":"TEN_PERCENT_HP_LOSS","seed_source_timestamp":2530909533522410,"circlet_count":0,"master_deck":["Strike_R","Strike_R","Strike_R","Strike_R","Defend_R","Defend_R","Defend_R","Defend_R","Bash","Whirlwind","Good Instincts+1","Carnage","Shockwave+1","Shrug It Off","Pommel Strike","Uppercut+1","Disarm+1","Reaper","Disarm+1","Headbutt+1","Pommel Strike+1","Disarm","Impatience","Iron Wave+1"],"relics":["Burning Blood","Charon\u0027s Ashes","Orichalcum","Red Skull","Blood Vial","Velvet Choker","Shovel","Ancient Tea Set","Boot","PreservedInsect","The Courier","Du-Vu Doll","Lantern"],"potions_floor_usage":[7,12,24,33,33,33],"damage_taken":[{"damage":0,"enemies":"Small Slimes","floor":1,"turns":3},{"damage":1,"enemies":"Cultist","floor":3,"turns":3},{"damage":9,"enemies":"Jaw Worm","floor":4,"turns":3},{"damage":10,"enemies":"3 Sentries","floor":7,"turns":5},{"damage":4,"enemies":"Blue Slaver","floor":10,"turns":3},{"damage":8,"enemies":"Lots of Slimes","floor":11,"turns":3},{"damage":10,"enemies":"Gremlin Nob","floor":12,"turns":4},{"damage":4,"enemies":"Large Slime","floor":14,"turns":5},{"damage":20,"enemies":"Hexaghost","floor":16,"turns":11},{"damage":6,"enemies":"Chosen","floor":18,"turns":3},{"damage":0,"enemies":"3 Byrds","floor":22,"turns":5},{"damage":2,"enemies":"3 Cultists","floor":23,"turns":4},{"damage":27,"enemies":"Slavers","floor":24,"turns":5},{"damage":11,"enemies":"Book of Stabbing","floor":27,"turns":4},{"damage":18,"enemies":"Slavers","floor":30,"turns":4},{"damage":20,"enemies":"Centurion and Healer","floor":31,"turns":7},{"damage":59,"enemies":"Collector","floor":33,"turns":7}],"seed_played":"-7122723883810498711","potions_obtained":[{"floor":1,"key":"Fire Potion"},{"floor":3,"key":"Dexterity Potion"},{"floor":10,"key":"Block Potion"},{"floor":12,"key":"Energy Potion"},{"floor":22,"key":"Dexterity Potion"},{"floor":27,"key":"Strength Potion"},{"floor":30,"key":"Fire Potion"}],"is_trial":false,"path_per_floor":["M","?","M","M","$","R","E","R","T","M","M","E","R","M","R","B",null,"M","?","$","?","M","M","E","R","T","E","R","?","E","M","R","B"],"character_chosen":"IRONCLAD","items_purchased":["Shovel"],"campfire_rested":0,"item_purchase_floors":[20],"current_hp_per_floor":[72,72,72,69,69,69,65,65,65,67,65,61,61,65,65,53,72,72,72,72,72,72,72,57,57,57,54,54,54,58,54,54,0],"gold":160,"neow_bonus":"ONE_RARE_RELIC","is_prod":false,"is_daily":false,"chose_seed":false,"campfire_upgraded":5,"win_rate":0,"timestamp":1542070926,"path_taken":["M","?","?","M","$","R","E","R","T","M","M","E","R","?","R","BOSS","M","?","$","?","M","M","E","R","T","E","R","?","E","M","R","BOSS"],"build_version":"2018-11-08","purchased_purges":0,"victory":false,"max_hp_per_floor":[72,72,72,72,72,72,72,72,72,72,72,72,72,72,72,72,72,72,72,72,72,72,72,72,72,72,72,72,72,72,72,72,72],"card_choices":[{"not_picked":["Shrug It Off","Searing Blow"],"picked":"Whirlwind","floor":1},{"not_picked":["Intimidate","Iron Wave"],"picked":"Shockwave","floor":3},{"not_picked":["Body Slam","Feel No Pain"],"picked":"Shrug It Off","floor":4},{"not_picked":["Shockwave","Armaments"],"picked":"Pommel Strike","floor":7},{"not_picked":["Clash","Iron Wave"],"picked":"Uppercut","floor":10},{"not_picked":["Headbutt","Combust"],"picked":"Disarm","floor":11},{"not_picked":["Feel No Pain","Combust","Anger"],"picked":"SKIP","floor":12},{"not_picked":["Anger","Wild Strike","Armaments"],"picked":"SKIP","floor":14},{"not_picked":["Impervious","Brutality"],"picked":"Reaper","floor":16},{"not_picked":["Perfected Strike+1","Armaments","Sword Boomerang"],"picked":"SKIP","floor":18},{"not_picked":["Perfected Strike","Body Slam"],"picked":"Headbutt+1","floor":22},{"not_picked":["Immolate","Sword Boomerang"],"picked":"Pommel Strike+1","floor":23},{"not_picked":["Pommel Strike","Iron Wave"],"picked":"Disarm","floor":24},{"not_picked":["Flex","Clash+1","Hemokinesis"],"picked":"SKIP","floor":27},{"not_picked":["Twin Strike","Bludgeon","Cleave"],"picked":"SKIP","floor":30},{"not_picked":["Burning Pact","Sword Boomerang+1"],"picked":"Iron Wave+1","floor":31}],"player_experience":125125,"relics_obtained":[{"floor":7,"key":"Orichalcum"},{"floor":9,"key":"Red Skull"},{"floor":12,"key":"Blood Vial"},{"floor":24,"key":"Ancient Tea Set"},{"floor":25,"key":"Boot"},{"floor":26,"key":"PreservedInsect"},{"floor":27,"key":"The Courier"},{"floor":30,"key":"Du-Vu Doll"},{"floor":32,"key":"Lantern"}],"event_choices":[{"damage_healed":0,"gold_gain":0,"player_choice":"2 cards matched","damage_taken":0,"max_hp_gain":0,"max_hp_loss":0,"event_name":"Match and Keep!","floor":2,"gold_loss":0,"cards_obtained":["Good Instincts","Carnage"]},{"cards_removed":["Strike_R"],"damage_healed":0,"gold_gain":0,"player_choice":"Gave Gold","damage_taken":0,"max_hp_gain":0,"max_hp_loss":0,"event_name":"Beggar","floor":19,"gold_loss":75},{"damage_healed":0,"gold_gain":0,"player_choice":"Read","damage_taken":0,"max_hp_gain":0,"max_hp_loss":0,"event_name":"The Library","floor":21,"gold_loss":0,"cards_obtained":["Disarm"]},{"damage_healed":0,"gold_gain":0,"player_choice":"1 cards matched","damage_taken":0,"max_hp_gain":0,"max_hp_loss":0,"event_name":"Match and Keep!","floor":29,"gold_loss":0,"cards_obtained":["Impatience"]}],"is_beta":false,"boss_relics":[{"not_picked":["Orrery","Fusion Hammer"],"picked":"Velvet Choker"}],"items_purged_floors":[],"is_endless":false,"potions_floor_spawned":[1,3,10,12,22,27,30],"killed_by":"Collector","ascension_level":4}