{"gold_per_floor":[117,19,29,29,45,45,75,92,164,183,183,183,208,231,231,356,419,435,448,363,388,388,388,407,430,430,444,468,143,143,167,167,167],"floor_reached":33,"playtime":5275,"items_purged":["Strike_R"],"score":255,"play_id":"a00c88a1-0126-4fc1-bef4-c80209b0f48e","local_time":"20180731192520","is_ascension_mode":false,"campfire_choices":[{"data":"Defend_R","floor":6.0,"key":"SMITH"},{"data":"Iron Wave","floor":12.0,"key":"SMITH"},{"data":"Clash","floor":15.0,"key":"SMITH"},{"data":"True Grit","floor":23.0,"key":"SMITH"},{"floor":30,"key":"REST"},{"data":"Clothesline","floor":32,"key":"SMITH"}],"neow_cost":"NONE","seed_source_timestamp":0,"circlet_count":0,"master_deck":["Strike_R","Strike_R","Strike_R","Strike_R","Defend_R","Defend_R","Defend_R","Defend_R+1","Bash+1","Clothesline+1","Clash+1","Intimidate","Armaments+1","Thunderclap","True Grit+1","Perfected Strike","Iron Wave+1","Sword Boomerang","Immolate","Ghostly Armor","Feel No Pain+1","Sword Boomerang+1","Infernal Blade+1"],"special_seed":0,"relics":["Burning Blood","Turnip","Meat on the Bone","Golden Idol","Tiny House","Regal Pillow","Singing Bowl","Paper Frog"],"potions_floor_usage":[27,28,31,33],"damage_taken":[{"damage":5.0,"enemies":"Cultist","floor":1.0,"turns":4.0},{"damage":0.0,"enemies":"2 Louse","floor":3.0,"turns":2.0},{"damage":0.0,"enemies":"Small Slimes","floor":5.0,"turns":3.0},{"damage":11.0,"enemies":"3 Sentries","floor":7.0,"turns":6.0},{"damage":0.0,"enemies":"Blue Slaver","floor":8.0,"turns":4.0},{"damage":1.0,"enemies":"Red Slaver","floor":10.0,"turns":4.0},{"damage":1.0,"enemies":"Exordium Wildlife","floor":13.0,"turns":3.0},{"damage":3.0,"enemies":"Looter","floor":14.0,"turns":3.0},{"damage":1.0,"enemies":"Slime Boss","floor":16.0,"turns":10.0},{"damage":15.0,"enemies":"3 Byrds","floor":18.0,"turns":6.0},{"damage":24.0,"enemies":"Chosen","floor":19.0,"turns":7.0},{"damage":21.0,"enemies":"Slaver and Parasite","floor":21.0,"turns":11.0},{"damage":26.0,"enemies":"Snake Plant","floor":24.0,"turns":7.0},{"damage":25.0,"enemies":"Sentry and Sphere","floor":25.0,"turns":9.0},{"damage":9,"enemies":"Centurion and Healer","floor":27,"turns":9},{"damage":13,"enemies":"Snake Plant","floor":28,"turns":5},{"damage":14,"enemies":"Slaver and Parasite","floor":31,"turns":8},{"damage":86,"enemies":"Automaton","floor":33,"turns":10}],"seed_played":"3622328399296413559","potions_obtained":[{"floor":3.0,"key":"GamblersBrew"},{"floor":5.0,"key":"Fire Potion"},{"floor":17.0,"key":"Poison Potion"},{"floor":19.0,"key":"SteroidPotion"},{"floor":21.0,"key":"GamblersBrew"},{"floor":24.0,"key":"Fire Potion"},{"floor":27,"key":"Fire Potion"},{"floor":31,"key":"SteroidPotion"}],"is_trial":false,"path_per_floor":["M","$","M","?","M","R","E","M","T","M","?","R","M","M","R","B",null,"M","M","?","M","?","R","M","M","T","M","M","$","R","M","R"],"character_chosen":"IRONCLAD","items_purchased":["Clash","Intimidate","Paper Frog"],"campfire_rested":1,"item_purchase_floors":[2,2,29],"current_hp_per_floor":[80,80,80,80,80,80,75,80,80,80,60,60,65,68,68,73,85,76,58,58,55,55,55,47,40,40,57,52,52,89,83,83,0],"gold":167,"neow_bonus":"THREE_SMALL_POTIONS","is_prod":false,"is_daily":false,"chose_seed":false,"campfire_upgraded":5,"win_rate":0,"timestamp":1533090320,"path_taken":["M","$","M","?","M","R","E","M","T","M","?","R","M","M","R","BOSS","M","M","?","M","?","R","M","?","T","M","M","$","R","M","R","BOSS"],"build_version":"2018-07-26","purchased_purges":1,"victory":false,"max_hp_per_floor":[80,80,80,80,80,80,80,80,80,80,80,80,80,80,80,80,85,85,85,85,85,85,85,85,85,85,87,89,89,89,91,91,91],"card_choices":[{"not_picked":["Dual Wield","Havoc"],"picked":"Clothesline","floor":1.0},{"not_picked":["Twin Strike","Brutality"],"picked":"Armaments","floor":3.0},{"not_picked":["Cleave","Shrug It Off"],"picked":"Thunderclap","floor":5.0},{"not_picked":["Ghostly Armor","Blood for Blood"],"picked":"True Grit","floor":7.0},{"not_picked":["Havoc","Flex"],"picked":"Perfected Strike","floor":8.0},{"not_picked":["Spot Weakness","Body Slam"],"picked":"Iron Wave","floor":10.0},{"not_picked":["Armaments","Body Slam","Heavy Blade"],"picked":"SKIP","floor":13.0},{"not_picked":["Flame Barrier","Limit Break"],"picked":"Sword Boomerang","floor":14.0},{"not_picked":["Reaper","Limit Break"],"picked":"Immolate","floor":16.0},{"not_picked":["Shrug It Off","Second Wind+1"],"picked":"Ghostly Armor","floor":18.0},{"not_picked":["Inflame","Intimidate+1"],"picked":"Feel No Pain+1","floor":19.0},{"not_picked":["Warcry","Exhume","Sword Boomerang+1"],"picked":"SKIP","floor":21.0},{"not_picked":["Warcry","Wild Strike"],"picked":"Sword Boomerang+1","floor":24.0},{"not_picked":["Shrug It Off","Clothesline"],"picked":"Infernal Blade+1","floor":25.0},{"not_picked":["Havoc","Warcry","Headbutt+1"],"picked":"Singing Bowl","floor":27},{"not_picked":["Searing Blow+1","Pummel","True Grit"],"picked":"Singing Bowl","floor":28},{"not_picked":["Twin Strike","Iron Wave+1","Warcry+1"],"picked":"Singing Bowl","floor":31}],"player_experience":954165,"relics_obtained":[{"floor":7.0,"key":"Turnip"},{"floor":9.0,"key":"Meat on the Bone"},{"floor":26.0,"key":"Singing Bowl"}],"event_choices":[{"event_name":"Accursed Blacksmith","player_choice":"Forge","floor":4.0,"damage_taken":0.0},{"event_name":"Golden Idol","player_choice":"Take Damage","floor":11.0,"damage_taken":0.0},{"event_name":"Addict","player_choice":"Obtained Relic","floor":20.0,"damage_taken":0.0},{"event_name":"Drug Dealer","player_choice":"Ignored","floor":22.0,"damage_taken":0.0}],"is_beta":false,"boss_relics":[{"not_picked":["Calling Bell","Empty Cage"],"picked":"Tiny House"}],"items_purged_floors":[29],"is_endless":false,"potions_floor_spawned":[1,3,5,8,13,19,21,24,27,31],"killed_by":"Automaton","ascension_level":0}