{"gold_per_floor":[361,44,64,44,58,88,88,98,123,133,149,167,167,193,193,265,265,283,95,107,107,7,39,39,71,142,168,168,93,93,118,118,193,193,211,229,248,248,262,262,273,273,273,273,299,299,309,29,29,29],"floor_reached":51,"playtime":1973,"items_purged":["Strike_G","Strike_G","Well Laid Plans"],"score":1608,"play_id":"9aca4b02-88fe-4cad-9939-64c44b02fff3","local_time":"20190124214051","is_ascension_mode":true,"campfire_choices":[{"data":"Crippling Poison","floor":7.0,"key":"SMITH"},{"floor":13.0,"key":"REST"},{"data":"Neutralize","floor":15.0,"key":"SMITH"},{"data":"Catalyst","floor":24.0,"key":"SMITH"},{"data":"Noxious Fumes","floor":28,"key":"SMITH"},{"floor":32,"key":"REST"},{"data":"Adrenaline","floor":40,"key":"SMITH"},{"data":"Night Terror","floor":42,"key":"SMITH"},{"data":"Dodge and Roll","floor":44,"key":"SMITH"},{"data":"Malaise","floor":46,"key":"SMITH"},{"data":"Survivor","floor":49,"key":"SMITH"}],"neow_cost":"PERCENT_DAMAGE","seed_source_timestamp":136274855814216,"circlet_count":0,"master_deck":["AscendersBane","Defend_G","Defend_G","Defend_G","Defend_G","Defend_G","Strike_G","Strike_G+1","Survivor+1","Neutralize+1","Masterful Stab+1","Dagger Throw","Crippling Poison+1","Dagger Spray","Glass Knife","Deadly Poison","Deflect","Corpse Explosion","Burst+1","Noxious Fumes+1","Catalyst+1","Deflect","Dodge and Roll+1","Adrenaline+1","Night Terror+1","PiercingWail","Deadly Poison","Flechettes","Malaise+1","Noxious Fumes+1"],"special_seed":0,"relics":["Ring of the Snake","TwistedFunnel","Potion Belt","PreservedInsect","Ancient Tea Set","Runic Pyramid","Frozen Egg 2","Art of War","Sundial","Matryoshka","Whetstone","Omamori","Eternal Feather","Lantern","Incense Burner","Oddly Smooth Stone"],"potions_floor_usage":[35,45,50,50,50,50],"damage_taken":[{"damage":2.0,"enemies":"Small Slimes","floor":1.0,"turns":4.0},{"damage":0.0,"enemies":"Cultist","floor":3.0,"turns":2.0},{"damage":0.0,"enemies":"2 Louse","floor":5.0,"turns":2.0},{"damage":4.0,"enemies":"3 Sentries","floor":6.0,"turns":6.0},{"damage":0.0,"enemies":"Large Slime","floor":8.0,"turns":5.0},{"damage":7.0,"enemies":"Gremlin Gang","floor":10.0,"turns":3.0},{"damage":13.0,"enemies":"Blue Slaver","floor":11.0,"turns":3.0},{"damage":0.0,"enemies":"Lots of Slimes","floor":12.0,"turns":1.0},{"damage":8.0,"enemies":"Gremlin Nob","floor":14.0,"turns":3.0},{"damage":0.0,"enemies":"Hexaghost","floor":16.0,"turns":8.0},{"damage":0.0,"enemies":"Chosen","floor":18.0,"turns":4.0},{"damage":19.0,"enemies":"2 Thieves","floor":20.0,"turns":3.0},{"damage":0.0,"enemies":"Gremlin Leader","floor":23.0,"turns":5.0},{"damage":3.0,"enemies":"Book of Stabbing","floor":25.0,"turns":3.0},{"damage":0.0,"enemies":"Slavers","floor":27.0,"turns":2.0},{"damage":3,"enemies":"Book of Stabbing","floor":31,"turns":3},{"damage":0,"enemies":"Automaton","floor":33,"turns":5},{"damage":3,"enemies":"3 Darklings","floor":35,"turns":4},{"damage":14,"enemies":"Orb Walker","floor":36,"turns":4},{"damage":10,"enemies":"Sphere and 2 Shapes","floor":37,"turns":4},{"damage":20,"enemies":"Spire Growth","floor":39,"turns":4},{"damage":3,"enemies":"4 Shapes","floor":41,"turns":6},{"damage":26,"enemies":"Nemesis","floor":45,"turns":5},{"damage":7,"enemies":"Writhing Mass","floor":47,"turns":6},{"damage":52,"enemies":"Awakened One","floor":50,"turns":13}],"seed_played":"6182547261816610253","potions_obtained":[{"floor":1.0,"key":"SpeedPotion"},{"floor":4.0,"key":"SkillPotion"},{"floor":6.0,"key":"GamblersBrew"},{"floor":8.0,"key":"SmokeBomb"},{"floor":14.0,"key":"SkillPotion"},{"floor":16.0,"key":"SkillPotion"},{"floor":20.0,"key":"SkillPotion"},{"floor":25.0,"key":"GhostInAJar"},{"floor":31,"key":"SteroidPotion"},{"floor":33,"key":"Strength Potion"},{"floor":35,"key":"Regen Potion"},{"floor":41,"key":"Poison Potion"},{"floor":47,"key":"PowerPotion"}],"is_trial":false,"path_per_floor":["M","$","M","?","M","E","R","M","T","M","M","M","R","E","R","B",null,"M","$","M","T","$","E","R","E","T","E","R","?","?","E","R","B",null,"M","M","M","?","M","R","M","R","T","R","E","R","M","$","R","B",null],"character_chosen":"THE_SILENT","items_purchased":["Well Laid Plans","TwistedFunnel","Dagger Throw","Noxious Fumes","Catalyst","GhostInAJar","Noxious Fumes+1"],"campfire_rested":2,"item_purchase_floors":[2,2,2,19,19,48,48],"current_hp_per_floor":[42,42,42,42,42,38,38,38,38,31,18,18,37,29,29,29,57,57,57,38,38,38,38,38,35,35,35,35,35,35,32,51,51,62,59,45,35,26,6,21,18,33,33,48,22,40,33,33,51,14],"gold":29,"neow_bonus":"TWO_FIFTY_GOLD","is_prod":false,"is_daily":false,"chose_seed":false,"campfire_upgraded":9,"win_rate":0,"timestamp":1548394851,"path_taken":["M","$","M","?","M","E","R","M","T","M","M","M","R","E","R","BOSS","M","$","M","?","$","E","R","E","T","E","R","?","?","E","R","BOSS","M","M","?","?","M","R","?","R","T","R","E","R","M","$","R","BOSS"],"build_version":"2019-01-23","purchased_purges":3,"victory":true,"max_hp_per_floor":[66,66,66,66,66,66,66,66,66,66,66,66,66,66,66,66,66,66,66,66,66,66,66,66,66,66,66,66,66,66,66,66,66,66,66,66,66,66,66,66,66,66,66,66,66,66,66,66,66,66],"card_choices":[{"not_picked":["Riddle With Holes","Tactician"],"picked":"Masterful Stab","floor":1.0},{"not_picked":["Acrobatics","Sucker Punch"],"picked":"Crippling Poison","floor":3.0},{"not_picked":["Deflect","Bane"],"picked":"Dagger Spray","floor":5.0},{"not_picked":["Reflex","Dodge and Roll"],"picked":"Glass Knife","floor":6.0},{"not_picked":["Endless Agony","Slice"],"picked":"Deadly Poison","floor":8.0},{"not_picked":["Deadly Poison","Outmaneuver","Flechettes"],"picked":"SKIP","floor":10.0},{"not_picked":["Prepared","Bane"],"picked":"Deflect","floor":11.0},{"not_picked":["Bullet Time","Quick Slash","Choke"],"picked":"SKIP","floor":12.0},{"not_picked":["Cloak And Dagger","Dagger Spray"],"picked":"Corpse Explosion","floor":14.0},{"not_picked":["Glass Knife","Grand Finale"],"picked":"Burst","floor":16.0},{"not_picked":["Sucker Punch","Skewer+1","Outmaneuver"],"picked":"SKIP","floor":18.0},{"not_picked":["Outmaneuver","Backflip"],"picked":"Deflect","floor":20.0},{"not_picked":["Slice","Backflip","Outmaneuver"],"picked":"SKIP","floor":23.0},{"not_picked":["Escape Plan","Deflect","Slice"],"picked":"SKIP","floor":25.0},{"not_picked":["Calculated Gamble","Deflect"],"picked":"Dodge and Roll","floor":27},{"not_picked":["Choke","Blur"],"picked":"Adrenaline","floor":31},{"not_picked":["A Thousand Cuts+1","Glass Knife"],"picked":"Night Terror","floor":33},{"not_picked":["Prepared+1","Finisher"],"picked":"PiercingWail","floor":35},{"not_picked":["Underhanded Strike","Crippling Poison","Flying Knee+1"],"picked":"SKIP","floor":36},{"not_picked":["Prepared","Backflip"],"picked":"Deadly Poison","floor":37},{"not_picked":["Flying Knee+1","Flechettes","Finisher+1"],"picked":"SKIP","floor":39},{"not_picked":["Flying Knee+1","Finisher+1"],"picked":"Flechettes","floor":39},{"not_picked":["Sucker Punch+1","Infinite Blades+1","Masterful Stab"],"picked":"SKIP","floor":41},{"not_picked":["Crippling Poison","Quick Slash"],"picked":"Malaise","floor":45},{"not_picked":["Quick Slash","Outmaneuver+1","Setup"],"picked":"SKIP","floor":47}],"player_experience":2052867,"relics_obtained":[{"floor":6.0,"key":"Potion Belt"},{"floor":9.0,"key":"PreservedInsect"},{"floor":14.0,"key":"Ancient Tea Set"},{"floor":21.0,"key":"Frozen Egg 2"},{"floor":23.0,"key":"Art of War"},{"floor":25.0,"key":"Sundial"},{"floor":26.0,"key":"Matryoshka"},{"floor":27,"key":"Whetstone"},{"floor":31,"key":"Omamori"},{"floor":43,"key":"Lantern"},{"floor":43,"key":"Incense Burner"},{"floor":45,"key":"Oddly Smooth Stone"}],"event_choices":[{"damage_healed":0.0,"max_hp_gain":0.0,"max_hp_loss":0.0,"gold_gain":0.0,"event_name":"The Woman in Blue","player_choice":"Bought 1 Potion","floor":4.0,"gold_loss":0.0,"damage_taken":0.0},{"cards_removed":["Strike_G"],"damage_healed":0,"gold_gain":0,"player_choice":"Gave Gold","damage_taken":0,"max_hp_gain":0,"max_hp_loss":0,"event_name":"Beggar","floor":29,"gold_loss":75},{"damage_healed":0,"gold_gain":0,"player_choice":"Upgraded","damage_taken":0,"max_hp_gain":0,"max_hp_loss":0,"event_name":"Upgrade Shrine","floor":30,"gold_loss":0,"cards_upgraded":["Burst"]},{"damage_healed":0,"gold_gain":0,"player_choice":"Damaged","damage_taken":9,"max_hp_gain":0,"max_hp_loss":0,"event_name":"Wheel of Change","floor":38,"gold_loss":0}],"is_beta":false,"boss_relics":[{"not_picked":["Velvet Choker","WristBlade"],"picked":"Runic Pyramid"},{"not_picked":["White Beast Statue","Coffee Dripper"],"picked":"Eternal Feather"}],"items_purged_floors":[19,22,48],"is_endless":false,"potions_floor_spawned":[1,6,8,14,16,20,25,31,33,35,41,47],"ascension_level":15}