{"gold_per_floor":[111,111,133,164,176,228,260,303,364,376,411,437,484,496,508,645,657,654,679,721,733,745,757],"floor_reached":23,"playtime":3110,"items_purged":[],"score":243,"play_id":"279f0ca7-7c9c-46ee-b677-028de476b528","local_time":"20190317161846","is_ascension_mode":true,"campfire_choices":[{"floor":10,"key":"REST"},{"floor":15,"key":"REST"}],"neow_cost":"NONE","seed_source_timestamp":13366992025161,"circlet_count":0,"master_deck":["Strike_B","Strike_B","Strike_B","Strike_B","Defend_B","Defend_B+1","Defend_B+1","Defend_B","Zap","Dualcast","Conserve Battery","White Noise","Auto Shields","Defragment","Coolheaded","Undo","Conserve Battery","Coolheaded","Reboot","Double Energy","Gash+1"],"relics":["Cracked Core","NeowsBlessing","MawBank","Golden Idol","Ornamental Fan","Bag of Preparation","War Paint","Juzu Bracelet","Kunai","Black Star","Tiny Chest","Frozen Egg 2"],"potions_floor_usage":[8,8,8,16,16,16,16,23],"damage_taken":[{"damage":0,"enemies":"2 Louse","floor":1,"turns":1},{"damage":0,"enemies":"Cultist","floor":3,"turns":1},{"damage":0,"enemies":"Small Slimes","floor":4,"turns":1},{"damage":38,"enemies":"3 Sentries","floor":6,"turns":8},{"damage":3,"enemies":"Blue Slaver","floor":7,"turns":3},{"damage":5,"enemies":"Gremlin Nob","floor":8,"turns":3},{"damage":12,"enemies":"Exordium Wildlife","floor":11,"turns":4},{"damage":0,"enemies":"Looter","floor":12,"turns":3},{"damage":11,"enemies":"Lagavulin","floor":13,"turns":8},{"damage":24,"enemies":"The Guardian","floor":16,"turns":20},{"damage":14,"enemies":"2 Thieves","floor":18,"turns":5},{"damage":30,"enemies":"Chosen","floor":19,"turns":7},{"damage":36,"enemies":"Book of Stabbing","floor":23,"turns":6}],"seed_played":"7920333072993559647","potions_obtained":[{"floor":4,"key":"FearPotion"},{"floor":6,"key":"Poison Potion"},{"floor":7,"key":"AttackPotion"},{"floor":11,"key":"GamblersBrew"},{"floor":13,"key":"EntropicBrew"},{"floor":18,"key":"SpeedPotion"}],"is_trial":false,"path_per_floor":["M","?","M","M","?","E","M","E","T","R","M","M","E","T","R","B",null,"M","M","?","T","?","E"],"character_chosen":"DEFECT","items_purchased":[],"campfire_rested":2,"item_purchase_floors":[],"current_hp_per_floor":[75,75,75,75,57,19,16,11,11,33,21,21,10,10,32,8,75,61,31,31,31,31,0],"gold":757,"neow_bonus":"THREE_ENEMY_KILL","is_prod":false,"is_daily":false,"chose_seed":false,"campfire_upgraded":0,"win_rate":0,"timestamp":1552850326,"path_taken":["M","?","M","?","?","E","M","E","T","R","M","M","E","?","R","BOSS","M","M","?","?","?","E"],"build_version":"2019-01-23","purchased_purges":0,"victory":false,"max_hp_per_floor":[75,75,75,75,75,75,75,75,75,75,75,75,75,75,75,75,75,75,75,75,75,75,75],"card_choices":[{"not_picked":["Leap","Stack"],"picked":"Steam","floor":1},{"not_picked":["Beam Cell","Redo"],"picked":"Conserve Battery","floor":3},{"not_picked":["BootSequence","Barrage"],"picked":"White Noise","floor":4},{"not_picked":["Stack","Meteor Strike"],"picked":"Auto Shields","floor":6},{"not_picked":["Beam Cell","Aggregate"],"picked":"Defragment","floor":7},{"not_picked":["Rip and Tear","Reprogram"],"picked":"Coolheaded","floor":8},{"not_picked":["Consume","Compile Driver"],"picked":"Undo","floor":11},{"not_picked":["Leap","Go for the Eyes"],"picked":"Conserve Battery","floor":12},{"not_picked":["Ball Lightning","Machine Learning"],"picked":"Coolheaded","floor":13},{"not_picked":["Amplify","Meteor Strike"],"picked":"Reboot","floor":16},{"not_picked":["Auto Shields+1","Melter"],"picked":"Double Energy","floor":18},{"not_picked":["Conserve Battery","Barrage+1"],"picked":"Gash+1","floor":19}],"player_experience":165990,"relics_obtained":[{"floor":6,"key":"Ornamental Fan"},{"floor":8,"key":"Bag of Preparation"},{"floor":9,"key":"War Paint"},{"floor":13,"key":"Juzu Bracelet"},{"floor":14,"key":"Kunai"},{"floor":21,"key":"Frozen Egg 2"}],"event_choices":[{"cards_removed":["Steam"],"damage_healed":0,"gold_gain":0,"player_choice":"Gave Card","damage_taken":0,"relics_obtained":["MawBank"],"max_hp_gain":0,"max_hp_loss":0,"event_name":"WeMeetAgain","floor":2,"gold_loss":0},{"damage_healed":0,"gold_gain":0,"player_choice":"Take Damage","damage_taken":18,"relics_obtained":["Golden Idol"],"max_hp_gain":0,"max_hp_loss":0,"event_name":"Golden Idol","floor":5,"gold_loss":0},{"damage_healed":0,"gold_gain":0,"player_choice":"Opened","damage_taken":0,"relics_obtained":["Tiny Chest"],"max_hp_gain":0,"max_hp_loss":0,"event_name":"The Mausoleum","floor":20,"gold_loss":0},{"damage_healed":0,"gold_gain":0,"player_choice":"Ignored","damage_taken":0,"max_hp_gain":0,"max_hp_loss":0,"event_name":"Cursed Tome","floor":22,"gold_loss":0}],"is_beta":false,"boss_relics":[{"not_picked":["Snecko Eye","Lizard Tail"],"picked":"Black Star"}],"items_purged_floors":[],"is_endless":false,"potions_floor_spawned":[4,6,7,11,13,18],"killed_by":"Book of Stabbing","ascension_level":3}