{"gold_per_floor":[217,8,24,40,54,54,83,83,128,138,138,149,184,199,199,271,271,284,297,315,162,180,180,24,24,24,50,50,77,77,27,27,104,104,115,126,54,66,66,66,66,84,84,98,98,110,135,146,146,146],"floor_reached":50,"playtime":2253,"items_purged":["Defend_R","Defend_R"],"score":996,"play_id":"c4b6823f-a8bb-43d6-8022-b35fa1913b5f","local_time":"20181005015049","is_ascension_mode":true,"campfire_choices":[{"data":"Perfected Strike","floor":6,"key":"SMITH"},{"data":"Discovery","floor":8,"key":"SMITH"},{"data":"Pommel Strike","floor":11,"key":"SMITH"},{"floor":15,"key":"REST"},{"data":"Perfected Strike","floor":23,"key":"SMITH"},{"data":"Battle Trance","floor":25,"key":"SMITH"},{"floor":28,"key":"REST"},{"floor":30,"key":"REST"},{"floor":32,"key":"REST"},{"data":"Perfected Strike","floor":40,"key":"SMITH"},{"data":"Evolve","floor":45,"key":"SMITH"},{"floor":49,"key":"REST"}],"neow_cost":"NONE","seed_source_timestamp":3493363575654,"circlet_count":0,"master_deck":["Strike_R","Strike_R","Strike_R+1","Strike_R","Strike_R","Defend_R+1","Defend_R+1","Bash","AscendersBane","Perfected Strike+1","Wild Strike+1","Discovery+1","True Grit","Carnage","Twin Strike+1","Evolve+1","Pommel Strike+1","Pommel Strike","Twin Strike","Double Tap+1","Shrug It Off","Perfected Strike+1","Headbutt","Battle Trance+1","Pommel Strike","Inflame+1","Perfected Strike+1","Power Through","Pommel Strike","Berserk+1","Twin Strike","Perfected Strike+1","Combust+1","Shockwave+1","True Grit+1","Battle Trance+1","Intimidate+1","Pommel Strike","Pommel Strike"],"relics":["Burning Blood","Gremlin Horn","Dream Catcher","Whetstone","Velvet Choker","War Paint","Bottled Tornado","Frozen Egg 2","Unceasing Top","Mark of Pain","Matryoshka","Happy Flower"],"potions_floor_usage":[7,13,16,19,50,50],"damage_taken":[{"damage":1,"enemies":"Cultist","floor":1,"turns":4},{"damage":5,"enemies":"Small Slimes","floor":3,"turns":4},{"damage":7,"enemies":"Jaw Worm","floor":4,"turns":2},{"damage":14,"enemies":"Lots of Slimes","floor":5,"turns":4},{"damage":25,"enemies":"Lagavulin","floor":7,"turns":5},{"damage":12,"enemies":"Blue Slaver","floor":10,"turns":3},{"damage":0,"enemies":"Gremlin Gang","floor":12,"turns":3},{"damage":20,"enemies":"3 Sentries","floor":13,"turns":6},{"damage":9,"enemies":"Exordium Thugs","floor":14,"turns":3},{"damage":38,"enemies":"Hexaghost","floor":16,"turns":7},{"damage":7,"enemies":"Chosen","floor":18,"turns":3},{"damage":0,"enemies":"3 Byrds","floor":19,"turns":3},{"damage":19,"enemies":"Snake Plant","floor":20,"turns":3},{"damage":17,"enemies":"Sentry and Sphere","floor":22,"turns":4},{"damage":30,"enemies":"Book of Stabbing","floor":27,"turns":4},{"damage":34,"enemies":"Slavers","floor":29,"turns":5},{"damage":19,"enemies":"Automaton","floor":33,"turns":6},{"damage":16,"enemies":"Orb Walker","floor":35,"turns":2},{"damage":0,"enemies":"3 Shapes","floor":36,"turns":3},{"damage":5,"enemies":"Spire Growth","floor":38,"turns":3},{"damage":1,"enemies":"Reptomancer","floor":42,"turns":3},{"damage":22,"enemies":"4 Shapes","floor":44,"turns":2},{"damage":18,"enemies":"Transient","floor":46,"turns":5},{"damage":34,"enemies":"2 Orb Walkers","floor":47,"turns":4},{"damage":0,"enemies":"Maw","floor":48,"turns":4},{"damage":107,"enemies":"Awakened One","floor":50,"turns":6}],"seed_played":"-2771455666065967298","potions_obtained":[{"floor":5,"key":"FearPotion"},{"floor":10,"key":"Ancient Potion"},{"floor":12,"key":"Regen Potion"},{"floor":14,"key":"Regen Potion"},{"floor":18,"key":"Fire Potion"},{"floor":29,"key":"SteroidPotion"},{"floor":33,"key":"Weak Potion"},{"floor":38,"key":"SteroidPotion"}],"is_trial":false,"path_per_floor":["M","$","M","M","M","R","E","R","T","M","R","M","E","M","R","B",null,"M","M","M","$","M","R","$","R","T","E","R","E","R","?","R","B",null,"M","M","$","M","$","R","?","M","T","M","R","M","E","M","R"],"character_chosen":"IRONCLAD","items_purchased":["Wild Strike","Discovery","Headbutt","War Paint","Combust+1"],"campfire_rested":5,"item_purchase_floors":[2,2,21,24,37],"current_hp_per_floor":[73,73,74,73,65,65,46,46,46,40,40,46,47,44,66,49,69,68,74,61,61,50,50,50,50,50,26,48,20,42,42,64,51,69,59,65,65,66,66,66,66,71,71,55,55,50,22,28,50,0],"gold":146,"neow_bonus":"HUNDRED_GOLD","is_prod":false,"is_daily":false,"chose_seed":false,"campfire_upgraded":7,"win_rate":0,"timestamp":1538697049,"path_taken":["M","$","M","?","M","R","E","R","T","M","R","M","E","M","R","BOSS","M","?","M","$","M","R","$","R","T","E","R","E","R","?","R","BOSS","M","M","$","M","?","R","?","?","T","M","R","M","E","M","R","BOSS"],"build_version":"2018-09-27","purchased_purges":2,"victory":false,"max_hp_per_floor":[75,75,75,75,75,75,75,75,75,75,75,75,75,75,75,75,75,75,75,75,75,75,75,75,75,75,75,75,75,75,75,75,75,75,75,75,75,75,75,75,75,75,75,75,75,75,75,75,75,75],"card_choices":[{"not_picked":["Iron Wave","Spot Weakness"],"picked":"Perfected Strike","floor":1},{"not_picked":["Dual Wield","Havoc"],"picked":"True Grit","floor":3},{"not_picked":["Armaments","Clash"],"picked":"Carnage","floor":4},{"not_picked":["Clothesline","Dropkick"],"picked":"Twin Strike","floor":5},{"not_picked":["Offering","Feel No Pain"],"picked":"Evolve","floor":7},{"not_picked":["Entrench","Cleave"],"picked":"Pommel Strike","floor":10},{"not_picked":["Clash","Flame Barrier","Fire Breathing"],"picked":"SKIP","floor":12},{"not_picked":["Corruption","Intimidate"],"picked":"Pommel Strike","floor":13},{"not_picked":["Shrug It Off","Clothesline"],"picked":"Twin Strike","floor":14},{"not_picked":["Brutality","Juggernaut"],"picked":"Double Tap","floor":16},{"not_picked":["Sword Boomerang","Burning Pact","True Grit"],"picked":"SKIP","floor":18},{"not_picked":["Anger","Rampage"],"picked":"Shrug It Off","floor":19},{"not_picked":["Pommel Strike","Thunderclap"],"picked":"Perfected Strike","floor":20},{"not_picked":["Blood for Blood","Headbutt"],"picked":"Battle Trance","floor":22},{"not_picked":["Rupture+1","Havoc"],"picked":"Pommel Strike","floor":27},{"not_picked":["Battle Trance","Juggernaut+1"],"picked":"Inflame+1","floor":28},{"not_picked":["Sever Soul","Brutality+1"],"picked":"Perfected Strike+1","floor":29},{"not_picked":["Sword Boomerang+1","Infernal Blade+1"],"picked":"Power Through","floor":30},{"not_picked":["Ghostly Armor","Shrug It Off+1"],"picked":"Pommel Strike","floor":32},{"not_picked":["Feed","Brutality+1"],"picked":"Berserk+1","floor":33},{"not_picked":["Armaments","Intimidate+1"],"picked":"Twin Strike","floor":35},{"not_picked":["Havoc+1","Body Slam"],"picked":"Perfected Strike","floor":36},{"not_picked":["Disarm","Body Slam"],"picked":"Shockwave+1","floor":38},{"not_picked":["Spot Weakness","Cleave"],"picked":"True Grit+1","floor":42},{"not_picked":["Clothesline","Iron Wave"],"picked":"Battle Trance+1","floor":44},{"not_picked":["Thunderclap","Feed","Flame Barrier+1"],"picked":"SKIP","floor":46},{"not_picked":["Pommel Strike","Sever Soul"],"picked":"Intimidate+1","floor":47},{"not_picked":["Entrench","Evolve+1"],"picked":"Pommel Strike","floor":48},{"not_picked":["Shrug It Off","Heavy Blade"],"picked":"Pommel Strike","floor":49}],"player_experience":278533,"relics_obtained":[{"floor":7,"key":"Gremlin Horn"},{"floor":9,"key":"Dream Catcher"},{"floor":13,"key":"Whetstone"},{"floor":26,"key":"Bottled Tornado"},{"floor":27,"key":"Frozen Egg 2"},{"floor":29,"key":"Unceasing Top"},{"floor":43,"key":"Matryoshka"},{"floor":47,"key":"Happy Flower"}],"event_choices":[{"event_name":"Designer","player_choice":"Upgrade 2 Random Cards","floor":31,"damage_taken":0},{"event_name":"The Lab","player_choice":"Got Potions","floor":41,"damage_taken":0}],"is_beta":false,"boss_relics":[{"not_picked":["Runic Dome","Calling Bell"],"picked":"Velvet Choker"},{"not_picked":["Empty Cage","Astrolabe"],"picked":"Mark of Pain"}],"items_purged_floors":[2,21],"is_endless":false,"potions_floor_spawned":[5,10,12,14,18,29,33,38,44,48],"killed_by":"Awakened One","ascension_level":15}