{"gold_per_floor":[117,117,38,38,54,54,75,3,3,3,24,24,43,81,81,206,269,293,293,311,335,351,351,0,21,21,21],"floor_reached":27,"playtime":1742,"items_purged":[],"score":247,"play_id":"fa982366-a581-4d42-8705-e264a5c29310","local_time":"20181206061759","is_ascension_mode":true,"campfire_choices":[{"data":"Combust","floor":6,"key":"SMITH"},{"data":"Rupture","floor":10,"key":"SMITH"},{"data":"Inflame","floor":12,"key":"SMITH"},{"data":"Limit Break","floor":15,"key":"SMITH"},{"floor":23,"key":"REST"}],"neow_cost":"CURSE","seed_source_timestamp":789033195596239,"circlet_count":0,"master_deck":["Strike_R","Strike_R","Strike_R","Strike_R","Strike_R+1","Defend_R","Defend_R","Defend_R","Defend_R","Bash","Clumsy","Cleave","Inflame+1","Bandage Up","Combust+1","Pummel","Rupture+1","Shrug It Off","Limit Break+1","Exhume","Intimidate","Battle Trance","Seeing Red","Heavy Blade","Double Tap","Metallicize"],"relics":["Burning Blood","FossilizedHelix","Golden Idol","Gremlin Horn","The Courier","Tiny House","Shuriken"],"potions_floor_usage":[11,16,16,18,21,21,25],"damage_taken":[{"damage":4,"enemies":"Jaw Worm","floor":1,"turns":6},{"damage":0,"enemies":"Cultist","floor":5,"turns":3},{"damage":0,"enemies":"Small Slimes","floor":7,"turns":3},{"damage":17,"enemies":"Blue Slaver","floor":11,"turns":4},{"damage":2,"enemies":"Large Slime","floor":13,"turns":3},{"damage":23,"enemies":"3 Sentries","floor":14,"turns":5},{"damage":49,"enemies":"The Guardian","floor":16,"turns":8},{"damage":19,"enemies":"3 Byrds","floor":18,"turns":4},{"damage":46,"enemies":"Shell Parasite","floor":20,"turns":7},{"damage":23,"enemies":"Chosen and Byrds","floor":21,"turns":5},{"damage":30,"enemies":"Snecko","floor":22,"turns":5},{"damage":19,"enemies":"Cultist and Chosen","floor":25,"turns":5},{"damage":31,"enemies":"Slavers","floor":27,"turns":4}],"seed_played":"6785967774100127253","potions_obtained":[{"floor":5,"key":"EntropicBrew"},{"floor":11,"key":"LiquidBronze"},{"floor":17,"key":"SteroidPotion"},{"floor":20,"key":"BloodPotion"},{"floor":21,"key":"GamblersBrew"}],"is_trial":false,"path_per_floor":["M","?","$","?","M","R","M","$","T","R","M","R","M","E","R","B",null,"M","?","M","M","M","R","?","M","T","E"],"character_chosen":"IRONCLAD","items_purchased":["Inflame","Rupture"],"campfire_rested":1,"item_purchase_floors":[3,8],"current_hp_per_floor":[80,60,60,60,66,66,76,76,76,76,69,69,77,63,63,24,85,72,72,36,31,15,40,40,31,31,0],"gold":21,"neow_bonus":"ONE_RARE_RELIC","is_prod":false,"is_daily":false,"chose_seed":false,"campfire_upgraded":4,"win_rate":0,"timestamp":1544073479,"path_taken":["M","?","$","?","?","R","M","$","T","R","M","R","?","E","R","BOSS","M","?","M","M","M","R","?","M","T","E"],"build_version":"2018-12-05","purchased_purges":0,"victory":false,"max_hp_per_floor":[80,80,80,80,80,80,80,80,80,80,80,80,80,80,80,80,85,85,85,85,85,85,85,85,85,85,85],"card_choices":[{"not_picked":["Power Through","Flex"],"picked":"Cleave","floor":1},{"not_picked":["Blood for Blood","Havoc"],"picked":"Combust","floor":5},{"not_picked":["Rampage","Perfected Strike"],"picked":"Pummel","floor":7},{"not_picked":["Pommel Strike","True Grit","Wild Strike"],"picked":"SKIP","floor":11},{"not_picked":["Havoc","Flex"],"picked":"Shrug It Off","floor":13},{"not_picked":["Searing Blow","Iron Wave"],"picked":"Limit Break","floor":14},{"not_picked":["Limit Break","Offering"],"picked":"Exhume","floor":16},{"not_picked":["Perfected Strike","Shrug It Off"],"picked":"Intimidate","floor":17},{"not_picked":["Flex+1","Clothesline"],"picked":"Battle Trance","floor":18},{"not_picked":["Body Slam","Thunderclap"],"picked":"Seeing Red","floor":20},{"not_picked":["Spot Weakness","Whirlwind"],"picked":"Heavy Blade","floor":21},{"not_picked":["Carnage","Dropkick"],"picked":"Double Tap","floor":22},{"not_picked":["Iron Wave","Clash+1"],"picked":"Metallicize","floor":25}],"player_experience":256118,"relics_obtained":[{"floor":9,"key":"Gremlin Horn"},{"floor":14,"key":"The Courier"},{"floor":26,"key":"Shuriken"}],"event_choices":[{"damage_healed":0,"gold_gain":0,"player_choice":"Take Damage","damage_taken":20,"relics_obtained":["Golden Idol"],"max_hp_gain":0,"max_hp_loss":0,"event_name":"Golden Idol","floor":2,"gold_loss":0},{"damage_healed":0,"gold_gain":0,"player_choice":"1 cards matched","damage_taken":0,"max_hp_gain":0,"max_hp_loss":0,"event_name":"Match and Keep!","floor":4,"gold_loss":0,"cards_obtained":["Bandage Up"]},{"damage_healed":0,"gold_gain":0,"player_choice":"Ignored","damage_taken":0,"max_hp_gain":0,"max_hp_loss":0,"event_name":"Ghosts","floor":19,"gold_loss":0},{"damage_healed":0,"gold_gain":0,"player_choice":"Paid Fearfully","damage_taken":0,"max_hp_gain":0,"max_hp_loss":0,"event_name":"Masked Bandits","floor":24,"gold_loss":351}],"is_beta":true,"boss_relics":[{"not_picked":["Coffee Dripper","Snecko Eye"],"picked":"Tiny House"}],"items_purged_floors":[],"is_endless":false,"potions_floor_spawned":[5,11,13,20,21],"killed_by":"Slavers","ascension_level":3}