{"gold_per_floor":[119,139,64,76,91,91,123,123,123,157,167,20,20,349,349,452,452,471,15,28,28,41,73,73,88,88,88,118,130,130,130,130,225,225,245,258,269,26,42,67,67,80,152,182,27,56,67,67,67,67],"floor_reached":51,"playtime":1672,"items_purged":["Shame","Strike_R"],"score":937,"play_id":"4cb98982-a8cb-48f5-a30f-180f8bf1a019","local_time":"20181201173912","is_ascension_mode":true,"campfire_choices":[{"data":"Whirlwind","floor":6,"key":"SMITH"},{"data":"Discovery","floor":8,"key":"SMITH"},{"data":"Whirlwind","floor":13,"key":"SMITH"},{"data":"Whirlwind","floor":15,"key":"SMITH"},{"data":"1","floor":24,"key":"LIFT"},{"data":"2","floor":27,"key":"LIFT"},{"floor":32,"key":"REST"},{"data":"3","floor":41,"key":"LIFT"},{"data":"Battle Trance","floor":49,"key":"SMITH"}],"neow_cost":"CURSE","seed_source_timestamp":485417417470601,"circlet_count":0,"master_deck":["Strike_R","Strike_R","Strike_R","Strike_R","Defend_R","Defend_R","Defend_R","Defend_R","Bash","Dark Shackles","Discovery+1","Twin Strike","Cleave","Whirlwind+1","Disarm","Whirlwind+1","Ghostly Armor","Flex","Whirlwind+1","Warcry","Sever Soul","Seeing Red+1","Battle Trance+1","Pummel","Seeing Red","Headbutt","Pummel+1","Flex+1","Pummel+1","Evolve+1","Pummel+1","Double Tap","Thunderclap"],"relics":["Burning Blood","Mercury Hourglass","Omamori","Old Coin","Sozu","Girya","Nloth\u0027s Gift","Dead Branch","Bottled Lightning","Blue Candle","Necronomicon","Coffee Dripper","Bronze Scales","Nunchaku","Sundial","Potion Belt","Blood Vial","Kunai"],"potions_floor_usage":[7,16,16,23],"damage_taken":[{"damage":0,"enemies":"Small Slimes","floor":1,"turns":3},{"damage":6,"enemies":"Cultist","floor":2,"turns":3},{"damage":11,"enemies":"Jaw Worm","floor":4,"turns":2},{"damage":0,"enemies":"3 Louse","floor":5,"turns":1},{"damage":12,"enemies":"Gremlin Nob","floor":7,"turns":3},{"damage":13,"enemies":"3 Sentries","floor":10,"turns":3},{"damage":0,"enemies":"Red Slaver","floor":11,"turns":4},{"damage":22,"enemies":"Gremlin Nob","floor":14,"turns":4},{"damage":55,"enemies":"The Guardian","floor":16,"turns":14},{"damage":13,"enemies":"Shell Parasite","floor":18,"turns":4},{"damage":5,"enemies":"Chosen","floor":20,"turns":3},{"damage":14,"enemies":"Snecko","floor":22,"turns":4},{"damage":22,"enemies":"Book of Stabbing","floor":23,"turns":4},{"damage":9,"enemies":"Chosen and Byrds","floor":25,"turns":5},{"damage":23,"enemies":"Slavers","floor":28,"turns":3},{"damage":0,"enemies":"Sentry and Sphere","floor":29,"turns":2},{"damage":0,"enemies":"Collector","floor":33,"turns":3},{"damage":0,"enemies":"3 Darklings","floor":35,"turns":1},{"damage":0,"enemies":"Orb Walker","floor":36,"turns":1},{"damage":0,"enemies":"3 Darklings","floor":37,"turns":1},{"damage":5,"enemies":"Transient","floor":39,"turns":5},{"damage":13,"enemies":"Nemesis","floor":40,"turns":3},{"damage":6,"enemies":"Maw","floor":42,"turns":2},{"damage":29,"enemies":"Reptomancer","floor":44,"turns":4},{"damage":7,"enemies":"Nemesis","floor":46,"turns":3},{"damage":10,"enemies":"Sphere and 2 Shapes","floor":47,"turns":1},{"damage":86,"enemies":"Awakened One","floor":50,"turns":9}],"seed_played":"7737851645346752613","potions_obtained":[{"floor":1,"key":"SteroidPotion"},{"floor":2,"key":"GamblersBrew"},{"floor":14,"key":"SteroidPotion"},{"floor":16,"key":"FearPotion"}],"is_trial":false,"path_per_floor":["M","M","$","M","M","R","E","R","T","E","M","$","R","E","R","B",null,"M","$","M","?","M","E","R","M","T","R","E","M","?","?","R","B",null,"M","M","M","$","M","E","R","M","T","E","$","E","M","?","R","B",null],"character_chosen":"IRONCLAD","items_purchased":["Flex","Whirlwind","Warcry","Girya","Battle Trance","Pummel","Bronze Scales","Blood Vial"],"campfire_rested":1,"item_purchase_floors":[12,12,12,19,19,19,38,45],"current_hp_per_floor":[80,80,80,75,80,80,74,74,74,67,73,73,73,57,57,8,80,73,73,74,74,66,50,50,47,47,47,30,36,36,20,44,50,80,80,80,80,80,80,73,73,73,73,50,50,51,49,90,90,10],"gold":67,"neow_bonus":"RANDOM_COLORLESS_2","is_prod":false,"is_daily":false,"chose_seed":false,"campfire_upgraded":5,"win_rate":0,"timestamp":1543682352,"path_taken":["M","M","$","M","M","R","E","R","T","E","M","$","R","E","R","BOSS","M","$","M","?","?","E","R","M","T","R","E","M","?","?","R","BOSS","M","M","M","$","M","E","R","M","T","E","$","E","M","?","R","BOSS"],"build_version":"2018-11-15","purchased_purges":2,"victory":true,"max_hp_per_floor":[80,80,80,80,80,80,80,80,80,80,80,80,80,80,80,80,80,80,80,80,80,80,80,80,80,80,80,80,80,80,80,80,80,80,80,80,80,80,80,80,80,80,80,80,80,80,80,90,90,90],"card_choices":[{"not_picked":["Thunderclap","Iron Wave"],"picked":"Twin Strike","floor":1},{"not_picked":["Heavy Blade","Havoc"],"picked":"Cleave","floor":2},{"not_picked":["Sword Boomerang","Clash"],"picked":"Whirlwind","floor":4},{"not_picked":["Anger","Clash"],"picked":"Disarm","floor":5},{"not_picked":["Fire Breathing","Dropkick","Wild Strike"],"picked":"SKIP","floor":7},{"not_picked":["Demon Form","Perfected Strike"],"picked":"Whirlwind","floor":10},{"not_picked":["Pommel Strike","Clash"],"picked":"Ghostly Armor","floor":11},{"not_picked":["Sever Soul","Armaments","Wild Strike"],"picked":"SKIP","floor":14},{"not_picked":["Armaments","Wild Strike"],"picked":"Sever Soul","floor":14},{"not_picked":["Juggernaut","Brutality"],"picked":"Demon Form","floor":16},{"not_picked":["Clothesline","Whirlwind+1"],"picked":"Seeing Red+1","floor":18},{"not_picked":["Havoc+1","Anger+1"],"picked":"Seeing Red","floor":20},{"not_picked":["Disarm","Fire Breathing"],"picked":"Headbutt","floor":22},{"not_picked":["Wild Strike+1","Havoc","Heavy Blade"],"picked":"SKIP","floor":23},{"not_picked":["True Grit","Infernal Blade"],"picked":"Pummel+1","floor":25},{"not_picked":["Clash+1","Cleave"],"picked":"Flex+1","floor":28},{"not_picked":["Pommel Strike","Spot Weakness"],"picked":"Pummel+1","floor":29},{"not_picked":["Sword Boomerang","Heavy Blade+1","Body Slam+1"],"picked":"SKIP","floor":35},{"not_picked":["Flex","Cleave"],"picked":"Evolve+1","floor":36},{"not_picked":["Twin Strike+1","Metallicize+1"],"picked":"Pummel+1","floor":37},{"not_picked":["Body Slam+1","Rampage+1","Cleave+1"],"picked":"SKIP","floor":39},{"not_picked":["Wild Strike+1","Pommel Strike","Twin Strike+1"],"picked":"SKIP","floor":40},{"not_picked":["Havoc+1","Bludgeon","True Grit+1"],"picked":"SKIP","floor":42},{"not_picked":["Exhume","Berserk"],"picked":"Double Tap","floor":44},{"not_picked":["Thunderclap","Impervious","Reaper"],"picked":"SKIP","floor":46},{"not_picked":["Impervious","Reaper"],"picked":"Thunderclap","floor":46},{"not_picked":["Feel No Pain","Heavy Blade","Burning Pact"],"picked":"SKIP","floor":47}],"player_experience":359122,"relics_obtained":[{"floor":7,"key":"Mercury Hourglass"},{"floor":9,"key":"Darkstone Periapt"},{"floor":10,"key":"Omamori"},{"floor":14,"key":"Old Coin"},{"floor":23,"key":"Dead Branch"},{"floor":26,"key":"Bottled Lightning"},{"floor":28,"key":"Blue Candle"},{"floor":31,"key":"Necronomicon"},{"floor":40,"key":"Nunchaku"},{"floor":43,"key":"Sundial"},{"floor":44,"key":"Potion Belt"},{"floor":46,"key":"Kunai"}],"event_choices":[{"damage_healed":0,"gold_gain":0,"player_choice":"Traded Relic","damage_taken":0,"relics_obtained":["Nloth\u0027s Gift"],"max_hp_gain":0,"max_hp_loss":0,"event_name":"N\u0027loth","floor":21,"relics_lost":["Darkstone Periapt"],"gold_loss":0},{"damage_healed":0,"gold_gain":0,"player_choice":"Ignored","damage_taken":0,"max_hp_gain":0,"max_hp_loss":0,"event_name":"Ghosts","floor":30,"gold_loss":0},{"damage_healed":0,"gold_gain":0,"player_choice":"Obtained Book","damage_taken":16,"max_hp_gain":0,"max_hp_loss":0,"event_name":"Cursed Tome","floor":31,"gold_loss":0},{"cards_removed":["Demon Form"],"damage_healed":31,"gold_gain":0,"player_choice":"Offered Rare","damage_taken":0,"max_hp_gain":10,"max_hp_loss":0,"event_name":"Bonfire Elementals","floor":48,"gold_loss":0}],"is_beta":false,"boss_relics":[{"not_picked":["Black Star","Runic Pyramid"],"picked":"Sozu"},{"not_picked":["Velvet Choker","Astrolabe"],"picked":"Coffee Dripper"}],"items_purged_floors":[3,38],"is_endless":false,"potions_floor_spawned":[1,2,14,16,22,23,25,28,36,39,42,46],"ascension_level":1}