{"gold_per_floor":[113,38,38,50,0,32,32,63,63,83,97,97,97,108,108,212,212,222,236,248,248,98,133,145,160,235,110,110,129,143,156,156,156],"floor_reached":33,"playtime":1277,"items_purged":["Strike_R","Strike_R","Strike_R"],"score":381,"play_id":"613b49b7-d2d9-450d-8d2b-f3351c658d63","local_time":"25611106194852","is_ascension_mode":false,"campfire_choices":[{"data":"Armaments","floor":7,"key":"SMITH"},{"data":"Rampage","floor":12,"key":"SMITH"},{"data":"Bash","floor":15,"key":"SMITH"},{"floor":28,"key":"REST"},{"floor":32,"key":"REST"}],"neow_cost":"NONE","seed_source_timestamp":15365234085208,"circlet_count":0,"master_deck":["Strike_R+1","Defend_R+1","Defend_R","Bash+1","Rampage+1","Armaments+1","True Grit+1","Shrug It Off+1","Dual Wield+1","Feed","Seeing Red+1","True Grit+1"],"special_seed":0,"relics":["Burning Blood","Happy Flower","Calipers","Blue Candle","Toxic Egg 2","Empty Cage","Blood Vial","Matryoshka"],"potions_floor_usage":[11,18,20,23,23,24,24,25,31],"damage_taken":[{"damage":2,"enemies":"Small Slimes","floor":1,"turns":4},{"damage":0,"enemies":"Jaw Worm","floor":4,"turns":3},{"damage":21,"enemies":"Lagavulin","floor":6,"turns":7},{"damage":31,"enemies":"3 Sentries","floor":8,"turns":10},{"damage":0,"enemies":"Cultist","floor":10,"turns":3},{"damage":21,"enemies":"Exordium Wildlife","floor":11,"turns":7},{"damage":0,"enemies":"Blue Slaver","floor":14,"turns":3},{"damage":13,"enemies":"The Guardian","floor":16,"turns":11},{"damage":15,"enemies":"3 Byrds","floor":18,"turns":6},{"damage":0,"enemies":"Shell Parasite","floor":19,"turns":7},{"damage":20,"enemies":"Cultist and Chosen","floor":20,"turns":7},{"damage":47,"enemies":"Slavers","floor":23,"turns":9},{"damage":13,"enemies":"Snecko","floor":24,"turns":7},{"damage":14,"enemies":"Snake Plant","floor":25,"turns":4},{"damage":0,"enemies":"Centurion and Healer","floor":29,"turns":9},{"damage":52,"enemies":"3 Cultists","floor":30,"turns":7},{"damage":17,"enemies":"Snake Plant","floor":31,"turns":7},{"damage":15,"enemies":"Collector","floor":33,"turns":6}],"seed_played":"2970269603771257986","potions_obtained":[{"floor":6,"key":"Ancient Potion"},{"floor":8,"key":"SkillPotion"},{"floor":11,"key":"BloodPotion"},{"floor":14,"key":"Explosive Potion"},{"floor":18,"key":"SkillPotion"},{"floor":23,"key":"Energy Potion"},{"floor":24,"key":"Energy Potion"},{"floor":30,"key":"Block Potion"}],"is_trial":false,"path_per_floor":["M","$","?","M","?","E","R","E","T","M","M","R","?","M","R","B",null,"M","M","M","?","$","E","M","M","T","$","R","M","M","M","R","B"],"character_chosen":"IRONCLAD","items_purchased":["Weak Potion"],"campfire_rested":2,"item_purchase_floors":[22],"current_hp_per_floor":[80,80,64,70,70,55,55,30,30,36,21,21,47,53,53,46,80,71,77,63,63,63,30,25,19,19,19,43,57,16,7,33,20],"gold":156,"neow_bonus":"RANDOM_COMMON_RELIC","is_prod":false,"is_daily":false,"chose_seed":false,"campfire_upgraded":3,"win_rate":0,"timestamp":1541508532,"path_taken":["M","$","?","M","?","E","R","E","T","M","M","R","?","M","R","BOSS","M","M","M","?","$","E","M","M","T","?","R","M","M","M","R","BOSS"],"build_version":"2018-11-01","purchased_purges":3,"victory":false,"max_hp_per_floor":[80,80,80,80,80,80,80,80,80,80,80,80,80,80,80,80,80,80,80,80,80,80,80,80,80,80,80,80,86,89,89,89,89],"card_choices":[{"not_picked":["True Grit","Armaments"],"picked":"Rampage","floor":1},{"not_picked":["Shrug It Off","Evolve"],"picked":"Armaments","floor":4},{"not_picked":["Whirlwind","Pommel Strike","Combust"],"picked":"SKIP","floor":6},{"not_picked":["Combust","Blood for Blood"],"picked":"True Grit","floor":8},{"not_picked":["Heavy Blade","Pommel Strike"],"picked":"Shrug It Off+1","floor":10},{"not_picked":["Havoc+1","Burning Pact+1","Flex+1"],"picked":"SKIP","floor":11},{"not_picked":["Second Wind+1","Thunderclap","Bloodletting+1"],"picked":"SKIP","floor":14},{"not_picked":["Sword Boomerang+1","Thunderclap","Armaments+1"],"picked":"SKIP","floor":18},{"not_picked":["Thunderclap","Blood for Blood"],"picked":"Dual Wield+1","floor":19},{"not_picked":["Clash","Shrug It Off+1","Pummel"],"picked":"SKIP","floor":20},{"not_picked":["Heavy Blade","Whirlwind"],"picked":"Feed","floor":23},{"not_picked":["Corruption","Bloodletting+1"],"picked":"Seeing Red+1","floor":24},{"not_picked":["Body Slam","Wild Strike"],"picked":"True Grit+1","floor":25},{"not_picked":["Anger","Perfected Strike","Headbutt"],"picked":"SKIP","floor":29},{"not_picked":["Brutality","Body Slam","Sever Soul"],"picked":"SKIP","floor":30},{"not_picked":["Iron Wave","Twin Strike","Cleave+1"],"picked":"SKIP","floor":31}],"player_experience":70854,"relics_obtained":[{"floor":6,"key":"Calipers"},{"floor":8,"key":"Blue Candle"},{"floor":9,"key":"Toxic Egg 2"},{"floor":23,"key":"Blood Vial"},{"floor":26,"key":"Matryoshka"}],"event_choices":[{"damage_healed":0,"gold_gain":0,"player_choice":"Entered Light","damage_taken":16,"max_hp_gain":0,"max_hp_loss":0,"event_name":"Shining Light","floor":3,"gold_loss":0,"cards_upgraded":["Defend_R","Strike_R"]},{"cards_removed":["Defend_R"],"damage_healed":0,"gold_gain":0,"player_choice":"Card Removal","damage_taken":0,"max_hp_gain":0,"max_hp_loss":0,"event_name":"The Cleric","floor":5,"gold_loss":50},{"damage_healed":26,"gold_gain":0,"player_choice":"Banana","damage_taken":0,"max_hp_gain":0,"max_hp_loss":0,"event_name":"Big Fish","floor":13,"gold_loss":0},{"damage_healed":0,"gold_gain":0,"player_choice":"Upgraded","damage_taken":0,"max_hp_gain":0,"max_hp_loss":0,"event_name":"Upgrade Shrine","floor":21,"gold_loss":0,"cards_upgraded":["True Grit"]}],"is_beta":false,"boss_relics":[{"not_picked":["Velvet Choker","Lizard Tail"],"picked":"Empty Cage"}],"items_purged_floors":[2,22,27],"is_endless":false,"potions_floor_spawned":[6,8,11,14,18,23,24,30],"killed_by":"Collector","ascension_level":0}