{"gold_per_floor":[118,135,135,135,60,95,95,130,154,154,154,167,191,224,224,296,296,296,212,9,9,9,9,9,9,9,9],"floor_reached":27,"playtime":1629,"items_purged":[],"score":494,"play_id":"96c107ce-ba10-4c21-a098-3f245652ad78","local_time":"20190406111852","is_ascension_mode":true,"campfire_choices":[{"data":"Iron Wave","floor":7,"key":"SMITH"},{"floor":11,"key":"REST"},{"floor":15,"key":"REST"},{"data":"Whirlwind","floor":23,"key":"SMITH"}],"neow_cost":"NONE","seed_source_timestamp":1485081387372200,"circlet_count":0,"master_deck":["AscendersBane","Strike_R+1","Strike_R","Strike_R","Defend_R","Defend_R","Defend_R","Defend_R","Bash+1","Pummel","Iron Wave+1","Headbutt+1","Flex","Inflame","Reaper","Immolate","Thunderclap+1","Whirlwind+1","Impervious"],"relics":["Burning Blood","Centennial Puzzle","Regal Pillow","Whetstone","Anchor","Shuriken","Ectoplasm","Blood Vial","Vajra","Smiling Mask","Letter Opener"],"potions_floor_usage":[6,16,24,25],"damage_taken":[{"damage":1,"enemies":"Cultist","floor":1,"turns":3},{"damage":6,"enemies":"2 Louse","floor":2,"turns":3},{"damage":8,"enemies":"Gremlin Nob","floor":6,"turns":3},{"damage":63,"enemies":"3 Sentries","floor":8,"turns":12},{"damage":7,"enemies":"Small Slimes","floor":12,"turns":3},{"damage":20,"enemies":"Lagavulin","floor":14,"turns":5},{"damage":57,"enemies":"Slime Boss","floor":16,"turns":9},{"damage":4,"enemies":"Spheric Guardian","floor":18,"turns":3},{"damage":23,"enemies":"Shell Parasite","floor":21,"turns":4},{"damage":21,"enemies":"Shelled Parasite and Fungi","floor":24,"turns":3},{"damage":53,"enemies":"Book of Stabbing","floor":25,"turns":5},{"damage":16,"enemies":"Snake Plant","floor":27,"turns":2}],"seed_played":"-8171535090880179165","potions_obtained":[{"floor":1,"key":"SteroidPotion"},{"floor":12,"key":"Explosive Potion"},{"floor":14,"key":"Weak Potion"},{"floor":16,"key":"BloodPotion"}],"is_trial":false,"path_per_floor":["M","M","?","?","?","E","R","E","T","?","R","M","T","E","R","B",null,"M","?","$","M","?","R","M","E","T","M"],"character_chosen":"IRONCLAD","items_purchased":["Vajra","Whirlwind"],"campfire_rested":2,"item_purchase_floors":[20,20],"current_hp_per_floor":[73,73,66,66,66,64,64,7,7,7,44,43,43,29,66,31,64,66,66,66,58,58,58,59,14,14,0],"gold":9,"neow_bonus":"RANDOM_COMMON_RELIC","is_prod":false,"is_daily":false,"chose_seed":false,"campfire_upgraded":2,"win_rate":0,"timestamp":1554545932,"path_taken":["M","M","?","?","?","E","R","E","T","?","R","M","?","E","R","BOSS","M","?","?","M","?","R","M","E","T","M"],"build_version":"2019-01-23","purchased_purges":0,"victory":false,"max_hp_per_floor":[75,75,75,75,75,75,75,75,75,75,75,75,75,75,75,75,75,75,75,75,75,75,75,75,75,75,75],"card_choices":[{"not_picked":["Armaments","Ghostly Armor"],"picked":"Pummel","floor":1},{"not_picked":["Second Wind","Warcry"],"picked":"Iron Wave","floor":2},{"not_picked":["Iron Wave","Second Wind"],"picked":"Headbutt","floor":6},{"not_picked":["Berserk","Iron Wave"],"picked":"Flex","floor":8},{"not_picked":["Perfected Strike","Wild Strike"],"picked":"Inflame","floor":12},{"not_picked":["Body Slam","Uppercut"],"picked":"Reaper","floor":14},{"not_picked":["Demon Form","Barricade"],"picked":"Immolate","floor":16},{"not_picked":["Body Slam+1","Perfected Strike"],"picked":"Thunderclap+1","floor":18},{"not_picked":["Metallicize","Heavy Blade","Power Through"],"picked":"SKIP","floor":21},{"not_picked":["Warcry","Flex","Carnage"],"picked":"SKIP","floor":24},{"not_picked":["Blood for Blood","Pommel Strike","Carnage"],"picked":"SKIP","floor":25}],"player_experience":2534052,"relics_obtained":[{"floor":6,"key":"Regal Pillow"},{"floor":8,"key":"Whetstone"},{"floor":13,"key":"Anchor"},{"floor":14,"key":"Shuriken"},{"floor":25,"key":"Smiling Mask"},{"floor":26,"key":"Letter Opener"}],"event_choices":[{"cards_removed":["Strike_R"],"damage_healed":0,"gold_gain":0,"player_choice":"Card Removal","damage_taken":7,"max_hp_gain":0,"max_hp_loss":0,"event_name":"Golden Wing","floor":3,"gold_loss":0},{"damage_healed":0,"gold_gain":0,"player_choice":"Grow","damage_taken":0,"max_hp_gain":0,"max_hp_loss":0,"event_name":"Living Wall","floor":4,"gold_loss":0,"cards_upgraded":["Bash"]},{"cards_removed":["Strike_R"],"damage_healed":0,"gold_gain":0,"player_choice":"Card Removal","damage_taken":0,"max_hp_gain":0,"max_hp_loss":0,"event_name":"The Cleric","floor":5,"gold_loss":75},{"damage_healed":0,"gold_gain":0,"player_choice":"Searched \u00270\u0027 times","damage_taken":0,"max_hp_gain":0,"max_hp_loss":0,"event_name":"Dead Adventurer","floor":10,"gold_loss":0},{"damage_healed":0,"gold_gain":0,"player_choice":"Paid Gold","damage_taken":0,"relics_obtained":["Blood Vial"],"max_hp_gain":0,"max_hp_loss":0,"event_name":"WeMeetAgain","floor":19,"gold_loss":84},{"damage_healed":0,"gold_gain":0,"player_choice":"Read","damage_taken":0,"max_hp_gain":0,"max_hp_loss":0,"event_name":"The Library","floor":22,"gold_loss":0,"cards_obtained":["Impervious"]}],"is_beta":false,"boss_relics":[{"not_picked":["Tiny House","Runic Cube"],"picked":"Ectoplasm"}],"items_purged_floors":[],"is_endless":false,"potions_floor_spawned":[1,12,14,16],"killed_by":"Snake Plant","ascension_level":20}