{"gold_per_floor":[115,135,155,155,171,171,199,199,223,242,49,27,43,43,43,142,142,156,87,105,0,0,0,0,16,16,16,16,16,31,41,41,41],"floor_reached":33,"playtime":1225,"items_purged":["Strike_B"],"score":267,"play_id":"42f4f03e-788f-4873-9c4a-cbdd821b2baf","local_time":"20190106150232","is_ascension_mode":false,"campfire_choices":[{"data":"Sweeping Beam","floor":6,"key":"SMITH"},{"data":"Undo","floor":8,"key":"SMITH"},{"data":"Machine Learning","floor":15,"key":"SMITH"},{"data":"Creative AI","floor":23,"key":"SMITH"},{"floor":27,"key":"REST"},{"data":"Defragment","floor":29,"key":"SMITH"},{"floor":32,"key":"REST"}],"neow_cost":"NONE","seed_source_timestamp":1424638928147991,"circlet_count":0,"master_deck":["Strike_B","Strike_B","Strike_B","Defend_B","Defend_B","Defend_B","Defend_B","Zap","Dualcast","Undo+1","Sweeping Beam+1","Leap","Lockon","Bandage Up","Ball Lightning","Meteor Strike","Compile Driver","Sunder","Beam Cell","Cold Snap","Machine Learning+1","Creative AI+1","Hello World","Loop","Turbo","Static Discharge","Defragment+1","Defragment","Go for the Eyes"],"relics":["White Beast Statue"],"potions_floor_usage":[5,7,10,13,16,16,20,25,25,25,28,31,33],"damage_taken":[{"damage":6,"enemies":"Cultist","floor":1,"turns":4},{"damage":0,"enemies":"2 Louse","floor":2,"turns":4},{"damage":0,"enemies":"Small Slimes","floor":3,"turns":4},{"damage":0,"enemies":"Exordium Wildlife","floor":5,"turns":3},{"damage":20,"enemies":"Lagavulin","floor":7,"turns":6},{"damage":5,"enemies":"Large Slime","floor":10,"turns":5},{"damage":4,"enemies":"2 Fungi Beasts","floor":13,"turns":3},{"damage":23,"enemies":"Hexaghost","floor":16,"turns":8},{"damage":14,"enemies":"Chosen","floor":18,"turns":8},{"damage":18,"enemies":"3 Byrds","floor":20,"turns":4},{"damage":61,"enemies":"Cultist and Chosen","floor":25,"turns":6},{"damage":0,"enemies":"Slavers","floor":28,"turns":1},{"damage":23,"enemies":"Snake Plant","floor":30,"turns":7},{"damage":17,"enemies":"Centurion and Healer","floor":31,"turns":7},{"damage":49,"enemies":"Champ","floor":33,"turns":6}],"seed_played":"-8939057001573242941","potions_obtained":[{"floor":1,"key":"Swift Potion"},{"floor":2,"key":"Energy Potion"},{"floor":3,"key":"Poison Potion"},{"floor":5,"key":"Fruit Juice"},{"floor":7,"key":"EssenceOfSteel"},{"floor":10,"key":"PowerPotion"},{"floor":13,"key":"Regen Potion"},{"floor":16,"key":"FocusPotion"},{"floor":18,"key":"SneckoOil"},{"floor":20,"key":"PowerPotion"},{"floor":25,"key":"SmokeBomb"},{"floor":30,"key":"Swift Potion"},{"floor":31,"key":"SpeedPotion"}],"is_trial":false,"path_per_floor":["M","M","M","?","M","R","E","R","T","M","$","$","M","?","R","B",null,"M","$","M","?","$","R","?","M","T","R","E","R","M","M","R","B"],"character_chosen":"DEFECT","items_purchased":["Sunder","Beam Cell","Cold Snap","Loop"],"campfire_rested":2,"item_purchase_floors":[11,11,12,19],"current_hp_per_floor":[69,69,69,69,73,73,62,62,62,61,61,61,61,61,61,42,80,70,70,56,56,56,56,56,14,14,38,38,38,19,6,30,0],"gold":41,"neow_bonus":"BOSS_RELIC","is_prod":false,"is_daily":false,"chose_seed":false,"campfire_upgraded":5,"win_rate":0,"timestamp":1546783352,"path_taken":["M","?","M","?","M","R","E","R","T","?","?","$","?","?","R","BOSS","M","$","M","?","$","R","?","M","T","R","E","R","M","M","R","BOSS"],"build_version":"2019-01-03v4","purchased_purges":1,"victory":false,"max_hp_per_floor":[75,75,75,75,75,75,80,80,80,80,80,80,80,80,80,80,80,80,80,80,80,80,80,80,80,80,80,80,80,80,80,80,80],"card_choices":[{"not_picked":["Coolheaded","Double Energy"],"picked":"Undo","floor":1},{"not_picked":["Barrage","Stack"],"picked":"Sweeping Beam","floor":2},{"not_picked":["Go for the Eyes","Coolheaded"],"picked":"Leap","floor":3},{"not_picked":["Barrage","Beam Cell"],"picked":"Ball Lightning","floor":5},{"not_picked":["Consume","Go for the Eyes"],"picked":"Meteor Strike","floor":7},{"not_picked":["Gash","Sweeping Beam"],"picked":"Compile Driver","floor":10},{"not_picked":["Blizzard","Coolheaded"],"picked":"Machine Learning","floor":13},{"not_picked":["Buffer","Hyperbeam"],"picked":"Creative AI","floor":16},{"not_picked":["Beam Cell","Compile Driver"],"picked":"Hello World","floor":18},{"not_picked":["Go for the Eyes","Steam"],"picked":"Turbo","floor":20},{"not_picked":["Turbo","Fusion"],"picked":"Defragment","floor":25},{"not_picked":["Hologram","Scrape+1"],"picked":"Defragment","floor":30},{"not_picked":["Gash+1","Self Repair+1"],"picked":"Go for the Eyes","floor":31}],"player_experience":419709,"relics_obtained":[],"event_choices":[{"damage_healed":0,"gold_gain":0,"player_choice":"2 cards matched","damage_taken":0,"max_hp_gain":0,"max_hp_loss":0,"event_name":"Match and Keep!","floor":4,"gold_loss":0,"cards_obtained":["Lockon","Bandage Up"]},{"damage_healed":0,"gold_gain":0,"player_choice":"Searched \u00270\u0027 times","damage_taken":0,"max_hp_gain":0,"max_hp_loss":0,"event_name":"Dead Adventurer","floor":14,"gold_loss":0},{"damage_healed":0,"gold_gain":0,"player_choice":"Paid Fearfully","damage_taken":0,"max_hp_gain":0,"max_hp_loss":0,"event_name":"Masked Bandits","floor":21,"gold_loss":105},{"damage_healed":0,"gold_gain":0,"player_choice":"Read","damage_taken":0,"max_hp_gain":0,"max_hp_loss":0,"event_name":"The Library","floor":24,"gold_loss":0,"cards_obtained":["Static Discharge"]}],"is_beta":false,"boss_relics":[{"not_picked":["Pandora\u0027s Box","Empty Cage","Runic Pyramid"]}],"items_purged_floors":[11],"is_endless":false,"potions_floor_spawned":[1,2,3,5,7,10,13,16,18,20,25,28,30,31],"killed_by":"Champ","ascension_level":0}