{"gold_per_floor":[116,116,116,135,146,146,161,161,187,221,221,251,263,293,293,371,371,382,400,116,132,132,132,164,164,188,188,152,152,177,188,188,262,262,280,299,107,107,107,107,123,156,181,107,122,134,154,167,167,167],"floor_reached":51,"playtime":2555,"items_purged":[],"score":1409,"play_id":"bf18a843-3061-408f-8ea9-d92bade24a45","local_time":"20180919122946","is_ascension_mode":true,"campfire_choices":[{"data":"Zap","floor":6.0,"key":"SMITH"},{"data":"Dualcast","floor":8.0,"key":"SMITH"},{"data":"Hologram","floor":11.0,"key":"SMITH"},{"floor":15.0,"key":"REST"},{"data":"Electrodynamics","floor":23.0,"key":"SMITH"},{"data":"Consume","floor":25.0,"key":"SMITH"},{"floor":27.0,"key":"REST"},{"data":"Defragment","floor":29.0,"key":"SMITH"},{"data":"Streamline","floor":32.0,"key":"SMITH"},{"floor":40,"key":"REST"},{"data":"Thinking Ahead","floor":49,"key":"SMITH"}],"neow_cost":"NONE","seed_source_timestamp":1035144477997,"circlet_count":0,"master_deck":["Zap+1","Dualcast+1","AscendersBane","Leap","Conserve Battery","Cold Snap","Coolheaded","Compile Driver","Hologram+1","Go for the Eyes","Steam","Electrodynamics+1","Streamline+1","Redo","Steam","Gash","Barrage","Steam","Cold Snap","Ball Lightning","FTL","Leap","Consume+1","Defragment+1","Steam+1","Leap+1","Biased Cognition","Go for the Eyes+1","Thinking Ahead+1","Scrape","Thunder Strike","Compile Driver+1"],"special_seed":0,"relics":["Cracked Core","Anchor","Art of War","Potion Belt","Mummified Hand","DataDisk","Pandora\u0027s Box","Runic Capacitor","Emotion Chip","Boot","Unceasing Top","Inserter","OrangePellets","FossilizedHelix","Bronze Scales","Bag of Preparation"],"potions_floor_usage":[50,50,50],"damage_taken":[{"damage":0.0,"enemies":"Small Slimes","floor":1.0,"turns":4.0},{"damage":0.0,"enemies":"2 Louse","floor":4.0,"turns":2.0},{"damage":0.0,"enemies":"Jaw Worm","floor":5.0,"turns":3.0},{"damage":0.0,"enemies":"Large Slime","floor":7.0,"turns":8.0},{"damage":9.0,"enemies":"Lagavulin","floor":10.0,"turns":7.0},{"damage":17.0,"enemies":"Gremlin Nob","floor":12.0,"turns":4.0},{"damage":11.0,"enemies":"Exordium Thugs","floor":13.0,"turns":5.0},{"damage":8.0,"enemies":"Lagavulin","floor":14.0,"turns":8.0},{"damage":6.0,"enemies":"The Guardian","floor":16.0,"turns":13.0},{"damage":0.0,"enemies":"Shell Parasite","floor":18.0,"turns":6.0},{"damage":9.0,"enemies":"Spheric Guardian","floor":19.0,"turns":4.0},{"damage":1.0,"enemies":"3 Cultists","floor":21.0,"turns":4.0},{"damage":3.0,"enemies":"Gremlin Leader","floor":24.0,"turns":4.0},{"damage":17.0,"enemies":"Slavers","floor":30.0,"turns":4.0},{"damage":0.0,"enemies":"Cultist and Chosen","floor":31.0,"turns":6.0},{"damage":31.0,"enemies":"Collector","floor":33.0,"turns":6.0},{"damage":14.0,"enemies":"3 Darklings","floor":35.0,"turns":4.0},{"damage":12.0,"enemies":"Orb Walker","floor":36.0,"turns":3.0},{"damage":0.0,"enemies":"Mind Bloom Boss Battle","floor":38.0,"turns":7.0},{"damage":0,"enemies":"Maw","floor":41,"turns":5},{"damage":0,"enemies":"Nemesis","floor":42,"turns":7},{"damage":0,"enemies":"Transient","floor":45,"turns":5},{"damage":0,"enemies":"4 Shapes","floor":46,"turns":5},{"damage":0,"enemies":"Sphere and 2 Shapes","floor":47,"turns":5},{"damage":0,"enemies":"Reptomancer","floor":48,"turns":3},{"damage":0,"enemies":"Awakened One","floor":50,"turns":10}],"seed_played":"8919699848807772576","potions_obtained":[{"floor":1.0,"key":"LiquidBronze"},{"floor":7.0,"key":"EssenceOfSteel"},{"floor":10.0,"key":"Block Potion"},{"floor":14.0,"key":"AttackPotion"},{"floor":18.0,"key":"Regen Potion"},{"floor":19.0,"key":"Strength Potion"},{"floor":33.0,"key":"Regen Potion"},{"floor":36.0,"key":"FairyPotion"},{"floor":38,"key":"Energy Potion"}],"is_trial":false,"path_per_floor":["M","?","?","M","M","R","M","R","T","E","R","E","M","E","R","B",null,"M","M","$","M","?","R","E","R","T","R","$","R","E","M","R","B",null,"M","M","$","M","?","R","M","E","T","$","M","M","M","M","R","B"],"character_chosen":"DEFECT","items_purchased":["Runic Capacitor","FTL","Defragment","OrangePellets","Scrape"],"campfire_rested":3,"item_purchase_floors":[20,20,28,37,44],"current_hp_per_floor":[64,57,57,57,57,57,57,57,57,48,48,31,20,12,33,27,60,60,51,51,50,50,50,47,47,47,68,68,68,51,51,51,35,62,60,48,48,48,48,69,69,69,69,69,69,69,69,69,69,69],"gold":167,"neow_bonus":"THREE_CARDS","is_prod":false,"is_daily":false,"chose_seed":false,"campfire_upgraded":8,"win_rate":0,"timestamp":1537385386,"path_taken":["M","?","?","M","M","R","M","R","T","E","R","E","M","E","R","BOSS","M","M","$","M","?","R","E","R","T","R","$","R","E","M","R","BOSS","M","M","$","?","?","R","M","E","T","$","?","M","M","?","R","BOSS"],"build_version":"2018-09-06","purchased_purges":0,"victory":true,"max_hp_per_floor":[71,71,71,71,71,71,71,71,71,71,71,71,71,71,71,71,71,71,71,71,71,71,71,71,71,71,71,71,71,71,71,71,71,71,71,71,71,71,71,71,71,71,71,71,71,71,71,71,71,71],"card_choices":[{"not_picked":["Scrape","Barrage"],"picked":"Leap","floor":0.0},{"not_picked":["Blizzard","Turbo"],"picked":"Conserve Battery","floor":1.0},{"not_picked":["Leap","Undo"],"picked":"Cold Snap","floor":4.0},{"not_picked":["BootSequence","Reprogram"],"picked":"Coolheaded","floor":5.0},{"not_picked":["Stack","Doom and Gloom"],"picked":"Compile Driver","floor":7.0},{"not_picked":["Sweeping Beam","Cold Snap"],"picked":"Hologram","floor":10.0},{"not_picked":["Lockon","Force Field","Tempest"],"picked":"SKIP","floor":12.0},{"not_picked":["Steam","Storm"],"picked":"Go for the Eyes","floor":13.0},{"not_picked":["Hyperbeam","Amplify"],"picked":"Steam","floor":14.0},{"not_picked":["Buffer","Meteor Strike"],"picked":"Electrodynamics","floor":16.0},{"not_picked":["Cold Snap","Compile Driver"],"picked":"Ball Lightning","floor":18.0},{"not_picked":["Steam","Streamline","Gash"],"picked":"SKIP","floor":19.0},{"not_picked":["Stack","Redo","Cold Snap"],"picked":"SKIP","floor":21.0},{"not_picked":["Ball Lightning","FTL"],"picked":"Consume","floor":24.0},{"not_picked":["Auto Shields","FTL"],"picked":"Steam+1","floor":30.0},{"not_picked":["Streamline","Heatsinks"],"picked":"Leap+1","floor":31.0},{"not_picked":["Thunder Strike","Rainbow"],"picked":"Biased Cognition","floor":33.0},{"not_picked":["White Noise","Conserve Battery","Gash"],"picked":"SKIP","floor":35.0},{"not_picked":["Gash","Beam Cell"],"picked":"Go for the Eyes+1","floor":36.0},{"not_picked":["Beam Cell","Streamline","Capacitor"],"picked":"SKIP","floor":38},{"not_picked":["Mayhem","Good Instincts"],"picked":"Thinking Ahead","floor":39},{"not_picked":["Turbo+1","Recycle","Hello World"],"picked":"SKIP","floor":41},{"not_picked":["Creative AI","Storm","Rebound"],"picked":"SKIP","floor":42},{"not_picked":["Turbo+1","Compile Driver","Cold Snap"],"picked":"SKIP","floor":45},{"not_picked":["Sweeping Beam","Chaos","Ball Lightning"],"picked":"SKIP","floor":46},{"not_picked":["Hello World","Fusion"],"picked":"Thunder Strike","floor":47},{"not_picked":["Go for the Eyes","Hologram+1"],"picked":"Compile Driver+1","floor":48}],"player_experience":1161427,"relics_obtained":[{"floor":3.0,"key":"Anchor"},{"floor":9.0,"key":"Art of War"},{"floor":10.0,"key":"Potion Belt"},{"floor":12.0,"key":"Mummified Hand"},{"floor":14.0,"key":"DataDisk"},{"floor":24.0,"key":"Emotion Chip"},{"floor":26.0,"key":"Boot"},{"floor":30.0,"key":"Unceasing Top"},{"floor":38,"key":"FossilizedHelix"},{"floor":42,"key":"Bronze Scales"},{"floor":43,"key":"Bag of Preparation"}],"event_choices":[{"event_name":"Golden Wing","player_choice":"Card Removal","floor":2.0,"damage_taken":0.0},{"event_name":"Wheel of Change","player_choice":"Relic","floor":3.0,"damage_taken":0.0},{"event_name":"Duplicator","player_choice":"One dupe","floor":22.0,"damage_taken":0.0},{"event_name":"MindBloom","player_choice":"Fight","floor":38.0,"damage_taken":0.0},{"event_name":"SensoryStone","player_choice":"Memory 1","floor":39,"damage_taken":0}],"is_beta":false,"boss_relics":[{"not_picked":["Tiny House","Snecko Eye"],"picked":"Pandora\u0027s Box"},{"not_picked":["White Beast Statue","Eternal Feather"],"picked":"Inserter"}],"items_purged_floors":[],"is_endless":false,"potions_floor_spawned":[1,7,10,14,18,19,21,33,36,38,45],"ascension_level":15}