{"gold_per_floor":[114,189,209,1,1,1,30,44,44,56,56,85,85,99,99,173,173,191,106,132,157,179,191,228,165,165,165,184,218,251,251,251,326,376,387,406,406,143,160,194,194,222,248,258,276,293,303,323,323,323,323],"floor_reached":52,"playtime":1969,"items_purged":["Armaments","Hologram"],"score":2857,"play_id":"d6c04b88-06cd-44b6-8d5d-a0d3fd5e9c02","local_time":"20190112001428","daily_mods":["SealedDeck","Vintage","Diverse","Uncertain Future"],"is_ascension_mode":true,"campfire_choices":[{"data":"Apotheosis","floor":6.0,"key":"SMITH"},{"data":"Sunder","floor":13,"key":"SMITH"},{"data":"Acrobatics","floor":15,"key":"SMITH"},{"floor":23,"key":"REST"},{"floor":27,"key":"REST"},{"floor":32,"key":"REST"},{"floor":41,"key":"REST"},{"floor":49,"key":"REST"}],"neow_cost":"","seed_source_timestamp":0,"circlet_count":0,"master_deck":["AscendersBane","Steam+1","Sunder+1","Backflip","Acrobatics+1","FTL+1","BootSequence","Apotheosis+1","Pommel Strike+1","Hyperbeam+1","Backstab+1","Masterful Stab+1"],"special_seed":0,"relics":["Ring of the Snake","Gremlin Horn","Ancient Tea Set","Bottled Flame","Kunai","Sundial","Strawberry","Torii","Question Card","Fusion Hammer","StoneCalendar","MawBank","Molten Egg 2","Mummified Hand","Oddly Smooth Stone","Pear","Shuriken","Turnip","Pantograph","Red Mask","Tiny House","Matryoshka","Thread and Needle","CultistMask","Lantern","Whetstone","Smiling Mask","Vajra","Omamori","Bag of Marbles","Ornamental Fan","Letter Opener","Bottled Lightning","Art of War","Bronze Scales"],"potions_floor_usage":[],"damage_taken":[{"damage":0.0,"enemies":"2 Louse","floor":1.0,"turns":1.0},{"damage":0.0,"enemies":"Small Slimes","floor":3.0,"turns":2.0},{"damage":0.0,"enemies":"Lagavulin","floor":7.0,"turns":6.0},{"damage":0,"enemies":"Jaw Worm","floor":8,"turns":2},{"damage":0,"enemies":"Blue Slaver","floor":10,"turns":3},{"damage":0,"enemies":"Gremlin Nob","floor":12,"turns":3},{"damage":0,"enemies":"Exordium Wildlife","floor":14,"turns":1},{"damage":0,"enemies":"The Guardian","floor":16,"turns":4},{"damage":0,"enemies":"Chosen","floor":18,"turns":3},{"damage":0,"enemies":"Shell Parasite","floor":20,"turns":3},{"damage":0,"enemies":"Sentry and Sphere","floor":21,"turns":3},{"damage":6,"enemies":"Shelled Parasite and Fungi","floor":22,"turns":3},{"damage":0,"enemies":"Slavers","floor":24,"turns":4},{"damage":0,"enemies":"Snake Plant","floor":28,"turns":1},{"damage":0,"enemies":"Gremlin Leader","floor":29,"turns":1},{"damage":0,"enemies":"Masked Bandits","floor":30,"turns":1},{"damage":0,"enemies":"Champ","floor":33,"turns":1},{"damage":0,"enemies":"3 Darklings","floor":35,"turns":1},{"damage":0,"enemies":"Orb Walker","floor":36,"turns":2},{"damage":0,"enemies":"Writhing Mass","floor":39,"turns":1},{"damage":0,"enemies":"Nemesis","floor":40,"turns":1},{"damage":0,"enemies":"Giant Head","floor":42,"turns":1},{"damage":0,"enemies":"4 Shapes","floor":44,"turns":1},{"damage":0,"enemies":"Maw","floor":45,"turns":1},{"damage":0,"enemies":"Transient","floor":46,"turns":1},{"damage":0,"enemies":"Spire Growth","floor":47,"turns":1},{"damage":0,"enemies":"Sphere and 2 Shapes","floor":48,"turns":1},{"damage":0,"enemies":"Awakened One","floor":50,"turns":2},{"damage":0,"enemies":"Donu and Deca","floor":51,"turns":1}],"seed_played":"7555341698180406191","potions_obtained":[{"floor":7.0,"key":"LiquidBronze"},{"floor":10,"key":"GamblersBrew"},{"floor":14,"key":"Swift Potion"}],"is_trial":true,"path_per_floor":["M","?","M","$","?","R","E","M","T","M","$","E","R","M","R","B",null,"M","?","M","M","M","R","E","$","T","R","M","E","?","?","R","B",null,"M","M","?","$","M","E","R","E","T","M","M","M","M","M","R","B","B",null],"character_chosen":"THE_SILENT","items_purchased":["Apotheosis","Lantern"],"campfire_rested":5,"item_purchase_floors":[4,38],"current_hp_per_floor":[59,48,48,48,53,53,53,53,53,60,60,60,60,60,60,60,74,74,74,74,74,68,78,88,88,88,88,88,88,88,88,88,88,93,93,93,93,93,93,93,93,93,93,93,93,93,93,93,93,93,93],"gold":323,"neow_bonus":"","is_prod":false,"is_daily":false,"chose_seed":false,"campfire_upgraded":3,"win_rate":0,"timestamp":1547223268,"path_taken":["M","?","M","$","?","R","E","M","T","M","?","E","R","M","R","BOSS","M","?","M","M","M","R","E","$","T","R","M","E","?","?","R","BOSS","M","M","?","$","?","E","R","E","T","?","M","M","M","M","R","BOSS","BOSS"],"build_version":"2019-01-10","purchased_purges":2,"victory":true,"max_hp_per_floor":[66,66,66,66,71,71,71,71,71,78,78,78,78,78,78,78,78,78,78,78,78,78,78,88,88,88,88,88,88,88,88,88,88,93,93,93,93,93,93,93,93,93,93,93,93,93,93,93,93,93,93],"card_choices":[{"not_picked":["Streamline","Sunder","Outmaneuver"],"picked":"SKIP","floor":7.0},{"not_picked":["Cold Snap","Chaos","Aggregate"],"picked":"SKIP","floor":12},{"not_picked":["Wild Strike+1","Hologram","Conserve Battery"],"picked":"Pommel Strike+1","floor":24},{"not_picked":["Steam Power","Rebound+1","Sentinel+1","Pommel Strike+1"],"picked":"SKIP","floor":29},{"not_picked":["Pummel+1","Leap","Choke+1"],"picked":"Hyperbeam+1","floor":30},{"not_picked":["Hello World","Warcry","Slice+1","Blade Dance+1"],"picked":"SKIP","floor":40},{"not_picked":["BootSequence","Bane+1","Intimidate+1","Creative AI"],"picked":"SKIP","floor":42}],"player_experience":1238808,"relics_obtained":[{"floor":1.0,"key":"Gremlin Horn"},{"floor":3.0,"key":"Ancient Tea Set"},{"floor":7.0,"key":"Bottled Flame"},{"floor":8,"key":"Kunai"},{"floor":9,"key":"Sundial"},{"floor":10,"key":"Strawberry"},{"floor":12,"key":"Torii"},{"floor":14,"key":"Question Card"},{"floor":18,"key":"StoneCalendar"},{"floor":20,"key":"Molten Egg 2"},{"floor":21,"key":"Mummified Hand"},{"floor":22,"key":"Oddly Smooth Stone"},{"floor":24,"key":"Pear"},{"floor":26,"key":"Shuriken"},{"floor":28,"key":"Turnip"},{"floor":29,"key":"Pantograph"},{"floor":30,"key":"Red Mask"},{"floor":35,"key":"Matryoshka"},{"floor":36,"key":"Thread and Needle"},{"floor":39,"key":"Whetstone"},{"floor":40,"key":"Smiling Mask"},{"floor":42,"key":"Vajra"},{"floor":43,"key":"Omamori"},{"floor":43,"key":"Bag of Marbles"},{"floor":44,"key":"Ornamental Fan"},{"floor":45,"key":"Letter Opener"},{"floor":46,"key":"Bottled Lightning"},{"floor":47,"key":"Art of War"},{"floor":48,"key":"Bronze Scales"}],"event_choices":[{"damage_healed":0.0,"max_hp_gain":0.0,"max_hp_loss":0.0,"gold_gain":75.0,"event_name":"World of Goop","player_choice":"Gather Gold","floor":2.0,"gold_loss":0.0,"damage_taken":11.0},{"damage_healed":0.0,"max_hp_gain":5.0,"max_hp_loss":0.0,"gold_gain":0.0,"event_name":"Big Fish","player_choice":"Donut","floor":5.0,"gold_loss":0.0,"damage_taken":0.0},{"damage_healed":0,"gold_gain":0,"player_choice":"Obtained Relic","damage_taken":0,"relics_obtained":["MawBank"],"max_hp_gain":0,"max_hp_loss":0,"event_name":"Addict","floor":19,"gold_loss":85},{"damage_healed":0,"gold_gain":0,"player_choice":"Fought Bandits","damage_taken":0,"max_hp_gain":0,"max_hp_loss":0,"event_name":"Masked Bandits","floor":30,"gold_loss":0},{"damage_healed":0,"gold_gain":0,"cards_transformed":["Rampage","All Out Attack"],"player_choice":"Became Test Subject","damage_taken":0,"max_hp_gain":0,"max_hp_loss":0,"event_name":"Drug Dealer","floor":31,"gold_loss":0,"cards_obtained":["Backstab","Masterful Stab"]},{"damage_healed":0,"gold_gain":0,"player_choice":"Trade","damage_taken":0,"relics_obtained":["CultistMask"],"max_hp_gain":0,"max_hp_loss":0,"event_name":"FaceTrader","floor":37,"gold_loss":0}],"is_beta":true,"boss_relics":[{"not_picked":["Coffee Dripper","Philosopher\u0027s Stone"],"picked":"Fusion Hammer"},{"not_picked":["Eternal Feather","Calling Bell"],"picked":"Tiny House"}],"items_purged_floors":[25,38],"is_endless":false,"potions_floor_spawned":[7,10,14,22,24,29,33,35,39,42,44,45],"ascension_level":20}