{"gold_per_floor":[112,112,112,133,154,197,209,241,279,291,319,331,343,398,410,422],"floor_reached":16,"playtime":1018,"items_purged":[],"score":220,"play_id":"3a3d0dae-886f-49b4-a708-3bbd28baf172","local_time":"20190323181943","is_ascension_mode":true,"campfire_choices":[{"data":"Armaments","floor":7,"key":"SMITH"},{"data":"Shockwave","floor":12,"key":"SMITH"},{"data":"Shrug It Off","floor":15,"key":"SMITH"}],"neow_cost":"NONE","seed_source_timestamp":304945567538500,"circlet_count":0,"master_deck":["AscendersBane","Strike_R","Strike_R","Strike_R","Strike_R","Defend_R","Defend_R","Defend_R","Defend_R","Bash+1","Iron Wave","Feel No Pain","Armaments+1","Dropkick","Pummel","Shockwave+1","Shrug It Off+1"],"relics":["Burning Blood","Golden Idol","MawBank","Juzu Bracelet","Oddly Smooth Stone"],"potions_floor_usage":[6,8,14],"damage_taken":[{"damage":1,"enemies":"Small Slimes","floor":1,"turns":3},{"damage":12,"enemies":"Jaw Worm","floor":4,"turns":3},{"damage":7,"enemies":"Cultist","floor":5,"turns":4},{"damage":24,"enemies":"3 Sentries","floor":6,"turns":18},{"damage":6,"enemies":"Lots of Slimes","floor":8,"turns":7},{"damage":11,"enemies":"Looter","floor":11,"turns":4},{"damage":12,"enemies":"Lagavulin","floor":14,"turns":8},{"damage":38,"enemies":"Hexaghost","floor":16,"turns":9}],"seed_played":"-3923946773459235756","potions_obtained":[{"floor":4,"key":"Swift Potion"},{"floor":5,"key":"AttackPotion"},{"floor":11,"key":"Fire Potion"}],"is_trial":false,"path_per_floor":["M","?","?","M","M","E","R","M","T","$","M","R","?","E","R","B"],"character_chosen":"IRONCLAD","items_purchased":[],"campfire_rested":0,"item_purchase_floors":[],"current_hp_per_floor":[73,73,73,67,66,48,48,48,48,48,43,43,43,37,37,0],"gold":422,"neow_bonus":"UPGRADE_CARD","is_prod":false,"is_daily":false,"chose_seed":false,"campfire_upgraded":3,"win_rate":0,"timestamp":1553365183,"path_taken":["M","?","?","M","M","E","R","M","T","$","M","R","?","E","R","BOSS"],"build_version":"2019-01-23","purchased_purges":0,"victory":false,"max_hp_per_floor":[75,75,75,75,75,75,75,75,75,75,75,75,75,75,75,75],"card_choices":[{"not_picked":["Body Slam","Warcry"],"picked":"Iron Wave","floor":1},{"not_picked":["Rage","Pommel Strike"],"picked":"Feel No Pain","floor":4},{"not_picked":["Rage","Warcry"],"picked":"Armaments","floor":5},{"not_picked":["Cleave","Limit Break"],"picked":"Dropkick","floor":6},{"not_picked":["Armaments","Searing Blow"],"picked":"Pummel","floor":8},{"not_picked":["Pommel Strike","Iron Wave"],"picked":"Shockwave","floor":11},{"not_picked":["Anger","Pommel Strike"],"picked":"Shrug It Off","floor":14}],"player_experience":2323618,"relics_obtained":[{"floor":6,"key":"MawBank"},{"floor":9,"key":"Juzu Bracelet"},{"floor":14,"key":"Oddly Smooth Stone"}],"event_choices":[{"damage_healed":0,"gold_gain":0,"player_choice":"Take Wound","damage_taken":0,"relics_obtained":["Golden Idol"],"max_hp_gain":0,"max_hp_loss":0,"event_name":"Golden Idol","floor":2,"gold_loss":0,"cards_obtained":["Injury"]},{"cards_removed":["Injury"],"damage_healed":0,"gold_gain":0,"player_choice":"Purged","damage_taken":0,"max_hp_gain":0,"max_hp_loss":0,"event_name":"Purifier","floor":3,"gold_loss":0},{"cards_removed":["Strike_R"],"damage_healed":0,"gold_gain":0,"player_choice":"Offered Basic","damage_taken":0,"max_hp_gain":0,"max_hp_loss":0,"event_name":"Bonfire Elementals","floor":13,"gold_loss":0}],"is_beta":false,"boss_relics":[],"items_purged_floors":[],"is_endless":false,"potions_floor_spawned":[4,5,11],"killed_by":"Hexaghost","ascension_level":20}