{"gold_per_floor":[112,37,37,37,51,51,51,71,71,91,106,126,126,146,146,247,247,265,265,246,246,265,265,278,278,304,304,304],"floor_reached":28,"playtime":1414,"items_purged":["Strike_B"],"score":221,"play_id":"2bceea23-61f3-431c-aa23-802e94f96d60","local_time":"20181014205005","is_ascension_mode":true,"campfire_choices":[{"floor":6.0,"key":"REST"},{"floor":13.0,"key":"REST"},{"floor":15.0,"key":"REST"},{"floor":23,"key":"REST"},{"floor":25,"key":"REST"},{"floor":27,"key":"REST"}],"neow_cost":"NONE","seed_source_timestamp":0,"circlet_count":0,"master_deck":["Strike_B","Strike_B","Strike_B","Defend_B","Defend_B","Defend_B","Defend_B","Zap","Dualcast","Ball Lightning","Undo","Buffer+1","Capacitor","Genetic Algorithm","Static Discharge","Barrage","Double Energy+1"],"special_seed":0,"relics":["Fusion Hammer","Potion Belt","Vajra","Odd Mushroom","Nuclear Battery","Anchor"],"potions_floor_usage":[22],"damage_taken":[{"damage":5.0,"enemies":"Small Slimes","floor":1.0,"turns":3.0},{"damage":1.0,"enemies":"Cultist","floor":5.0,"turns":4.0},{"damage":1.0,"enemies":"Jaw Worm","floor":8.0,"turns":3.0},{"damage":16.0,"enemies":"The Mushroom Lair","floor":10.0,"turns":5.0},{"damage":1.0,"enemies":"Large Slime","floor":11.0,"turns":5.0},{"damage":0.0,"enemies":"Exordium Thugs","floor":12.0,"turns":4.0},{"damage":0.0,"enemies":"2 Fungi Beasts","floor":14.0,"turns":4.0},{"damage":29.0,"enemies":"The Guardian","floor":16.0,"turns":14.0},{"damage":21,"enemies":"Spheric Guardian","floor":18,"turns":5},{"damage":10,"enemies":"2 Thieves","floor":20,"turns":4},{"damage":33,"enemies":"Cultist and Chosen","floor":22,"turns":8},{"damage":26,"enemies":"Sentry and Sphere","floor":24,"turns":6},{"damage":65,"enemies":"3 Cultists","floor":28,"turns":5}],"seed_played":"4773214121478580232","potions_obtained":[{"floor":1.0,"key":"Fruit Juice"},{"floor":8.0,"key":"GamblersBrew"},{"floor":10.0,"key":"SkillPotion"},{"floor":12.0,"key":"Energy Potion"},{"floor":22,"key":"SteroidPotion"},{"floor":24,"key":"GamblersBrew"}],"is_trial":false,"path_per_floor":["M","$","?","?","M","R","?","M","T","?","M","M","R","M","R","B",null,"M","?","M","?","M","R","M","R","T","R"],"character_chosen":"DEFECT","items_purchased":[],"campfire_rested":6,"item_purchase_floors":[],"current_hp_per_floor":[70,70,70,70,74,80,80,79,79,63,62,62,80,80,80,51,80,59,59,49,49,16,40,14,38,38,62,0],"gold":304,"neow_bonus":"BOSS_RELIC","is_prod":false,"is_daily":false,"chose_seed":false,"campfire_upgraded":0,"win_rate":0,"timestamp":1539546605,"path_taken":["M","$","?","?","M","R","?","M","T","?","?","M","R","M","R","BOSS","M","?","M","?","M","R","M","R","T","R","M"],"build_version":"2018-10-11","purchased_purges":1,"victory":false,"max_hp_per_floor":[75,75,75,75,80,80,80,80,80,80,80,80,80,80,80,80,80,80,80,80,80,80,80,80,80,80,80,80],"card_choices":[{"not_picked":["Ball Lightning","Gash"],"picked":"Streamline","floor":1.0},{"not_picked":["Turbo","Stack"],"picked":"Ball Lightning","floor":5.0},{"not_picked":["Fusion","Barrage","Turbo"],"picked":"SKIP","floor":8.0},{"not_picked":["BootSequence","Blizzard"],"picked":"Undo","floor":10.0},{"not_picked":["Sunder","Beam Cell","Steam Power"],"picked":"SKIP","floor":11.0},{"not_picked":["Gash","Loop","Leap"],"picked":"SKIP","floor":12.0},{"not_picked":["Compile Driver","Redo","Sweeping Beam"],"picked":"SKIP","floor":14.0},{"not_picked":["Reboot","Core Surge"],"picked":"Buffer","floor":16.0},{"not_picked":["Recycle","Steam Power"],"picked":"Capacitor","floor":18},{"not_picked":["Sweeping Beam","Beam Cell"],"picked":"Genetic Algorithm","floor":20},{"not_picked":["Stack","Coolheaded"],"picked":"Barrage","floor":22},{"not_picked":["Auto Shields","BootSequence+1"],"picked":"Double Energy+1","floor":24}],"player_experience":70428,"relics_obtained":[{"floor":9.0,"key":"Vajra"},{"floor":10.0,"key":"Odd Mushroom"},{"floor":26,"key":"Anchor"}],"event_choices":[{"event_name":"WeMeetAgain","player_choice":"Card","floor":3.0,"damage_taken":0.0},{"event_name":"Golden Idol","player_choice":"Ignored","floor":4.0,"damage_taken":0.0},{"event_name":"Liars Game","player_choice":"disagreed","floor":7.0,"damage_taken":0.0},{"event_name":"Mushrooms","player_choice":"Fought Mushrooms","floor":10.0,"damage_taken":0.0},{"event_name":"Upgrade Shrine","player_choice":"Upgraded","floor":19,"damage_taken":0},{"event_name":"The Library","player_choice":"Read","floor":21,"damage_taken":0}],"is_beta":false,"boss_relics":[{"not_picked":["Empty Cage","Busted Crown"],"picked":"Nuclear Battery"}],"items_purged_floors":[2],"is_endless":false,"potions_floor_spawned":[1,8,10,12,22,24],"killed_by":"3 Cultists","ascension_level":1}