{"gold_per_floor":[113,188,188,203,223,223,237,262,286,286,15,48,48,75,75,172,172,191,210,309,329,329,363,363,376,399,100,135,47,47,82,82,185,185,200,217,235,1,17,17,43,60,86,112,112,112,140,154,154,154],"floor_reached":51,"playtime":1957,"items_purged":["Regret","Strike_R+1","Strike_R"],"score":1054,"play_id":"6540389f-b817-4f20-8440-2240daf50fa2","local_time":"25610722192134","is_ascension_mode":true,"campfire_choices":[{"data":"Armaments","floor":6.0,"key":"SMITH"},{"floor":10.0,"key":"REST"},{"floor":15,"key":"REST"},{"data":"Reaper","floor":24,"key":"SMITH"},{"data":"Spot Weakness","floor":32,"key":"SMITH"},{"floor":40,"key":"REST"},{"floor":49,"key":"REST"}],"neow_cost":"","seed_source_timestamp":32916153430668,"circlet_count":0,"master_deck":["Strike_R","Strike_R+1","Strike_R","Defend_R","Defend_R","Defend_R","Defend_R","Bash","Clash+1","Armaments+1","Iron Wave","Power Through","Spot Weakness+1","Reaper+1","Headbutt+1","Shrug It Off+1","Heavy Blade+1","Clash","Headbutt+1","Carnage+1","Inflame+1"],"special_seed":0,"relics":["Burning Blood","Oddly Smooth Stone","Bag of Marbles","Pen Nib","Toolbox","The Courier","Whetstone","Smiling Mask","Busted Crown","Bronze Scales","Gremlin Horn","Bag of Preparation","Medical Kit","Tiny Chest","Self Forming Clay","Orichalcum","Fusion Hammer","Mango","Mummified Hand","Potion Belt","Blood Vial","Bottled Flame"],"potions_floor_usage":[16,16,23,25,28,33,39,41,50,50],"damage_taken":[{"damage":12.0,"enemies":"Jaw Worm","floor":1.0,"turns":3.0},{"damage":10.0,"enemies":"2 Louse","floor":4.0,"turns":3.0},{"damage":2.0,"enemies":"Cultist","floor":5.0,"turns":3.0},{"damage":10.0,"enemies":"Gremlin Gang","floor":7.0,"turns":4.0},{"damage":36.0,"enemies":"3 Sentries","floor":8.0,"turns":14.0},{"damage":24,"enemies":"Gremlin Nob","floor":12,"turns":6},{"damage":14,"enemies":"Lagavulin","floor":14,"turns":5},{"damage":26,"enemies":"The Guardian","floor":16,"turns":13},{"damage":5,"enemies":"2 Thieves","floor":18,"turns":3},{"damage":0,"enemies":"Chosen","floor":19,"turns":4},{"damage":35,"enemies":"Slaver and Parasite","floor":21,"turns":7},{"damage":26,"enemies":"Book of Stabbing","floor":23,"turns":4},{"damage":18,"enemies":"Cultist and Chosen","floor":25,"turns":4},{"damage":12,"enemies":"Slavers","floor":28,"turns":4},{"damage":18,"enemies":"Gremlin Leader","floor":31,"turns":4},{"damage":56,"enemies":"Champ","floor":33,"turns":8},{"damage":4,"enemies":"Flame Bruiser 1 Orb","floor":35,"turns":3},{"damage":0,"enemies":"3 Shapes","floor":36,"turns":2},{"damage":17,"enemies":"Transient","floor":37,"turns":5},{"damage":35,"enemies":"Maw","floor":39,"turns":8},{"damage":23,"enemies":"Nemesis","floor":41,"turns":5},{"damage":27,"enemies":"3 Darklings","floor":42,"turns":3},{"damage":41,"enemies":"Giant Head","floor":44,"turns":7},{"damage":15,"enemies":"Nemesis","floor":47,"turns":5},{"damage":2,"enemies":"Spire Growth","floor":48,"turns":3},{"damage":54,"enemies":"Time Eater","floor":50,"turns":8}],"seed_played":"-7442866922909156894","potions_obtained":[{"floor":5.0,"key":"Strength Potion"},{"floor":12,"key":"Dexterity Potion"},{"floor":14,"key":"Explosive Potion"},{"floor":19,"key":"Swift Potion"},{"floor":23,"key":"SkillPotion"},{"floor":25,"key":"SkillPotion"},{"floor":31,"key":"SkillPotion"},{"floor":37,"key":"BloodPotion"},{"floor":39,"key":"Dexterity Potion"},{"floor":41,"key":"GamblersBrew"},{"floor":42,"key":"FairyPotion"},{"floor":44,"key":"Strength Potion"}],"is_trial":false,"path_per_floor":["M","?","?","M","M","R","M","E","T","R","$","E","T","E","R","B",null,"M","M","?","M","?","E","R","M","T","$","E","$","?","E","R","B",null,"M","M","M","$","M","R","E","M","T","E","?","?","E","M","R","B"],"character_chosen":"IRONCLAD","items_purchased":["Toolbox","Medical Kit","Tiny Chest","Clash","Mango"],"campfire_rested":4,"item_purchase_floors":[11,27,27,29,38],"current_hp_per_floor":[74,63,63,59,63,63,59,29,29,53,53,35,35,27,51,31,68,73,80,80,53,53,33,33,40,40,40,80,80,80,80,80,30,68,80,84,73,87,74,98,81,60,60,34,108,108,108,108,108,67],"gold":154,"neow_bonus":"","is_prod":false,"is_daily":false,"chose_seed":false,"campfire_upgraded":3,"win_rate":0,"timestamp":1532262094,"path_taken":["M","?","?","M","M","R","?","E","T","R","$","E","?","E","R","BOSS","M","M","?","M","?","E","R","M","T","$","E","$","?","E","R","BOSS","M","M","M","$","M","R","E","M","T","E","?","?","E","M","R","BOSS"],"build_version":"2018-07-19v2","purchased_purges":3,"victory":true,"max_hp_per_floor":[80,80,80,80,80,80,80,80,80,80,80,80,80,80,80,80,80,80,80,80,80,80,80,80,80,80,80,80,80,80,80,80,80,80,80,84,84,98,98,98,98,98,98,98,108,108,108,108,108,108],"card_choices":[{"not_picked":["Headbutt","Pummel"],"picked":"Clash","floor":1.0},{"not_picked":["Feel No Pain","Wild Strike"],"picked":"Armaments","floor":4.0},{"not_picked":["Evolve","Body Slam"],"picked":"Iron Wave","floor":5.0},{"not_picked":["Infernal Blade","Corruption"],"picked":"Power Through","floor":7.0},{"not_picked":["Shrug It Off","Flex"],"picked":"Spot Weakness","floor":8.0},{"not_picked":["Rampage","Perfected Strike","Anger"],"picked":"SKIP","floor":12},{"not_picked":["Power Through","Exhume","Disarm"],"picked":"SKIP","floor":14},{"not_picked":["Bludgeon","Exhume"],"picked":"Reaper","floor":16},{"not_picked":["Havoc"],"picked":"SKIP","floor":18},{"not_picked":["Twin Strike"],"picked":"SKIP","floor":19},{"not_picked":[],"picked":"Headbutt+1","floor":21},{"not_picked":[],"picked":"Shrug It Off+1","floor":23},{"not_picked":["Sever Soul"],"picked":"SKIP","floor":25},{"not_picked":[],"picked":"Heavy Blade+1","floor":28},{"not_picked":[],"picked":"Headbutt+1","floor":31},{"not_picked":[],"picked":"Feed","floor":33},{"not_picked":["Hemokinesis"],"picked":"SKIP","floor":35},{"not_picked":["Disarm"],"picked":"SKIP","floor":36},{"not_picked":["Entrench"],"picked":"SKIP","floor":37},{"not_picked":[],"picked":"Carnage+1","floor":39},{"not_picked":["Twin Strike"],"picked":"SKIP","floor":41},{"not_picked":[],"picked":"Inflame+1","floor":42},{"not_picked":["Inflame"],"picked":"SKIP","floor":44},{"not_picked":["Feel No Pain"],"picked":"SKIP","floor":47},{"not_picked":["Feel No Pain+1"],"picked":"SKIP","floor":48}],"player_experience":115336,"relics_obtained":[{"floor":8.0,"key":"Bag of Marbles"},{"floor":9.0,"key":"Pen Nib"},{"floor":12,"key":"The Courier"},{"floor":13,"key":"Whetstone"},{"floor":14,"key":"Smiling Mask"},{"floor":23,"key":"Gremlin Horn"},{"floor":26,"key":"Bag of Preparation"},{"floor":28,"key":"Self Forming Clay"},{"floor":31,"key":"Orichalcum"},{"floor":41,"key":"Mummified Hand"},{"floor":43,"key":"Potion Belt"},{"floor":44,"key":"Blood Vial"},{"floor":47,"key":"Bottled Flame"}],"event_choices":[{"event_name":"World of Goop","player_choice":"Gather Gold","floor":2.0,"damage_taken":0.0},{"event_name":"Big Fish","player_choice":"Box","floor":3.0,"damage_taken":0.0},{"event_name":"Nest","player_choice":"Stole From Cult","floor":20,"damage_taken":0},{"event_name":"The Mausoleum","player_choice":"Yes","floor":22,"damage_taken":0},{"event_name":"Vampires","player_choice":"Ignored","floor":30,"damage_taken":0},{"event_name":"Bonfire Elementals","player_choice":"RARE","floor":45,"damage_taken":0},{"event_name":"Upgrade Shrine","player_choice":"Upgraded","floor":46,"damage_taken":0}],"is_beta":false,"boss_relics":[{"not_picked":["Cursed Key","Runic Pyramid"],"picked":"Busted Crown"},{"not_picked":["Runic Cube","Orrery"],"picked":"Fusion Hammer"}],"items_purged_floors":[11,27,29],"is_endless":false,"potions_floor_spawned":[5,12,14,19,23,25,31,37,39,41,42,44],"ascension_level":5}