{"gold_per_floor":[114,114,39,56,73,73,101,101,155,188,149,47,47,63,63,161,161,171,181,181,96,112,147,147],"floor_reached":24,"playtime":679,"items_purged":["Defend_R"],"score":325,"play_id":"47311573-08c5-4af2-85e0-7d91302bcbee","local_time":"25610726152118","is_ascension_mode":true,"campfire_choices":[{"data":"Headbutt","floor":6.0,"key":"SMITH"},{"data":"Fire Breathing","floor":8.0,"key":"SMITH"},{"data":"Armaments","floor":13.0,"key":"SMITH"},{"floor":15.0,"key":"REST"}],"neow_cost":"NONE","seed_source_timestamp":1062343838908,"circlet_count":0,"master_deck":["Strike_R","Strike_R","Strike_R","Strike_R","Defend_R+1","Defend_R","Defend_R","Bash","Fire Breathing+1","Headbutt+1","Dropkick","Havoc+1","Armaments+1","Offering","Perfected Strike+1","Pummel+1","Shrug It Off","Infernal Blade"],"special_seed":0,"relics":["Burning Blood","NeowsBlessing","Art of War","Tiny Chest","War Paint","Black Star","Anchor","Orichalcum","Regal Pillow"],"potions_floor_usage":[16,16,23,23,23],"damage_taken":[{"damage":0.0,"enemies":"2 Louse","floor":1.0,"turns":1.0},{"damage":0.0,"enemies":"Cultist","floor":4.0,"turns":1.0},{"damage":0.0,"enemies":"Small Slimes","floor":5.0,"turns":1.0},{"damage":45.0,"enemies":"3 Sentries","floor":7.0,"turns":7.0},{"damage":35.0,"enemies":"Lagavulin","floor":10.0,"turns":5.0},{"damage":3.0,"enemies":"Blue Slaver","floor":14.0,"turns":2.0},{"damage":13,"enemies":"Slime Boss","floor":16,"turns":11},{"damage":25,"enemies":"2 Thieves","floor":18,"turns":3},{"damage":9,"enemies":"Chosen","floor":19,"turns":3},{"damage":16,"enemies":"3 Cultists","floor":22,"turns":5},{"damage":34,"enemies":"Book of Stabbing","floor":23,"turns":4},{"damage":13,"enemies":"Chosen and Byrds","floor":24,"turns":5}],"seed_played":"-5461298552653369688","potions_obtained":[{"floor":1.0,"key":"FearPotion"},{"floor":10.0,"key":"FearPotion"},{"floor":16,"key":"Swift Potion"},{"floor":19,"key":"FearPotion"},{"floor":22,"key":"GamblersBrew"}],"is_trial":false,"path_per_floor":["M","?","$","M","M","R","E","R","T","E","?","$","R","M","R","B",null,"M","M","?","?","M","E"],"character_chosen":"IRONCLAD","items_purchased":["Energy Potion","Block Potion"],"campfire_rested":1,"item_purchase_floors":[12,12],"current_hp_per_floor":[78,78,78,80,80,80,41,41,41,12,12,12,12,15,39,32,68,49,46,46,46,36,8,0],"gold":147,"neow_bonus":"THREE_ENEMY_KILL","is_prod":false,"is_daily":false,"chose_seed":false,"campfire_upgraded":3,"win_rate":0,"timestamp":1532593278,"path_taken":["M","?","$","?","M","R","E","R","T","E","?","?","R","?","R","BOSS","M","M","?","?","M","E","M"],"build_version":"2018-07-19v2","purchased_purges":1,"victory":false,"max_hp_per_floor":[80,80,80,80,80,80,80,80,80,80,80,80,80,80,80,80,80,80,80,80,80,80,80,80],"card_choices":[{"not_picked":["Carnage","Rupture"],"picked":"Fire Breathing","floor":1.0},{"not_picked":["Heavy Blade","Sword Boomerang"],"picked":"Headbutt","floor":4.0},{"not_picked":["Wild Strike","Second Wind"],"picked":"Dropkick","floor":5.0},{"not_picked":["Fiend Fire","Body Slam"],"picked":"Havoc","floor":7.0},{"not_picked":["Battle Trance","Perfected Strike"],"picked":"Armaments","floor":10.0},{"not_picked":["Heavy Blade","Body Slam","Twin Strike"],"picked":"SKIP","floor":14.0},{"not_picked":["Barricade","Dark Embrace"],"picked":"Offering","floor":16},{"not_picked":["Pommel Strike","True Grit+1"],"picked":"Perfected Strike+1","floor":18},{"not_picked":["Headbutt","Sword Boomerang"],"picked":"Pummel+1","floor":19},{"not_picked":["Cleave","Dual Wield"],"picked":"Shrug It Off","floor":22},{"not_picked":["Sword Boomerang+1","Intimidate"],"picked":"Infernal Blade","floor":23}],"player_experience":164433,"relics_obtained":[{"floor":7.0,"key":"Art of War"},{"floor":9.0,"key":"Tiny Chest"},{"floor":10.0,"key":"War Paint"},{"floor":23,"key":"Orichalcum"},{"floor":23,"key":"Regal Pillow"}],"event_choices":[{"event_name":"Bonfire Elementals","player_choice":"BASIC","floor":2.0,"damage_taken":0.0},{"event_name":"World of Goop","player_choice":"Left","floor":11.0,"damage_taken":0.0},{"event_name":"Vampires","player_choice":"Ignored","floor":20,"damage_taken":0},{"event_name":"Addict","player_choice":"Obtained Relic","floor":21,"damage_taken":0}],"is_beta":false,"boss_relics":[{"not_picked":["Runic Dome","Snecko Eye"],"picked":"Black Star"}],"items_purged_floors":[3],"is_endless":false,"potions_floor_spawned":[1,10,16,19,22],"killed_by":"Chosen and Byrds","ascension_level":9}