{"gold_per_floor":[119,132,142,157,172,205,205,222,295,295,295,312,345,360,360,360],"floor_reached":16,"playtime":557,"items_purged":[],"score":215,"play_id":"f9894a80-3fc8-4c98-beb7-94c0b93f8727","local_time":"20190205185533","is_ascension_mode":true,"campfire_choices":[{"data":"Accuracy","floor":7,"key":"SMITH"},{"data":"Neutralize","floor":10,"key":"SMITH"},{"data":"Die Die Die","floor":15,"key":"SMITH"}],"neow_cost":"NONE","seed_source_timestamp":271795345560716,"circlet_count":0,"master_deck":["AscendersBane","Defend_G","Defend_G","Defend_G","Defend_G","Defend_G","Strike_G","Strike_G","Strike_G","Strike_G","Strike_G","Survivor","Neutralize+1","Poisoned Stab","Infinite Blades","Poisoned Stab","Blade Dance","Accuracy+1","Blade Dance","Blur","Regret","Die Die Die+1"],"relics":["Ring of the Snake","Bird Faced Urn","Bottled Flame","Potion Belt","Gambling Chip"],"potions_floor_usage":[6,13,13],"damage_taken":[{"damage":0,"enemies":"Cultist","floor":1,"turns":4},{"damage":7,"enemies":"Jaw Worm","floor":2,"turns":5},{"damage":6,"enemies":"2 Louse","floor":3,"turns":3},{"damage":8,"enemies":"2 Fungi Beasts","floor":4,"turns":4},{"damage":6,"enemies":"Looter","floor":5,"turns":3},{"damage":10,"enemies":"3 Sentries","floor":6,"turns":8},{"damage":6,"enemies":"Blue Slaver","floor":8,"turns":3},{"damage":6,"enemies":"2 Fungi Beasts","floor":12,"turns":5},{"damage":14,"enemies":"Lagavulin","floor":13,"turns":6},{"damage":2,"enemies":"Looter","floor":14,"turns":3},{"damage":17,"enemies":"Hexaghost","floor":16,"turns":7}],"seed_played":"-7867208935462663860","potions_obtained":[{"floor":2,"key":"SteroidPotion"},{"floor":3,"key":"Ancient Potion"},{"floor":5,"key":"SkillPotion"},{"floor":12,"key":"GhostInAJar"},{"floor":14,"key":"FearPotion"}],"is_trial":false,"path_per_floor":["M","M","M","M","M","E","R","M","T","R","?","M","E","M","R","B"],"character_chosen":"THE_SILENT","items_purchased":[],"campfire_rested":0,"item_purchase_floors":[],"current_hp_per_floor":[59,52,46,38,32,22,22,20,20,20,20,18,8,8,8,0],"gold":360,"neow_bonus":"THREE_CARDS","is_prod":false,"is_daily":false,"chose_seed":false,"campfire_upgraded":3,"win_rate":0,"timestamp":1549389333,"path_taken":["M","M","M","M","M","E","R","M","T","R","?","M","E","M","R","BOSS"],"build_version":"2019-01-23","purchased_purges":0,"victory":false,"max_hp_per_floor":[66,66,66,66,66,66,66,66,66,66,66,66,66,66,66,66],"card_choices":[{"not_picked":["Underhanded Strike","Prepared"],"picked":"Poisoned Stab","floor":0},{"not_picked":["Backflip","Choke"],"picked":"Infinite Blades","floor":1},{"not_picked":["Prepared","Dagger Spray"],"picked":"Poisoned Stab","floor":2},{"not_picked":["Sucker Punch","Tactician"],"picked":"Blade Dance","floor":3},{"not_picked":["Distraction","Concentrate","Underhanded Strike"],"picked":"SKIP","floor":4},{"not_picked":["Heel Hook","Cloak And Dagger"],"picked":"Accuracy","floor":5},{"not_picked":["Flying Knee","Venomology"],"picked":"Blade Dance","floor":6},{"not_picked":["Dagger Throw","Cloak And Dagger"],"picked":"Blur","floor":8},{"not_picked":["Dash","Quick Slash","Outmaneuver"],"picked":"SKIP","floor":12},{"not_picked":["Slice","Outmaneuver"],"picked":"Die Die Die","floor":13},{"not_picked":["Flechettes","Setup","Acrobatics"],"picked":"SKIP","floor":14}],"player_experience":502751,"relics_obtained":[{"floor":6,"key":"Bird Faced Urn"},{"floor":9,"key":"Bottled Flame"},{"floor":13,"key":"Gambling Chip"}],"event_choices":[{"damage_healed":0,"gold_gain":0,"player_choice":"Box","damage_taken":0,"relics_obtained":["Potion Belt"],"max_hp_gain":0,"max_hp_loss":0,"event_name":"Big Fish","floor":11,"gold_loss":0,"cards_obtained":["Regret"]}],"is_beta":false,"boss_relics":[],"items_purged_floors":[],"is_endless":false,"potions_floor_spawned":[2,3,5,12,14],"killed_by":"Hexaghost","ascension_level":17}