{"gold_per_floor":[109,129,149,114,134,134,168,168,219,219,239,257,257,285,285,359,359,359,359,359,284,209,209,209,134,134,134,47,47,47,47,47,47,47,47,47,47,47,47,47,47,47,47,47,47,47,47,47,47,47],"floor_reached":51,"playtime":2082,"items_purged":["Strike_B"],"score":1386,"play_id":"32054dc9-b3a5-4562-8fa6-acc7a2d0ec15","local_time":"20180824114846","is_ascension_mode":true,"campfire_choices":[{"data":"Creative AI","floor":6.0,"key":"SMITH"},{"data":"Zap","floor":8.0,"key":"SMITH"},{"data":"Defragment","floor":10.0,"key":"SMITH"},{"data":"Go for the Eyes","floor":15.0,"key":"SMITH"},{"floor":23.0,"key":"REST"},{"data":"Hologram","floor":27.0,"key":"SMITH"},{"data":"Undo","floor":30.0,"key":"SMITH"},{"data":"Dualcast","floor":32.0,"key":"SMITH"},{"data":"Force Field","floor":42.0,"key":"SMITH"},{"data":"Conserve Battery","floor":44.0,"key":"SMITH"},{"data":"Defend_B","floor":46.0,"key":"SMITH"},{"floor":49,"key":"REST"}],"neow_cost":"NONE","seed_source_timestamp":10225496969510,"circlet_count":0,"master_deck":["Strike_B","Strike_B","Defend_B","Defend_B","Defend_B","Defend_B+1","Zap+1","Dualcast+1","AscendersBane","Creative AI+1","Go for the Eyes+1","Compile Driver","BootSequence","Defragment+1","Hologram+1","Cold Snap","Conserve Battery+1","Electrodynamics","Undo+1","Capacitor+1","Injury","Writhe","Force Field+1"],"special_seed":0,"relics":["FrozenCore","Singing Bowl","Regal Pillow","Lantern","Art of War","Ectoplasm","Cables","Prayer Wheel","Molten Egg 2","Bird Faced Urn"],"potions_floor_usage":[50],"damage_taken":[{"damage":0.0,"enemies":"Cultist","floor":1.0,"turns":3.0},{"damage":10.0,"enemies":"Small Slimes","floor":2.0,"turns":3.0},{"damage":8.0,"enemies":"2 Louse","floor":3.0,"turns":2.0},{"damage":1.0,"enemies":"Exordium Wildlife","floor":5.0,"turns":5.0},{"damage":25.0,"enemies":"3 Sentries","floor":7.0,"turns":4.0},{"damage":4.0,"enemies":"Large Slime","floor":11.0,"turns":6.0},{"damage":0.0,"enemies":"3 Louse","floor":12.0,"turns":2.0},{"damage":0.0,"enemies":"Lagavulin","floor":14.0,"turns":8.0},{"damage":9.0,"enemies":"Hexaghost","floor":16.0,"turns":9.0},{"damage":21.0,"enemies":"Shell Parasite","floor":18.0,"turns":5.0},{"damage":21.0,"enemies":"2 Thieves","floor":22.0,"turns":4.0},{"damage":15.0,"enemies":"Centurion and Healer","floor":24.0,"turns":6.0},{"damage":2.0,"enemies":"Sentry and Sphere","floor":29.0,"turns":6.0},{"damage":0.0,"enemies":"Gremlin Leader","floor":31.0,"turns":7.0},{"damage":35.0,"enemies":"Collector","floor":33.0,"turns":10.0},{"damage":0.0,"enemies":"3 Shapes","floor":35.0,"turns":3.0},{"damage":13.0,"enemies":"3 Darklings","floor":37.0,"turns":6.0},{"damage":3.0,"enemies":"Sphere and 2 Shapes","floor":41.0,"turns":4.0},{"damage":21.0,"enemies":"Mysterious Sphere","floor":45.0,"turns":8.0},{"damage":10.0,"enemies":"4 Shapes","floor":47.0,"turns":5.0},{"damage":78,"enemies":"Donu and Deca","floor":50,"turns":11}],"seed_played":"2349441474188751947","potions_obtained":[{"floor":3.0,"key":"FocusPotion"},{"floor":7.0,"key":"Swift Potion"},{"floor":14.0,"key":"GamblersBrew"},{"floor":29.0,"key":"AttackPotion"},{"floor":33.0,"key":"Explosive Potion"},{"floor":37.0,"key":"SpeedPotion"},{"floor":39.0,"key":"SpeedPotion"},{"floor":47.0,"key":"Regen Potion"}],"is_trial":false,"path_per_floor":["M","M","M","?","M","R","E","R","T","R","M","M","T","E","R","B",null,"M","?","?","$","M","R","M","?","T","R","$","M","R","E","R","B",null,"M","?","M","?","?","$","M","R","T","R","?","R","M","$","R","B"],"character_chosen":"DEFECT","items_purchased":["Undo"],"campfire_rested":2,"item_purchase_floors":[28],"current_hp_per_floor":[64,54,46,63,62,62,37,37,37,37,33,33,33,35,35,26,61,42,57,57,57,38,76,63,63,63,63,63,63,63,65,65,32,72,72,72,63,81,81,81,80,80,80,80,61,61,71,71,97,50],"gold":47,"neow_bonus":"ONE_RANDOM_RARE_CARD","is_prod":false,"is_daily":false,"chose_seed":false,"campfire_upgraded":10,"win_rate":0,"timestamp":1535136526,"path_taken":["M","M","M","?","?","R","E","R","T","R","M","M","?","E","R","BOSS","M","?","?","$","M","R","M","?","T","R","?","M","R","E","R","BOSS","M","?","M","?","?","$","M","R","T","R","?","R","M","?","R","BOSS"],"build_version":"2018-08-23v2","purchased_purges":1,"victory":true,"max_hp_per_floor":[71,71,71,71,71,71,71,71,71,71,71,71,71,73,73,73,73,75,75,75,75,77,77,79,79,79,79,79,81,81,83,83,85,85,85,85,89,89,89,89,91,91,91,91,93,93,97,97,97,97],"card_choices":[{"not_picked":["Consume","Hologram"],"picked":"Go for the Eyes","floor":1.0},{"not_picked":["Beam Cell","Gash"],"picked":"Compile Driver","floor":2.0},{"not_picked":["Aggregate","Sweeping Beam"],"picked":"BootSequence","floor":3.0},{"not_picked":["Steam","Rebound"],"picked":"Defragment","floor":5.0},{"not_picked":["Leap","Streamline"],"picked":"Hologram","floor":7.0},{"not_picked":["Gash","Go for the Eyes"],"picked":"Cold Snap","floor":11.0},{"not_picked":["Rainbow","Gash"],"picked":"Conserve Battery","floor":12.0},{"not_picked":["Hologram","Double Energy","Beam Cell"],"picked":"Singing Bowl","floor":14.0},{"not_picked":["Rainbow","Echo Form"],"picked":"Electrodynamics","floor":16.0},{"not_picked":["Barrage","Sweeping Beam","Gash"],"picked":"Singing Bowl","floor":18.0},{"not_picked":["Rebound","Turbo","Storm"],"picked":"Singing Bowl","floor":22.0},{"not_picked":["Melter","Beam Cell+1","Ball Lightning"],"picked":"Singing Bowl","floor":24.0},{"not_picked":["Streamline","Ball Lightning","Hyperbeam"],"picked":"Singing Bowl","floor":29.0},{"not_picked":["Beam Cell","Reboot","Compile Driver"],"picked":"Singing Bowl","floor":31.0},{"not_picked":["Reboot","All For One","Fission"],"picked":"Singing Bowl","floor":33.0},{"not_picked":["Steam+1","Glacier"],"picked":"Capacitor","floor":35.0},{"not_picked":["Aggregate","Fusion","Compile Driver+1"],"picked":"SKIP","floor":35.0},{"not_picked":["Coolheaded","Sweeping Beam","Cold Snap+1"],"picked":"Singing Bowl","floor":37.0},{"not_picked":["Melter","Genetic Algorithm","Ball Lightning"],"picked":"Singing Bowl","floor":37.0},{"not_picked":["Gash","Heatsinks","Barrage"],"picked":"Singing Bowl","floor":41.0},{"not_picked":["Cold Snap","Gash"],"picked":"Force Field","floor":41.0},{"not_picked":["Turbo","Compile Driver+1","Loop+1"],"picked":"Singing Bowl","floor":45.0},{"not_picked":["All For One+1","Conserve Battery","Self Repair"],"picked":"Singing Bowl","floor":47.0},{"not_picked":["Auto Shields","Compile Driver+1","Coolheaded"],"picked":"Singing Bowl","floor":47.0}],"player_experience":1032139,"relics_obtained":[{"floor":7.0,"key":"Singing Bowl"},{"floor":9.0,"key":"Regal Pillow"},{"floor":13.0,"key":"Lantern"},{"floor":14.0,"key":"Art of War"},{"floor":26.0,"key":"Cables"},{"floor":31.0,"key":"Prayer Wheel"},{"floor":43.0,"key":"Molten Egg 2"},{"floor":45.0,"key":"Bird Faced Urn"}],"event_choices":[{"event_name":"The Cleric","player_choice":"Healed","floor":4.0,"damage_taken":0.0},{"event_name":"The Library","player_choice":"Heal","floor":19.0,"damage_taken":0.0},{"event_name":"The Mausoleum","player_choice":"No","floor":20.0,"damage_taken":0.0},{"event_name":"Beggar","player_choice":"Gave Gold","floor":25.0,"damage_taken":0.0},{"event_name":"Accursed Blacksmith","player_choice":"Forge","floor":36.0,"damage_taken":0.0},{"event_name":"Winding Halls","player_choice":"Writhe","floor":38.0,"damage_taken":0.0},{"event_name":"The Lab","player_choice":"Got Potions","floor":39.0,"damage_taken":0.0},{"event_name":"Mysterious Sphere","player_choice":"Fight","floor":45.0,"damage_taken":0.0}],"is_beta":false,"boss_relics":[{"not_picked":["Runic Dome","White Beast Statue"],"picked":"Ectoplasm"},{"not_picked":["Eternal Feather","Lizard Tail"],"picked":"FrozenCore"}],"items_purged_floors":[21],"is_endless":false,"potions_floor_spawned":[3,7,11,14,22,29,33,37,47],"ascension_level":16}