{"gold_per_floor":[116,116,134,145,145,145,179,179,202,216,228,263,281,309,309,380,380,395,20,20,40,40,75,75,92,92,123,123,139,139,172,172,244,294,313,313,326,341,66,66,86,86,112,131,131,151,162,8,8,8,8],"floor_reached":51,"playtime":2282,"items_purged":["Decay"],"score":1408,"play_id":"8a4b1036-111c-4464-b7f0-59eccabc139e","local_time":"20181104180604","daily_mods":["SealedDeck","Red Cards","Green Cards","Blue Cards","Colorless Cards"],"is_ascension_mode":true,"campfire_choices":[{"data":"Crippling Poison","floor":6,"key":"SMITH"},{"data":"Go for the Eyes","floor":8,"key":"SMITH"},{"data":"Hologram","floor":15,"key":"SMITH"},{"data":"White Noise","floor":28,"key":"SMITH"},{"data":"Discovery","floor":30,"key":"SMITH"},{"floor":32,"key":"REST"},{"floor":40,"key":"REST"},{"floor":42,"key":"DIG"},{"floor":49,"key":"REST"}],"neow_cost":"","seed_source_timestamp":0,"circlet_count":0,"master_deck":["AscendersBane","Bane","Crippling Poison+1","Conserve Battery","Beam Cell+1","Flying Knee+1","Pommel Strike","Poisoned Stab","Dodge and Roll","Backflip","Cleave","Go for the Eyes+1","PiercingWail","Hologram+1","Sadistic Nature","Cold Snap","Dash","White Noise+1","Spot Weakness","Discovery+1","Chrysalis","Discovery","Leap+1","Leg Sweep+1","Steam","Distraction+1","Decay","Evolve+1","Panache+1","Intimidate+1","Well Laid Plans+1","Body Slam+1"],"relics":["Burning Blood","Potion Belt","Pen Nib","Juzu Bracelet","Ginger","Cursed Key","Sling","Nunchaku","Strawberry","Frozen Egg 2","Shovel","Dodecahedron","Tiny House","Shuriken","Orichalcum","Dream Catcher"],"potions_floor_usage":[16,23,27,31,33,33,38,38,44,44,46,46,47,50,50],"damage_taken":[{"damage":0,"enemies":"2 Louse","floor":1,"turns":2},{"damage":1,"enemies":"Jaw Worm","floor":3,"turns":2},{"damage":0,"enemies":"Cultist","floor":4,"turns":2},{"damage":5,"enemies":"3 Sentries","floor":7,"turns":6},{"damage":6,"enemies":"Lots of Slimes","floor":10,"turns":2},{"damage":9,"enemies":"Exordium Thugs","floor":11,"turns":2},{"damage":0,"enemies":"Gremlin Nob","floor":12,"turns":2},{"damage":2,"enemies":"Gremlin Gang","floor":13,"turns":3},{"damage":11,"enemies":"Lagavulin","floor":14,"turns":4},{"damage":39,"enemies":"Slime Boss","floor":16,"turns":9},{"damage":15,"enemies":"Shell Parasite","floor":18,"turns":3},{"damage":2,"enemies":"3 Byrds","floor":21,"turns":2},{"damage":20,"enemies":"Slavers","floor":23,"turns":3},{"damage":0,"enemies":"3 Cultists","floor":25,"turns":4},{"damage":10,"enemies":"Gremlin Leader","floor":27,"turns":4},{"damage":3,"enemies":"Snecko","floor":29,"turns":4},{"damage":20,"enemies":"Slavers","floor":31,"turns":4},{"damage":36,"enemies":"Automaton","floor":33,"turns":8},{"damage":19,"enemies":"3 Darklings","floor":35,"turns":5},{"damage":31,"enemies":"Orb Walker","floor":37,"turns":5},{"damage":24,"enemies":"3 Darklings","floor":38,"turns":6},{"damage":6,"enemies":"Transient","floor":41,"turns":6},{"damage":17,"enemies":"Maw","floor":44,"turns":8},{"damage":33,"enemies":"3 Darklings","floor":46,"turns":4},{"damage":15,"enemies":"Sphere and 2 Shapes","floor":47,"turns":5},{"damage":39,"enemies":"Time Eater","floor":50,"turns":9},{"damage":7,"enemies":"Awakened One","floor":51,"turns":1}],"seed_played":"1573072406058778846","potions_obtained":[{"floor":10,"key":"Dexterity Potion"},{"floor":12,"key":"Strength Potion"},{"floor":14,"key":"AttackPotion"},{"floor":23,"key":"EntropicBrew"},{"floor":27,"key":"Dexterity Potion"},{"floor":31,"key":"Dexterity Potion"},{"floor":34,"key":"Explosive Potion"},{"floor":35,"key":"SkillPotion"},{"floor":44,"key":"BloodPotion"},{"floor":46,"key":"Poison Potion"}],"is_trial":true,"path_per_floor":["M","?","M","M","?","R","E","R","T","M","M","E","M","E","R","B",null,"M","$","?","M","?","E","$","M","T","E","R","M","R","E","R","B",null,"M","?","M","M","$","R","M","R","T","M","?","M","M","$","R","B","B"],"character_chosen":"IRONCLAD","items_purchased":["Sling","Block Potion","SkillPotion","Cold Snap","Shuriken","Well Laid Plans+1"],"campfire_rested":3,"item_purchase_floors":[19,19,19,19,39,48],"current_hp_per_floor":[74,74,75,75,75,75,75,75,75,75,72,75,75,70,70,37,66,57,57,57,61,54,47,47,53,53,49,49,52,52,38,62,32,75,62,62,37,19,19,45,45,45,45,34,34,23,14,14,40,7,0],"gold":8,"neow_bonus":"","is_prod":false,"is_daily":false,"chose_seed":false,"campfire_upgraded":5,"win_rate":0,"timestamp":1541383564,"path_taken":["M","?","M","M","?","R","E","R","T","M","M","E","M","E","R","BOSS","M","$","?","M","?","E","?","M","T","E","R","M","R","E","R","BOSS","M","?","M","M","$","R","M","R","T","M","?","M","M","$","R","BOSS","BOSS"],"build_version":"2018-11-01","purchased_purges":1,"victory":false,"max_hp_per_floor":[75,75,75,75,75,75,75,75,75,75,75,75,75,75,75,75,75,75,75,75,75,75,82,82,82,82,82,82,82,82,82,82,82,87,87,87,87,87,87,87,87,87,87,87,87,87,87,87,87,87,87],"card_choices":[{"not_picked":["Steam Power","Bloodletting","Heavy Blade"],"picked":"SKIP","floor":1},{"not_picked":["Redo","Compile Driver","Dodge and Roll"],"picked":"SKIP","floor":3},{"not_picked":["Bane","Sever Soul"],"picked":"Cleave","floor":4},{"not_picked":["Stack","Deep Breath"],"picked":"Go for the Eyes","floor":7},{"not_picked":["Well Laid Plans","Sword Boomerang"],"picked":"PiercingWail","floor":10},{"not_picked":["Clash","Enlightenment","Leap"],"picked":"SKIP","floor":11},{"not_picked":["Carnage","Tactician","Outmaneuver"],"picked":"SKIP","floor":12},{"not_picked":["Secret Weapon","Bane","Streamline"],"picked":"SKIP","floor":13},{"not_picked":["Setup","Burst"],"picked":"Hologram","floor":14},{"not_picked":["Secret Technique","Glass Knife"],"picked":"Sadistic Nature","floor":16},{"not_picked":["Flying Knee","Barrage","Havoc"],"picked":"SKIP","floor":18},{"not_picked":["Accuracy+1","Perfected Strike"],"picked":"Dash","floor":21},{"not_picked":["Warcry","Dodge and Roll"],"picked":"White Noise","floor":23},{"not_picked":["Tactician","Anger+1"],"picked":"Spot Weakness","floor":25},{"not_picked":["Sucker Punch","Dagger Throw","Go for the Eyes"],"picked":"SKIP","floor":27},{"not_picked":["Flex","Panacea+1"],"picked":"Discovery","floor":29},{"not_picked":["Swift Strike","Pummel","Skewer"],"picked":"SKIP","floor":31},{"not_picked":["Metamorphosis","Offering"],"picked":"Chrysalis","floor":33},{"not_picked":["Dual Wield","Cleave"],"picked":"Discovery","floor":34},{"not_picked":["Reprogram+1","Quick Slash+1"],"picked":"Leap+1","floor":35},{"not_picked":["Stack","Skewer"],"picked":"Leg Sweep+1","floor":37},{"not_picked":["Consume","Blade Dance"],"picked":"Steam","floor":38},{"not_picked":["Trip","Compile Driver"],"picked":"Distraction+1","floor":41},{"not_picked":["Cleave","Dodge and Roll"],"picked":"Evolve+1","floor":44},{"not_picked":["Blind","Master of Strategy"],"picked":"Panache+1","floor":45},{"not_picked":["Rebound","Thunderclap"],"picked":"Intimidate+1","floor":46},{"not_picked":["Thunderclap+1","Deadly Poison","Heavy Blade"],"picked":"SKIP","floor":47},{"not_picked":["Clash+1","Static Discharge+1"],"picked":"Body Slam+1","floor":49}],"player_experience":1580750,"relics_obtained":[{"floor":7,"key":"Potion Belt"},{"floor":9,"key":"Pen Nib"},{"floor":12,"key":"Juzu Bracelet"},{"floor":14,"key":"Ginger"},{"floor":23,"key":"Strawberry"},{"floor":26,"key":"Frozen Egg 2"},{"floor":27,"key":"Shovel"},{"floor":31,"key":"Dodecahedron"},{"floor":42,"key":"Orichalcum"},{"floor":43,"key":"Dream Catcher"}],"event_choices":[{"damage_healed":0,"gold_gain":0,"player_choice":"Ignored","damage_taken":0,"max_hp_gain":0,"max_hp_loss":0,"event_name":"Liars Game","floor":2,"gold_loss":0},{"damage_healed":0,"gold_gain":0,"player_choice":"Grow","damage_taken":0,"max_hp_gain":0,"max_hp_loss":0,"event_name":"Living Wall","floor":5,"gold_loss":0,"cards_upgraded":["Beam Cell"]},{"cards_removed":["Wild Strike"],"damage_healed":0,"gold_gain":0,"player_choice":"Gave Card","damage_taken":0,"relics_obtained":["Nunchaku"],"max_hp_gain":0,"max_hp_loss":0,"event_name":"WeMeetAgain","floor":20,"gold_loss":0},{"damage_healed":0,"gold_gain":0,"player_choice":"","damage_taken":7,"max_hp_gain":0,"max_hp_loss":0,"event_name":"Knowing Skull","floor":22,"potions_obtained":[],"gold_loss":0,"cards_obtained":[]},{"damage_healed":0,"gold_gain":0,"player_choice":"Got Potions","damage_taken":0,"max_hp_gain":0,"max_hp_loss":0,"event_name":"Lab","floor":36,"gold_loss":0},{"damage_healed":0,"gold_gain":0,"player_choice":"Memory 1","damage_taken":0,"max_hp_gain":0,"max_hp_loss":0,"event_name":"SensoryStone","floor":45,"gold_loss":0}],"is_beta":false,"boss_relics":[{"not_picked":["Snecko Eye","Busted Crown"],"picked":"Cursed Key"},{"not_picked":["Coffee Dripper","Empty Cage"],"picked":"Tiny House"}],"items_purged_floors":[48],"is_endless":false,"potions_floor_spawned":[10,12,14,23,25,27,31,35,44,46],"killed_by":"Awakened One","ascension_level":20}