{"gold_per_floor":[117,137,153,28,28,28,58,58,82,111,123,123,23,36,36,110,110,123,141,156,206,225,225,260,260,260,260,278,310,327,427,427,427],"floor_reached":33,"playtime":1566,"items_purged":["Strike_G","Strike_G"],"score":520,"play_id":"b35cfb92-4852-40f6-a987-0b9869c6ee23","local_time":"20180831182648","is_ascension_mode":true,"campfire_choices":[{"data":"Neutralize","floor":6.0,"key":"SMITH"},{"data":"A Thousand Cuts","floor":8.0,"key":"SMITH"},{"data":"Cloak And Dagger","floor":15.0,"key":"SMITH"},{"data":"Dash","floor":23.0,"key":"SMITH"},{"floor":25.0,"key":"REST"},{"data":"Cloak And Dagger","floor":27.0,"key":"SMITH"},{"floor":32.0,"key":"REST"}],"neow_cost":"NONE","seed_source_timestamp":0,"circlet_count":0,"master_deck":["Defend_G","Defend_G","Defend_G","Defend_G","Strike_G","Survivor","Neutralize+1","AscendersBane","Dagger Spray","Riddle With Holes","Noxious Fumes","Dagger Spray","A Thousand Cuts+1","Cloak And Dagger+1","Deflect","Wraith Form v2","Endless Agony+1","Finisher+1","Outmaneuver+1","Blur","Dash+1","Cloak And Dagger+1","Cloak And Dagger"],"special_seed":0,"relics":["Ring of the Snake","Boot","Centennial Puzzle","Lantern","Bottled Flame","Astrolabe","Bag of Marbles","Oddly Smooth Stone","Bottled Lightning","Ginger","Blue Candle"],"potions_floor_usage":[],"damage_taken":[{"damage":0.0,"enemies":"2 Louse","floor":1.0,"turns":3.0},{"damage":3.0,"enemies":"Small Slimes","floor":2.0,"turns":4.0},{"damage":0.0,"enemies":"Cultist","floor":3.0,"turns":3.0},{"damage":17.0,"enemies":"Lagavulin","floor":7.0,"turns":5.0},{"damage":6.0,"enemies":"Gremlin Nob","floor":10.0,"turns":3.0},{"damage":0.0,"enemies":"3 Louse","floor":11.0,"turns":1.0},{"damage":3.0,"enemies":"Large Slime","floor":14.0,"turns":4.0},{"damage":14.0,"enemies":"Hexaghost","floor":16.0,"turns":11.0},{"damage":2.0,"enemies":"Spheric Guardian","floor":18.0,"turns":4.0},{"damage":4.0,"enemies":"Shell Parasite","floor":19.0,"turns":5.0},{"damage":4.0,"enemies":"Chosen and Byrds","floor":20.0,"turns":4.0},{"damage":2.0,"enemies":"Cultist and Chosen","floor":22.0,"turns":6.0},{"damage":12.0,"enemies":"Slavers","floor":24.0,"turns":5.0},{"damage":6.0,"enemies":"Snake Plant","floor":28.0,"turns":2.0},{"damage":5.0,"enemies":"Gremlin Leader","floor":29.0,"turns":3.0},{"damage":15.0,"enemies":"3 Cultists","floor":30.0,"turns":5.0},{"damage":0.0,"enemies":"Colosseum Slavers","floor":31.0,"turns":2.0},{"damage":0.0,"enemies":"Colosseum Nobs","floor":31.0,"turns":4.0},{"damage":63,"enemies":"Champ","floor":33,"turns":9}],"seed_played":"8742316990514741627","potions_obtained":[{"floor":2.0,"key":"AttackPotion"},{"floor":3.0,"key":"Swift Potion"},{"floor":10.0,"key":"Explosive Potion"},{"floor":11.0,"key":"GhostInAJar"},{"floor":18.0,"key":"Explosive Potion"},{"floor":19.0,"key":"GhostInAJar"},{"floor":28.0,"key":"Energy Potion"},{"floor":30.0,"key":"Swift Potion"}],"is_trial":false,"path_per_floor":["M","M","M","$","?","R","E","R","T","E","M","?","$","M","R","B",null,"M","M","M","?","M","R","E","R","T","R","M","E","M","?","R"],"character_chosen":"THE_SILENT","items_purchased":["Dagger Spray"],"campfire_rested":2,"item_purchase_floors":[4],"current_hp_per_floor":[59,56,56,56,56,56,39,39,39,33,33,33,33,30,30,16,54,52,48,44,44,42,42,30,49,49,49,43,38,23,23,42,0],"gold":427,"neow_bonus":"RANDOM_COMMON_RELIC","is_prod":false,"is_daily":false,"chose_seed":false,"campfire_upgraded":5,"win_rate":0,"timestamp":1535765208,"path_taken":["M","M","M","$","?","R","E","R","T","E","?","?","$","M","R","BOSS","M","M","M","?","M","R","E","R","T","R","M","E","?","?","R","BOSS"],"build_version":"2018-08-30","purchased_purges":2,"victory":false,"max_hp_per_floor":[66,66,66,66,66,66,66,66,66,66,66,66,66,66,66,66,66,66,66,66,66,66,66,66,66,66,66,66,66,66,66,66,66],"card_choices":[{"not_picked":["Slice","Caltrops"],"picked":"Dagger Spray","floor":1.0},{"not_picked":["Concentrate","Dagger Throw"],"picked":"Riddle With Holes","floor":2.0},{"not_picked":["Quick Slash","Endless Agony"],"picked":"Noxious Fumes","floor":3.0},{"not_picked":["Outmaneuver","Slice"],"picked":"A Thousand Cuts","floor":7.0},{"not_picked":["Dodge and Roll","Expertise"],"picked":"Cloak And Dagger","floor":10.0},{"not_picked":["Expertise","Crippling Poison"],"picked":"Deflect","floor":11.0},{"not_picked":["Outmaneuver","Dagger Spray","Riddle With Holes"],"picked":"SKIP","floor":14.0},{"not_picked":["Venomology","Corpse Explosion"],"picked":"Wraith Form v2","floor":16.0},{"not_picked":["Terror","Reflex"],"picked":"Blur","floor":18.0},{"not_picked":["Reflex","Quick Slash","Poisoned Stab"],"picked":"SKIP","floor":19.0},{"not_picked":["Sucker Punch","Deadly Poison","Underhanded Strike"],"picked":"SKIP","floor":20.0},{"not_picked":["Underhanded Strike","Flechettes"],"picked":"Dash","floor":22.0},{"not_picked":["Dagger Spray","Eviscerate"],"picked":"Cloak And Dagger","floor":24.0},{"not_picked":["Backstab","Deadly Poison"],"picked":"Cloak And Dagger","floor":28.0},{"not_picked":["Acrobatics","Dodge and Roll","Bane"],"picked":"SKIP","floor":29.0},{"not_picked":["Backflip","Finisher","Choke"],"picked":"SKIP","floor":30.0}],"player_experience":1059064,"relics_obtained":[{"floor":7.0,"key":"Centennial Puzzle"},{"floor":9.0,"key":"Lantern"},{"floor":10.0,"key":"Bottled Flame"},{"floor":24.0,"key":"Bag of Marbles"},{"floor":26.0,"key":"Oddly Smooth Stone"},{"floor":29.0,"key":"Bottled Lightning"},{"floor":31.0,"key":"Ginger"},{"floor":31.0,"key":"Blue Candle"}],"event_choices":[{"event_name":"Liars Game","player_choice":"disagreed","floor":5.0,"damage_taken":0.0},{"event_name":"Golden Idol","player_choice":"Ignored","floor":12.0,"damage_taken":0.0},{"event_name":"Nest","player_choice":"Stole From Cult","floor":21.0,"damage_taken":0.0},{"event_name":"Colosseum","player_choice":"Fight","floor":31.0,"damage_taken":0.0},{"event_name":"Colosseum","player_choice":"Fought Nobs","floor":31.0,"damage_taken":0.0}],"is_beta":false,"boss_relics":[{"not_picked":["Runic Dome","Philosopher\u0027s Stone"],"picked":"Astrolabe"}],"items_purged_floors":[4,13],"is_endless":false,"potions_floor_spawned":[2,3,10,11,18,19,28,30],"killed_by":"Champ","ascension_level":15}