{"gold_per_floor":[119,119,119,138,149,149,169,169,240,135,149,149,168,186,186,282,282,282,282,23,23,42,42],"floor_reached":23,"playtime":753,"items_purged":[],"score":247,"play_id":"709fda7d-0e67-4e36-a7a8-77cf30e23561","local_time":"25611125172805","is_ascension_mode":true,"campfire_choices":[{"data":"Chaos","floor":6,"key":"SMITH"},{"data":"Auto Shields","floor":8,"key":"SMITH"},{"floor":12,"key":"REST"},{"floor":15,"key":"REST"}],"neow_cost":"NONE","seed_source_timestamp":27869948087372,"circlet_count":0,"master_deck":["Strike_B+1","Strike_B+1","Strike_B+1","Strike_B+1","Defend_B+1","Defend_B+1","Defend_B+1","Zap","Dualcast","Auto Shields+1","Chaos+1","Tempest","Undo","Leap","Core Surge","Rainbow"],"relics":["Eternal Feather","Happy Flower","Singing Bowl","Inserter","Frozen Egg 2","Question Card"],"potions_floor_usage":[7,13,18],"damage_taken":[{"damage":7,"enemies":"Small Slimes","floor":1,"turns":4},{"damage":0,"enemies":"2 Louse","floor":4,"turns":5},{"damage":5,"enemies":"Cultist","floor":5,"turns":5},{"damage":23,"enemies":"Lots of Slimes","floor":7,"turns":5},{"damage":6,"enemies":"3 Louse","floor":11,"turns":4},{"damage":16,"enemies":"Large Slime","floor":13,"turns":6},{"damage":12,"enemies":"Exordium Thugs","floor":14,"turns":6},{"damage":34,"enemies":"The Guardian","floor":16,"turns":13},{"damage":0,"enemies":"2 Thieves","floor":18,"turns":1},{"damage":25,"enemies":"3 Byrds","floor":22,"turns":7},{"damage":44,"enemies":"Gremlin Leader","floor":23,"turns":3}],"seed_played":"925755679923665820","potions_obtained":[{"floor":1,"key":"SneckoOil"},{"floor":11,"key":"Poison Potion"},{"floor":16,"key":"SmokeBomb"}],"is_trial":false,"path_per_floor":["M","?","?","M","M","R","M","R","T","$","M","R","M","M","R","B",null,"M","?","$","?","M","E"],"character_chosen":"DEFECT","items_purchased":["Tempest","Undo","Frozen Egg 2"],"campfire_rested":2,"item_purchase_floors":[10,10,20],"current_hp_per_floor":[61,43,43,43,38,44,21,27,27,27,21,52,38,26,58,24,64,64,64,64,64,41,0],"gold":42,"neow_bonus":"BOSS_RELIC","is_prod":false,"is_daily":false,"chose_seed":false,"campfire_upgraded":2,"win_rate":0,"timestamp":1543141685,"path_taken":["M","?","?","?","M","R","M","R","T","$","M","R","M","?","R","BOSS","M","?","$","?","?","E"],"build_version":"2018-11-15","purchased_purges":0,"victory":false,"max_hp_per_floor":[75,75,75,75,75,75,75,75,75,75,75,75,77,77,77,77,77,77,77,77,77,79,79],"card_choices":[{"not_picked":["Reinforced Body","Streamline"],"picked":"Auto Shields","floor":1},{"not_picked":["Ball Lightning","Turbo"],"picked":"Defragment","floor":4},{"not_picked":["Defragment","Beam Cell","Go for the Eyes"],"picked":"SKIP","floor":5},{"not_picked":["Turbo","Aggregate","Chaos"],"picked":"SKIP","floor":7},{"not_picked":["Rip and Tear","Heatsinks"],"picked":"Leap","floor":11},{"not_picked":["Coolheaded","Auto Shields","Fusion"],"picked":"Singing Bowl","floor":13},{"not_picked":["Recycle","Coolheaded"],"picked":"Core Surge","floor":14},{"not_picked":["Seek","Multi-Cast"],"picked":"Rainbow","floor":16},{"not_picked":["Streamline","Coolheaded","Stack","Rip and Tear"],"picked":"Singing Bowl","floor":22}],"player_experience":189629,"relics_obtained":[{"floor":9,"key":"Singing Bowl"}],"event_choices":[{"damage_healed":0,"gold_gain":0,"player_choice":"Success","damage_taken":18,"relics_obtained":["Happy Flower"],"max_hp_gain":0,"max_hp_loss":0,"event_name":"Scrap Ooze","floor":2,"gold_loss":0},{"damage_healed":0,"gold_gain":0,"cards_transformed":["Defend_B"],"player_choice":"Transformed","damage_taken":0,"max_hp_gain":0,"max_hp_loss":0,"event_name":"Transmorgrifier","floor":3,"gold_loss":0,"cards_obtained":["Chaos"]},{"damage_healed":0,"gold_gain":0,"player_choice":"Simplicity","damage_taken":0,"max_hp_gain":0,"max_hp_loss":0,"event_name":"Back to Basics","floor":19,"gold_loss":0,"cards_upgraded":["Strike_B","Strike_B","Strike_B","Strike_B","Defend_B","Defend_B","Defend_B"]},{"cards_removed":["Defragment"],"damage_healed":0,"gold_gain":0,"player_choice":"Gave Card","damage_taken":0,"relics_obtained":["Question Card"],"max_hp_gain":0,"max_hp_loss":0,"event_name":"WeMeetAgain","floor":21,"gold_loss":0}],"is_beta":false,"boss_relics":[{"not_picked":["Empty Cage","Snecko Eye"],"picked":"Inserter"}],"items_purged_floors":[],"is_endless":false,"potions_floor_spawned":[1,11,16],"killed_by":"Gremlin Leader","ascension_level":7}