{"gold_per_floor":[113,124,143,143,14,14,28,40,93,93,128,128,128,53,53,130,130,145,156,56,68,82,114,114,146,158,202,214,226,238,264,276,359,371,398,410,442,158,184,184,184,184,252,264,298,5,36,51,51,51,51,51,51,51,85,85],"floor_reached":57,"playtime":2609,"items_purged":["Strike_G","Strike_G","Strike_G"],"score":3186,"play_id":"85b91705-b8e7-47dc-ae7e-8d36584ab18c","local_time":"20190304140638","is_ascension_mode":true,"campfire_choices":[{"data":"Flechettes","floor":6.0,"key":"SMITH"},{"data":"Eviscerate","floor":10.0,"key":"SMITH"},{"data":"Eviscerate","floor":13.0,"key":"SMITH"},{"data":"Riddle With Holes","floor":15.0,"key":"SMITH"},{"floor":28.0,"key":"REST"},{"floor":30.0,"key":"RECALL"},{"floor":32.0,"key":"REST"},{"floor":40.0,"key":"REST"},{"floor":42.0,"key":"REST"},{"data":"1","floor":49.0,"key":"LIFT"},{"data":"2","floor":53.0,"key":"LIFT"}],"neow_cost":"NONE","seed_source_timestamp":11592974963500,"circlet_count":0,"master_deck":["AscendersBane","Defend_G+1","Defend_G+1","Defend_G+1","Defend_G+1","Defend_G+1","Survivor+1","Flechettes+1","Leg Sweep+1","Eviscerate+1","Riddle With Holes+1","Leg Sweep+1","Eviscerate+1","Wraith Form v2+1","Predator+1","Bullet Time+1"],"special_seed":0,"relics":["Snecko Eye","Art of War","Sundial","Fusion Hammer","Regal Pillow","MawBank","Matryoshka","Pen Nib","Busted Crown","Bag of Preparation","Shuriken","PreservedInsect","Mark of the Bloom","Bag of Marbles","TheAbacus","Girya","StoneCalendar"],"potions_floor_usage":[56,56],"damage_taken":[{"damage":15.0,"enemies":"Cultist","floor":1.0,"turns":6.0},{"damage":0.0,"enemies":"2 Louse","floor":2.0,"turns":4.0},{"damage":4.0,"enemies":"Small Slimes","floor":3.0,"turns":4.0},{"damage":15.0,"enemies":"Gremlin Gang","floor":7.0,"turns":8.0},{"damage":0.0,"enemies":"Blue Slaver","floor":8.0,"turns":7.0},{"damage":7.0,"enemies":"Gremlin Nob","floor":11.0,"turns":3.0},{"damage":0.0,"enemies":"Slime Boss","floor":16.0,"turns":5.0},{"damage":1.0,"enemies":"Shell Parasite","floor":18.0,"turns":4.0},{"damage":1.0,"enemies":"3 Byrds","floor":19.0,"turns":5.0},{"damage":10.0,"enemies":"Snake Plant","floor":21.0,"turns":3.0},{"damage":3.0,"enemies":"3 Cultists","floor":22.0,"turns":6.0},{"damage":14.0,"enemies":"Book of Stabbing","floor":23.0,"turns":6.0},{"damage":5.0,"enemies":"Gremlin Leader","floor":25.0,"turns":4.0},{"damage":21.0,"enemies":"Slavers","floor":27.0,"turns":6.0},{"damage":5.0,"enemies":"Snecko","floor":31.0,"turns":4.0},{"damage":27.0,"enemies":"Automaton","floor":33.0,"turns":10.0},{"damage":2.0,"enemies":"3 Shapes","floor":35.0,"turns":4.0},{"damage":2.0,"enemies":"3 Darklings","floor":37.0,"turns":7.0},{"damage":0.0,"enemies":"Jaw Worm Horde","floor":44.0,"turns":3.0},{"damage":0.0,"enemies":"Reptomancer","floor":45.0,"turns":2.0},{"damage":0.0,"enemies":"Giant Head","floor":47.0,"turns":4.0},{"damage":4.0,"enemies":"Maw","floor":48.0,"turns":5.0},{"damage":0.0,"enemies":"Donu and Deca","floor":50.0,"turns":9.0},{"damage":0.0,"enemies":"Awakened One","floor":51.0,"turns":10.0},{"damage":2.0,"enemies":"Shield and Spear","floor":55.0,"turns":4.0},{"damage":54,"enemies":"The Heart","floor":56,"turns":8}],"seed_played":"2234145184299201262","potions_obtained":[{"floor":2.0,"key":"Energy Potion"},{"floor":16.0,"key":"Swift Potion"},{"floor":18.0,"key":"Regen Potion"},{"floor":25.0,"key":"FearPotion"},{"floor":31.0,"key":"GamblersBrew"},{"floor":37.0,"key":"Weak Potion"},{"floor":55.0,"key":"SkillPotion"}],"is_trial":false,"path_per_floor":["M","M","M","?","$","R","M","M","T","R","E","?","R","$","R","B",null,"M","M","$","M","M","E","?","E","T","E","R","$","R","M","R","B",null,"M","?","M","$","T","R","?","R","T","M","E","$","E","M","R","B","B",null,"R","$","E","B",null],"character_chosen":"THE_SILENT","items_purchased":["Leg Sweep","SteroidPotion","Bag of Preparation","TheAbacus","LiquidBronze"],"campfire_rested":4,"item_purchase_floors":[5,5,38,46,46],"current_hp_per_floor":[44,44,40,40,40,40,25,25,25,25,18,18,18,18,18,18,54,53,52,52,42,54,40,40,35,35,14,48,48,48,43,66,39,59,57,57,55,55,55,66,66,66,66,66,66,66,66,62,62,62,62,62,62,62,60,6],"gold":85,"neow_bonus":"BOSS_RELIC","is_prod":false,"is_daily":false,"chose_seed":false,"campfire_upgraded":4,"win_rate":0,"timestamp":1551679598,"path_taken":["M","M","?","?","$","R","M","M","T","R","E","?","R","$","R","BOSS","M","M","$","M","?","E","?","E","T","E","R","$","R","M","R","BOSS","M","?","M","$","?","R","?","R","T","M","E","?","E","M","R","BOSS","BOSS","R","$","E","BOSS"],"build_version":"2019-01-23","purchased_purges":3,"victory":true,"max_hp_per_floor":[66,66,66,66,66,66,66,66,66,66,66,66,66,66,66,66,66,66,66,66,66,66,66,66,66,66,66,66,66,66,66,66,66,66,66,66,66,66,66,66,66,66,66,66,66,66,66,66,66,66,66,66,66,66,66,66],"card_choices":[{"not_picked":["Sucker Punch","Outmaneuver","Backflip"],"picked":"SKIP","floor":1.0},{"not_picked":["Dodge and Roll","Deflect","Endless Agony"],"picked":"SKIP","floor":2.0},{"not_picked":["Slice","Reflex","Bane"],"picked":"SKIP","floor":3.0},{"not_picked":["Outmaneuver","Well Laid Plans"],"picked":"Eviscerate","floor":7.0},{"not_picked":["Backflip","Skewer"],"picked":"Riddle With Holes","floor":8.0},{"not_picked":["Backflip","Escape Plan"],"picked":"Leg Sweep","floor":11.0},{"not_picked":["Grand Finale","Glass Knife"],"picked":"Wraith Form v2","floor":16.0},{"not_picked":["Blade Dance","Eviscerate","Backstab+1"],"picked":"SKIP","floor":18.0},{"not_picked":["Acrobatics","Deadly Poison"],"picked":"Predator","floor":19.0},{"not_picked":["Dagger Spray","Flying Knee","Choke"],"picked":"SKIP","floor":21.0},{"not_picked":["Underhanded Strike","Deadly Poison","Blade Dance"],"picked":"SKIP","floor":22.0},{"not_picked":["Grand Finale","Tools of the Trade","Crippling Poison"],"picked":"SKIP","floor":23.0},{"not_picked":["Grand Finale","Tools of the Trade","Crippling Poison"],"picked":"SKIP","floor":23.0},{"not_picked":["Masterful Stab","Prepared","Dagger Throw"],"picked":"SKIP","floor":25.0},{"not_picked":["Flechettes","Catalyst+1","Underhanded Strike"],"picked":"SKIP","floor":27.0},{"not_picked":["Blur","Bane","Predator"],"picked":"SKIP","floor":31.0},{"not_picked":["Envenom","A Thousand Cuts"],"picked":"Bullet Time","floor":33.0},{"not_picked":["Blade Dance"],"picked":"SKIP","floor":35.0},{"not_picked":["Flying Knee"],"picked":"SKIP","floor":37.0},{"not_picked":["Acrobatics"],"picked":"SKIP","floor":44.0},{"not_picked":["Sucker Punch"],"picked":"SKIP","floor":45.0},{"not_picked":["Backflip"],"picked":"SKIP","floor":47.0},{"not_picked":["Cloak And Dagger"],"picked":"SKIP","floor":48.0},{"not_picked":["Flying Knee"],"picked":"SKIP","floor":55.0}],"player_experience":2715091,"relics_obtained":[{"floor":9.0,"key":"Art of War"},{"floor":11.0,"key":"Sundial"},{"floor":23.0,"key":"Regal Pillow"},{"floor":25.0,"key":"MawBank"},{"floor":26.0,"key":"Matryoshka"},{"floor":27.0,"key":"Pen Nib"},{"floor":39.0,"key":"Shuriken"},{"floor":39.0,"key":"PreservedInsect"},{"floor":45.0,"key":"Bag of Marbles"},{"floor":47.0,"key":"Girya"},{"floor":55.0,"key":"StoneCalendar"}],"event_choices":[{"damage_healed":0.0,"max_hp_gain":0.0,"max_hp_loss":0.0,"gold_gain":0.0,"cards_transformed":["Strike_G"],"event_name":"Living Wall","player_choice":"Change","floor":4.0,"gold_loss":0.0,"damage_taken":0.0,"cards_obtained":["Flechettes"]},{"damage_healed":0.0,"max_hp_gain":0.0,"max_hp_loss":0.0,"gold_gain":0.0,"event_name":"Match and Keep!","player_choice":"1 cards matched","floor":12.0,"gold_loss":0.0,"damage_taken":0.0,"cards_obtained":["Eviscerate"]},{"cards_removed":["Strike_G"],"damage_healed":0.0,"max_hp_gain":0.0,"max_hp_loss":0.0,"gold_gain":0.0,"event_name":"Back to Basics","player_choice":"Elegance","floor":24.0,"gold_loss":0.0,"damage_taken":0.0},{"cards_removed":["Neutralize"],"damage_healed":0.0,"max_hp_gain":0.0,"max_hp_loss":0.0,"gold_gain":0.0,"event_name":"Falling","player_choice":"Removed Attack","floor":36.0,"gold_loss":0.0,"damage_taken":0.0},{"damage_healed":0.0,"max_hp_gain":0.0,"max_hp_loss":0.0,"gold_gain":0.0,"event_name":"MindBloom","player_choice":"Upgrade","floor":41.0,"gold_loss":0.0,"damage_taken":0.0,"cards_upgraded":["Defend_G","Defend_G","Defend_G","Defend_G","Defend_G","Survivor","Leg Sweep","Leg Sweep","Wraith Form v2","Predator","Bullet Time"],"relics_obtained":["Mark of the Bloom"]}],"is_beta":false,"boss_relics":[{"not_picked":["White Beast Statue","Empty Cage"],"picked":"Fusion Hammer"},{"not_picked":["Philosopher\u0027s Stone","HoveringKite"],"picked":"Busted Crown"}],"items_purged_floors":[14,20,38],"is_endless":false,"potions_floor_spawned":[2,7,16,18,21,25,31,37,45,48,55],"ascension_level":20}