{"gold_per_floor":[119,137,150,162,162,162,190,190,215,215,226,251,270,305,305,379,379,391,407,407,422,436,436,454,487,512,552,614,951,888,910,922,934],"floor_reached":33,"playtime":1834,"items_purged":[],"score":576,"play_id":"d374828e-4f00-4364-9387-1fbe2ff35afb","local_time":"20190329182331","is_ascension_mode":true,"campfire_choices":[{"data":"Poisoned Stab","floor":6.0,"key":"SMITH"},{"data":"Dagger Throw","floor":8.0,"key":"SMITH"},{"floor":15.0,"key":"REST"},{"data":"Noxious Fumes","floor":23.0,"key":"SMITH"},{"data":"Footwork","floor":32,"key":"SMITH"}],"neow_cost":"NONE","seed_source_timestamp":38050376209464,"circlet_count":0,"master_deck":["AscendersBane","Defend_G+1","Defend_G+1","Defend_G+1","Defend_G+1","Defend_G+1","Strike_G+1","Strike_G+1","Strike_G+1","Strike_G+1","Survivor+1","Neutralize+1","Poisoned Stab+1","Dagger Throw+1","Noxious Fumes+1","Well Laid Plans","Dodge and Roll","Backflip","Tools of the Trade","Acrobatics","PiercingWail","Cloak And Dagger","PiercingWail","Wraith Form v2","Footwork+1","PiercingWail"],"special_seed":0,"relics":["Ring of the Snake","War Paint","Strawberry","Whetstone","Anchor","Coffee Dripper","The Courier","MawBank","Bottled Tornado","Old Coin"],"potions_floor_usage":[25,29,33,33],"damage_taken":[{"damage":5.0,"enemies":"Cultist","floor":1.0,"turns":7.0},{"damage":1.0,"enemies":"Small Slimes","floor":2.0,"turns":4.0},{"damage":3.0,"enemies":"2 Louse","floor":3.0,"turns":4.0},{"damage":0.0,"enemies":"Red Slaver","floor":4.0,"turns":4.0},{"damage":13.0,"enemies":"Gremlin Nob","floor":7.0,"turns":4.0},{"damage":0.0,"enemies":"Blue Slaver","floor":11.0,"turns":4.0},{"damage":19.0,"enemies":"Lagavulin","floor":12.0,"turns":8.0},{"damage":6.0,"enemies":"Exordium Wildlife","floor":13.0,"turns":4.0},{"damage":21.0,"enemies":"Gremlin Nob","floor":14.0,"turns":4.0},{"damage":1.0,"enemies":"The Guardian","floor":16.0,"turns":12.0},{"damage":12.0,"enemies":"3 Byrds","floor":18.0,"turns":5.0},{"damage":2.0,"enemies":"2 Thieves","floor":19.0,"turns":4.0},{"damage":15.0,"enemies":"Snecko","floor":21.0,"turns":8.0},{"damage":7.0,"enemies":"Centurion and Healer","floor":22.0,"turns":7.0},{"damage":0.0,"enemies":"Shelled Parasite and Fungi","floor":24.0,"turns":7.0},{"damage":11,"enemies":"Gremlin Leader","floor":25,"turns":7},{"damage":6,"enemies":"Slavers","floor":27,"turns":8},{"damage":4,"enemies":"Gremlin Leader","floor":29,"turns":8},{"damage":0,"enemies":"Snecko","floor":31,"turns":6},{"damage":9,"enemies":"Collector","floor":33,"turns":2}],"seed_played":"-1493548260775997709","potions_obtained":[{"floor":3.0,"key":"Weak Potion"},{"floor":4.0,"key":"Fire Potion"},{"floor":13.0,"key":"Dexterity Potion"},{"floor":18.0,"key":"SpeedPotion"},{"floor":25,"key":"Strength Potion"},{"floor":31,"key":"EssenceOfSteel"}],"is_trial":false,"path_per_floor":["M","M","M","M","?","R","E","R","T","?","M","E","M","E","R","B",null,"M","M","?","M","M","R","M","E","T","E","?","E","?","M","R","B"],"character_chosen":"THE_SILENT","items_purchased":[],"campfire_rested":1,"item_purchase_floors":[],"current_hp_per_floor":[60,59,56,56,56,56,43,43,50,50,50,31,25,4,27,26,66,54,52,52,37,30,30,30,19,19,13,13,9,9,9,9,0],"gold":934,"neow_bonus":"TEN_PERCENT_HP_BONUS","is_prod":false,"is_daily":false,"chose_seed":false,"campfire_upgraded":4,"win_rate":0,"timestamp":1553909011,"path_taken":["M","M","?","M","?","R","E","R","T","?","M","E","?","E","R","BOSS","M","M","?","M","M","R","M","E","T","E","?","E","?","M","R","BOSS"],"build_version":"2019-01-23","purchased_purges":0,"victory":false,"max_hp_per_floor":[72,72,72,72,72,72,72,72,79,79,79,79,79,79,79,79,79,79,79,79,79,79,79,79,79,79,79,79,79,79,79,79,79],"card_choices":[{"not_picked":["Slice","Blade Dance"],"picked":"Poisoned Stab","floor":1.0},{"not_picked":["Sucker Punch","Choke"],"picked":"Flying Knee","floor":2.0},{"not_picked":["Endless Agony","Concentrate"],"picked":"Dagger Throw","floor":3.0},{"not_picked":["Expertise","Blade Dance","Flying Knee"],"picked":"SKIP","floor":4.0},{"not_picked":["Eviscerate","Flechettes","Expertise"],"picked":"SKIP","floor":7.0},{"not_picked":["Deadly Poison","Underhanded Strike"],"picked":"Noxious Fumes","floor":11.0},{"not_picked":["Crippling Poison","Night Terror"],"picked":"Well Laid Plans","floor":12.0},{"not_picked":["Accuracy","Heel Hook"],"picked":"Dodge and Roll","floor":13.0},{"not_picked":["Finisher","Blade Dance"],"picked":"Backflip","floor":14.0},{"not_picked":["Phantasmal Killer","Venomology"],"picked":"Tools of the Trade","floor":16.0},{"not_picked":["Poisoned Stab","Bane"],"picked":"Acrobatics","floor":18.0},{"not_picked":["Underhanded Strike","Quick Slash","Endless Agony"],"picked":"SKIP","floor":19.0},{"not_picked":["Underhanded Strike","Dagger Throw"],"picked":"PiercingWail","floor":21.0},{"not_picked":["Sucker Punch","Catalyst"],"picked":"Cloak And Dagger","floor":22.0},{"not_picked":["Sucker Punch","Acrobatics"],"picked":"PiercingWail","floor":24.0},{"not_picked":["Deadly Poison","Catalyst"],"picked":"Wraith Form v2","floor":25},{"not_picked":["Tactician","Dodge and Roll","Infinite Blades"],"picked":"SKIP","floor":27},{"not_picked":["Endless Agony","Blade Dance"],"picked":"Footwork","floor":29},{"not_picked":["Slice","Distraction"],"picked":"PiercingWail","floor":31}],"player_experience":2400264,"relics_obtained":[{"floor":7.0,"key":"War Paint"},{"floor":9.0,"key":"Strawberry"},{"floor":12.0,"key":"Whetstone"},{"floor":14.0,"key":"Anchor"},{"floor":25,"key":"The Courier"},{"floor":26,"key":"MawBank"},{"floor":27,"key":"Bottled Tornado"},{"floor":29,"key":"Old Coin"}],"event_choices":[{"damage_healed":0.0,"max_hp_gain":0.0,"max_hp_loss":0.0,"gold_gain":0.0,"event_name":"Living Wall","player_choice":"Grow","floor":5.0,"gold_loss":0.0,"damage_taken":0.0,"cards_upgraded":["Neutralize"]},{"cards_removed":["Strike_G"],"damage_healed":0.0,"max_hp_gain":0.0,"max_hp_loss":0.0,"gold_gain":0.0,"event_name":"Purifier","player_choice":"Purged","floor":10.0,"gold_loss":0.0,"damage_taken":0.0},{"damage_healed":0.0,"max_hp_gain":0.0,"max_hp_loss":0.0,"gold_gain":0.0,"event_name":"Back to Basics","player_choice":"Simplicity","floor":20.0,"gold_loss":0.0,"damage_taken":0.0,"cards_upgraded":["Defend_G","Defend_G","Defend_G","Defend_G","Strike_G","Strike_G"]},{"damage_healed":0,"gold_gain":50,"player_choice":"Stole From Cult","damage_taken":0,"max_hp_gain":0,"max_hp_loss":0,"event_name":"Nest","floor":28,"gold_loss":0},{"cards_removed":["Flying Knee"],"damage_healed":0,"gold_gain":0,"player_choice":"Gave Gold","damage_taken":0,"max_hp_gain":0,"max_hp_loss":0,"event_name":"Beggar","floor":30,"gold_loss":75}],"is_beta":false,"boss_relics":[{"not_picked":["Orrery","WristBlade"],"picked":"Coffee Dripper"}],"items_purged_floors":[],"is_endless":false,"potions_floor_spawned":[3,4,13,18,19,25,31],"killed_by":"Collector","ascension_level":15}