{"gold_per_floor":[109,119,119,119,139,164,164,164,164,82,101,101,101,176,176,273,273,283,302,302,256,256,256,273,273],"floor_reached":25,"playtime":1840,"items_purged":[],"score":224,"play_id":"847bca14-0193-4e5e-82d4-62cd074d286b","local_time":"20181031233137","daily_mods":["Specialized","Colorless Cards","Night Terrors"],"is_ascension_mode":false,"campfire_choices":[{"floor":8,"key":"REST"},{"data":"Double Energy","floor":12,"key":"SMITH"},{"floor":15,"key":"REST"}],"neow_cost":"","seed_source_timestamp":0,"circlet_count":0,"master_deck":["Strike_B","Strike_B","Strike_B","Strike_B","Defend_B","Defend_B","Defend_B","Defend_B","Zap","Dualcast","Master of Strategy","Master of Strategy","Master of Strategy","Master of Strategy","Master of Strategy","Sweeping Beam","Go for the Eyes","Double Energy+1","Chill+1","Chrysalis+1","Conserve Battery+1","Ball Lightning","Stack+1","Aggregate+1","Conserve Battery+1","Writhe"],"relics":["Cracked Core","Gambling Chip","Ice Cream","Toxic Egg 2","White Beast Statue","Anchor"],"potions_floor_usage":[6,16,24,25],"damage_taken":[{"damage":3,"enemies":"Jaw Worm","floor":1,"turns":4},{"damage":1,"enemies":"2 Louse","floor":2,"turns":3},{"damage":0,"enemies":"Small Slimes","floor":5,"turns":3},{"damage":25,"enemies":"3 Sentries","floor":6,"turns":6},{"damage":2,"enemies":"Blue Slaver","floor":11,"turns":3},{"damage":56,"enemies":"Slime Boss","floor":16,"turns":13},{"damage":22,"enemies":"3 Byrds","floor":18,"turns":5},{"damage":9,"enemies":"Shell Parasite","floor":19,"turns":12},{"damage":16,"enemies":"Snecko","floor":24,"turns":6},{"damage":23,"enemies":"Snake Plant","floor":25,"turns":5}],"seed_played":"294962652729516451","potions_obtained":[{"floor":1,"key":"SkillPotion"},{"floor":2,"key":"FocusPotion"},{"floor":5,"key":"EssenceOfSteel"},{"floor":16,"key":"PowerPotion"},{"floor":18,"key":"Poison Potion"},{"floor":19,"key":"SpeedPotion"},{"floor":24,"key":"SteroidPotion"}],"is_trial":true,"path_per_floor":["M","M","?","?","M","E","?","R","T","$","M","R","?","?","R","B",null,"M","M","?","$","?","?","M"],"character_chosen":"DEFECT","items_purchased":["Chill+1","Conserve Battery+1"],"campfire_rested":2,"item_purchase_floors":[10,21],"current_hp_per_floor":[72,71,59,59,59,34,34,70,70,70,68,68,68,57,65,9,65,43,34,34,34,34,34,18,0],"gold":273,"neow_bonus":"","is_prod":false,"is_daily":false,"chose_seed":false,"campfire_upgraded":1,"win_rate":0,"timestamp":1541028697,"path_taken":["M","M","?","?","?","E","?","R","T","?","M","R","?","?","R","BOSS","M","M","?","$","?","?","M","M"],"build_version":"2018-10-25v2","purchased_purges":0,"victory":false,"max_hp_per_floor":[75,75,75,75,75,75,75,70,70,70,70,70,70,70,65,65,65,65,65,65,65,65,65,65,65],"card_choices":[{"not_picked":["Deep Breath","Reprogram","Madness"],"picked":"SKIP","floor":1},{"not_picked":["Panacea","Gash"],"picked":"Sweeping Beam","floor":2},{"not_picked":["Turbo","Streamline"],"picked":"Go for the Eyes","floor":5},{"not_picked":["Stack","Go for the Eyes"],"picked":"Double Energy","floor":6},{"not_picked":["Coolheaded+1","Recycle+1","Forethought+1"],"picked":"SKIP","floor":11},{"not_picked":["Sadistic Nature","Violence+1"],"picked":"Chrysalis+1","floor":16},{"not_picked":["Rebound","Ball Lightning+1"],"picked":"Conserve Battery+1","floor":18},{"not_picked":["Go for the Eyes","Redo+1"],"picked":"Ball Lightning","floor":19},{"not_picked":["Coolheaded+1","Compile Driver+1","Fusion+1"],"picked":"SKIP","floor":24}],"player_experience":262236,"relics_obtained":[{"floor":6,"key":"Ice Cream"},{"floor":9,"key":"Toxic Egg 2"}],"event_choices":[{"damage_healed":0,"gold_gain":0,"player_choice":"Success","damage_taken":12,"relics_obtained":["Gambling Chip"],"max_hp_gain":0,"max_hp_loss":0,"event_name":"Scrap Ooze","floor":3,"gold_loss":0},{"damage_healed":0,"gold_gain":0,"player_choice":"Bought 0 Potions","damage_taken":0,"max_hp_gain":0,"max_hp_loss":0,"event_name":"The Woman in Blue","floor":4,"gold_loss":0},{"damage_healed":0,"gold_gain":0,"player_choice":"Ignored","damage_taken":0,"max_hp_gain":0,"max_hp_loss":0,"event_name":"Golden Wing","floor":7,"gold_loss":0},{"damage_healed":0,"gold_gain":0,"player_choice":"Ignored","damage_taken":0,"max_hp_gain":0,"max_hp_loss":0,"event_name":"Liars Game","floor":13,"gold_loss":0},{"damage_healed":0,"gold_gain":75,"player_choice":"Gather Gold","damage_taken":11,"max_hp_gain":0,"max_hp_loss":0,"event_name":"World of Goop","floor":14,"gold_loss":0},{"damage_healed":0,"gold_gain":0,"player_choice":"2 cards matched","damage_taken":0,"max_hp_gain":0,"max_hp_loss":0,"event_name":"Match and Keep!","floor":20,"gold_loss":0,"cards_obtained":["Stack","Aggregate"]},{"damage_healed":0,"gold_gain":0,"player_choice":"Ignored","damage_taken":0,"max_hp_gain":0,"max_hp_loss":0,"event_name":"Ghosts","floor":22,"gold_loss":0},{"damage_healed":0,"gold_gain":0,"player_choice":"Opened","damage_taken":0,"relics_obtained":["Anchor"],"max_hp_gain":0,"max_hp_loss":0,"event_name":"The Mausoleum","floor":23,"gold_loss":0,"cards_obtained":["Writhe"]}],"is_beta":false,"boss_relics":[{"not_picked":["Runic Pyramid","Empty Cage"],"picked":"White Beast Statue"}],"items_purged_floors":[],"is_endless":false,"potions_floor_spawned":[1,2,5,16,18,19,24],"killed_by":"Snake Plant","ascension_level":0}