{"gold_per_floor":[113,8,35,47,59,102,189,201,213,259,271,309,321,362,374,463,475,503,515,527],"floor_reached":20,"playtime":752,"items_purged":[],"score":488,"play_id":"f124eebd-905c-4c27-b510-1d71bcc2bacc","local_time":"20190417204345","is_ascension_mode":true,"campfire_choices":[{"data":"Replay:BasicMightCard","floor":8.0,"key":"SMITH"},{"data":"Bash","floor":11.0,"key":"SMITH"},{"data":"Dual Wield","floor":13.0,"key":"SMITH"},{"floor":15.0,"key":"REST"}],"neow_cost":"NONE","seed_source_timestamp":10712056947300,"circlet_count":0,"master_deck":["AscendersBane","Strike_R","Strike_R","Defend_R","Defend_R","Defend_R","Defend_R","Bash+1","Replay:BasicMightCard+1","Disarm","Dropkick","Dual Wield+1","Replay:Many Hands+1","Blood for Blood+1","Headbutt+1"],"special_seed":0,"relics":["Burning Blood","NeowsBlessing","MawBank","Replay:Accelerometer","Potion Belt","Mango","Baseball","Paper Frog","Astrolabe","Nilry\u0027s Codex"],"potions_floor_usage":[20],"damage_taken":[{"damage":0.0,"enemies":"Cultist","floor":1.0,"turns":1.0},{"damage":0.0,"enemies":"3 Sentries","floor":6.0,"turns":2.0},{"damage":0.0,"enemies":"Erikyupuro","floor":10.0,"turns":2.0},{"damage":35.0,"enemies":"3 Sentries","floor":12.0,"turns":9.0},{"damage":27.0,"enemies":"Erikyupuro","floor":14.0,"turns":8.0},{"damage":68.0,"enemies":"Fading Forest","floor":16.0,"turns":13.0},{"damage":16.0,"enemies":"Shell Parasite","floor":18.0,"turns":2.0},{"damage":46,"enemies":"Masked Bandits","floor":20,"turns":3}],"seed_played":"8994398818511114399","potions_obtained":[{"floor":6.0,"key":"LifebloodPotion"},{"floor":10.0,"key":"AttackPotion"},{"floor":14.0,"key":"Fire Potion"},{"floor":18.0,"key":"Reflective Coating"}],"is_trial":false,"path_per_floor":["M","$","T","$","?","E","?","R","T","E","R","E","R","E","R","B",null,"M","?","?"],"character_chosen":"IRONCLAD","items_purchased":["Replay:BasicMightCard"],"campfire_rested":1,"item_purchase_floors":[2],"current_hp_per_floor":[74,74,74,74,74,75,64,64,64,84,84,55,55,34,60,16,71,61,40,0],"gold":527,"neow_bonus":"THREE_ENEMY_KILL","is_prod":false,"is_daily":false,"chose_seed":false,"campfire_upgraded":3,"win_rate":0,"timestamp":1555505025,"path_taken":["M","?","?","$","?","E","?","R","T","E","R","E","R","E","R","BOSS","M","?","?"],"build_version":"2019-01-23","purchased_purges":0,"victory":false,"max_hp_per_floor":[75,75,75,75,75,75,75,75,75,89,89,89,89,89,89,89,89,89,89,89],"card_choices":[{"not_picked":["Replay:Undeath\u0027s Touch","Run Through"],"picked":"ReplayTheSpireMod:Limb From Limb","floor":1.0},{"not_picked":["Anger","Seeing Red"],"picked":"Dropkick","floor":6.0},{"not_picked":["ReplayReversal","Second Wind"],"picked":"Dual Wield","floor":10.0},{"not_picked":["Run Through","Flex","Headbutt"],"picked":"SKIP","floor":12.0},{"not_picked":["Battle Trance","Perfected Strike","Armaments"],"picked":"SKIP","floor":14.0},{"not_picked":["Pommel Strike","ReplayTheSpireMod:Strike From Hell","Wild Strike"],"picked":"SKIP","floor":18.0}],"player_experience":2998828,"relics_obtained":[{"floor":3.0,"key":"MawBank"},{"floor":6.0,"key":"Replay:Accelerometer"},{"floor":9.0,"key":"Potion Belt"},{"floor":10.0,"key":"Mango"},{"floor":12.0,"key":"Baseball"},{"floor":14.0,"key":"Paper Frog"},{"floor":19.0,"key":"Nilry\u0027s Codex"}],"event_choices":[{"damage_healed":0.0,"max_hp_gain":0.0,"max_hp_loss":0.0,"gold_gain":0.0,"cards_transformed":["Strike_R"],"event_name":"Living Wall","player_choice":"Change","floor":5.0,"gold_loss":0.0,"damage_taken":0.0,"cards_obtained":["Disarm"]},{"damage_healed":0.0,"max_hp_gain":0.0,"max_hp_loss":0.0,"gold_gain":75.0,"event_name":"World of Goop","player_choice":"Gather Gold","floor":7.0,"gold_loss":0.0,"damage_taken":11.0},{"damage_healed":0.0,"max_hp_gain":0.0,"max_hp_loss":0.0,"gold_gain":0.0,"event_name":"Cursed Tome","player_choice":"Obtained Book","floor":19.0,"gold_loss":0.0,"damage_taken":21.0},{"damage_healed":0,"gold_gain":0,"player_choice":"Fought Bandits","damage_taken":0,"max_hp_gain":0,"max_hp_loss":0,"event_name":"Masked Bandits","floor":20,"gold_loss":0}],"is_beta":false,"boss_relics":[{"not_picked":["Eternal Feather","Empty Cage"],"picked":"Astrolabe"}],"items_purged_floors":[],"is_endless":false,"potions_floor_spawned":[6,10,14,18],"killed_by":"Masked Bandits","ascension_level":20}