{"gold_per_floor":[110,126,126,201,278,278,298,298,298,135,150,150,162,181,181,256,256,256,256,256,156,156,156,156,156,156,31,31,31],"floor_reached":29,"playtime":921,"items_purged":["Strike_G","Strike_G","Poisoned Stab+1"],"score":522,"play_id":"62f1183e-4b0a-4122-824b-7fc637a4b8fb","local_time":"20190401004734","is_ascension_mode":true,"campfire_choices":[{"data":"Neutralize","floor":6.0,"key":"SMITH"},{"data":"Poisoned Stab","floor":8.0,"key":"SMITH"},{"data":"Calculated Gamble","floor":12.0,"key":"SMITH"},{"data":"Survivor","floor":15.0,"key":"SMITH"},{"data":"Tactician","floor":23.0,"key":"SMITH"}],"neow_cost":"TEN_PERCENT_HP_LOSS","seed_source_timestamp":4919931932700,"circlet_count":0,"master_deck":["AscendersBane","Defend_G","Defend_G","Defend_G","Defend_G","Survivor+1","Neutralize+1","Flechettes+1","Calculated Gamble+1","Prepared","Adrenaline","Tactician+1","Distraction","Blur","Writhe"],"special_seed":0,"relics":["Ring of the Snake","FossilizedHelix","Molten Egg 2","Sundial","Ectoplasm","Blue Candle","Ninja Scroll"],"potions_floor_usage":[],"damage_taken":[{"damage":0.0,"enemies":"Jaw Worm","floor":1.0,"turns":6.0},{"damage":0.0,"enemies":"Small Slimes","floor":2.0,"turns":4.0},{"damage":0.0,"enemies":"2 Louse","floor":7.0,"turns":3.0},{"damage":0.0,"enemies":"Large Slime","floor":11.0,"turns":5.0},{"damage":0.0,"enemies":"2 Fungi Beasts","floor":13.0,"turns":3.0},{"damage":0.0,"enemies":"Exordium Wildlife","floor":14.0,"turns":4.0},{"damage":0.0,"enemies":"The Guardian","floor":16.0,"turns":10.0},{"damage":3.0,"enemies":"Shell Parasite","floor":18.0,"turns":5.0},{"damage":0.0,"enemies":"3 Byrds","floor":22.0,"turns":5.0},{"damage":4,"enemies":"Centurion and Healer","floor":29,"turns":6}],"seed_played":"1513726794537215140","potions_obtained":[{"floor":13.0,"key":"SkillPotion"},{"floor":14.0,"key":"PowerPotion"},{"floor":16.0,"key":"Weak Potion"},{"floor":18.0,"key":"Fire Potion"}],"is_trial":false,"path_per_floor":["M","M","?","?","T","R","M","R","T","$","M","R","M","M","R","B",null,"M","?","?","$","M","R","?","?","T","$","?","M"],"character_chosen":"THE_SILENT","items_purchased":["Calculated Gamble"],"campfire_rested":0,"item_purchase_floors":[10],"current_hp_per_floor":[59,59,52,41,41,41,41,41,41,41,41,41,41,41,41,41,55,52,52,52,52,52,52,52,52,52,52,52,48],"gold":31,"neow_bonus":"ONE_RARE_RELIC","is_prod":false,"is_daily":false,"chose_seed":false,"campfire_upgraded":5,"win_rate":0,"timestamp":1554050854,"path_taken":["M","M","?","?","?","R","M","R","T","$","M","R","M","M","R","BOSS","M","?","?","$","M","R","?","?","T","$","?","M"],"build_version":"2019-03-15","purchased_purges":3,"victory":false,"max_hp_per_floor":[60,60,60,60,60,60,60,60,60,60,60,60,60,60,60,60,60,60,60,60,60,60,60,60,60,60,60,60,60],"card_choices":[{"not_picked":["Dagger Throw","Underhanded Strike"],"picked":"Poisoned Stab","floor":1.0},{"not_picked":["Riddle With Holes","Prepared","Deflect"],"picked":"SKIP","floor":2.0},{"not_picked":["Caltrops","Predator+1"],"picked":"Flechettes+1","floor":7.0},{"not_picked":["Setup","Crippling Poison","Dagger Spray+1"],"picked":"SKIP","floor":11.0},{"not_picked":["Cloak And Dagger","Dagger Spray+1"],"picked":"Prepared","floor":13.0},{"not_picked":["Underhanded Strike+1","Masterful Stab+1","Sucker Punch+1"],"picked":"SKIP","floor":14.0},{"not_picked":["Doppelganger","Glass Knife+1"],"picked":"Adrenaline","floor":16.0},{"not_picked":["Acrobatics","Leg Sweep"],"picked":"Tactician","floor":18.0},{"not_picked":["Dash+1","Slice+1","PiercingWail"],"picked":"SKIP","floor":22.0},{"not_picked":["Dash+1","Slice+1","PiercingWail"],"picked":"SKIP","floor":22.0}],"player_experience":1311427,"relics_obtained":[{"floor":5.0,"key":"Molten Egg 2"},{"floor":9.0,"key":"Sundial"},{"floor":26.0,"key":"Blue Candle"}],"event_choices":[{"cards_removed":["Strike_G"],"damage_healed":0.0,"max_hp_gain":0.0,"max_hp_loss":0.0,"gold_gain":0.0,"event_name":"Golden Wing","player_choice":"Card Removal","floor":3.0,"gold_loss":0.0,"damage_taken":7.0},{"damage_healed":0.0,"max_hp_gain":0.0,"max_hp_loss":0.0,"gold_gain":75.0,"event_name":"World of Goop","player_choice":"Gather Gold","floor":4.0,"gold_loss":0.0,"damage_taken":11.0},{"damage_healed":0.0,"max_hp_gain":0.0,"max_hp_loss":0.0,"gold_gain":0.0,"event_name":"Ghosts","player_choice":"Ignored","floor":19.0,"gold_loss":0.0,"damage_taken":0.0},{"cards_removed":["Strike_G"],"damage_healed":0.0,"max_hp_gain":0.0,"max_hp_loss":0.0,"gold_gain":0.0,"event_name":"Back to Basics","player_choice":"Elegance","floor":20.0,"gold_loss":0.0,"damage_taken":0.0},{"damage_healed":0.0,"max_hp_gain":0.0,"max_hp_loss":0.0,"gold_gain":0.0,"cards_transformed":["Strike_G","Defend_G"],"event_name":"Drug Dealer","player_choice":"Became Test Subject","floor":24.0,"gold_loss":0.0,"damage_taken":0.0,"cards_obtained":["Distraction","Blur"]},{"damage_healed":0.0,"max_hp_gain":0.0,"max_hp_loss":0.0,"gold_gain":50.0,"event_name":"Nest","player_choice":"Stole From Cult","floor":25.0,"gold_loss":0.0,"damage_taken":0.0},{"damage_healed":0.0,"max_hp_gain":0.0,"max_hp_loss":0.0,"gold_gain":0.0,"event_name":"The Mausoleum","player_choice":"Opened","floor":28.0,"gold_loss":0.0,"damage_taken":0.0,"relics_obtained":["Ninja Scroll"],"cards_obtained":["Writhe"]}],"is_beta":true,"boss_relics":[{"not_picked":["Snecko Eye","Velvet Choker"],"picked":"Ectoplasm"}],"items_purged_floors":[10,21,27],"is_endless":false,"potions_floor_spawned":[13,14,16,18],"killed_by":"Centurion and Healer","ascension_level":20}