{"gold_per_floor":[117,117,136,136,9,9,38,38,107,139,139,20,51,71,71,176,176,192,203,203,220,220,249,249,274,312,324,349,371,416,446,458,574,586,610,634,556,582,113,113,141,141,141,168,179,205,205,215,215,215,215,215,22,50,50],"floor_reached":56,"playtime":2419,"items_purged":["Strike_B+1"],"score":2107,"play_id":"ac623ba3-366e-4824-a58b-0d1e4e02d0a8","local_time":"25620210141827","is_ascension_mode":true,"campfire_choices":[{"data":"Gash","floor":6.0,"key":"SMITH"},{"data":"Sunder","floor":8.0,"key":"SMITH"},{"data":"Dualcast","floor":11.0,"key":"SMITH"},{"data":"Capacitor","floor":15.0,"key":"SMITH"},{"data":"Chill","floor":24.0,"key":"SMITH"},{"data":"Echo Form","floor":27.0,"key":"SMITH"},{"floor":32.0,"key":"REST"},{"data":"Defragment","floor":40.0,"key":"SMITH"},{"data":"Self Repair","floor":42.0,"key":"SMITH"},{"floor":49.0,"key":"RECALL"},{"data":"Echo Form","floor":52.0,"key":"SMITH"}],"neow_cost":"NONE","seed_source_timestamp":0,"circlet_count":0,"master_deck":["AscendersBane","Strike_B+1","Strike_B+1","Defend_B+1","Defend_B+1","Defend_B+1","Zap+1","Dualcast+1","Glacier+1","Conserve Battery","Self Repair+1","Gash+1","Sunder+1","Ball Lightning+1","Gash+1","Capacitor+1","Echo Form+1","Scrape+1","Chill+1","Gash+1","Biased Cognition+1","Defragment+1","Coolheaded+1","Chill+1","Echo Form+1","White Noise+1","Meteor Strike+1","Dramatic Entrance+1","Chaos+1","Coolheaded+1","FTL+1","Defragment","Skim","Chill","Steam+1"],"special_seed":0,"relics":["Black Star","FossilizedHelix","Potion Belt","Molten Egg 2","Ancient Tea Set","Mummified Hand","Mango","Boot","Centennial Puzzle","Nuclear Battery","PreservedInsect","Singing Bowl","Strawberry","MawBank","Orichalcum","Art of War","Bottled Flame","Inserter","Membership Card","Happy Flower","Blue Candle","Letter Opener","Unceasing Top","Pantograph","Blood Vial","Smiling Mask","Juzu Bracelet","ClockworkSouvenir","Thread and Needle","Dead Branch"],"potions_floor_usage":[],"damage_taken":[{"damage":9.0,"enemies":"2 Louse","floor":1.0,"turns":4.0},{"damage":1.0,"enemies":"Small Slimes","floor":3.0,"turns":4.0},{"damage":13.0,"enemies":"Lagavulin","floor":7.0,"turns":10.0},{"damage":13.0,"enemies":"Gremlin Nob","floor":10.0,"turns":4.0},{"damage":8.0,"enemies":"3 Sentries","floor":13.0,"turns":6.0},{"damage":0.0,"enemies":"Cultist","floor":14.0,"turns":2.0},{"damage":36.0,"enemies":"Hexaghost","floor":16.0,"turns":9.0},{"damage":3.0,"enemies":"Chosen","floor":18.0,"turns":4.0},{"damage":3.0,"enemies":"Shell Parasite","floor":19.0,"turns":5.0},{"damage":3.0,"enemies":"Centurion and Healer","floor":21.0,"turns":4.0},{"damage":43.0,"enemies":"Book of Stabbing","floor":23.0,"turns":5.0},{"damage":13.0,"enemies":"Slavers","floor":25.0,"turns":4.0},{"damage":25.0,"enemies":"Snake Plant","floor":28.0,"turns":5.0},{"damage":0.0,"enemies":"Chosen and Byrds","floor":29.0,"turns":4.0},{"damage":30.0,"enemies":"Gremlin Leader","floor":30.0,"turns":6.0},{"damage":0.0,"enemies":"Centurion and Healer","floor":31.0,"turns":5.0},{"damage":0.0,"enemies":"Champ","floor":33.0,"turns":11.0},{"damage":11.0,"enemies":"3 Darklings","floor":35.0,"turns":7.0},{"damage":2.0,"enemies":"3 Shapes","floor":36.0,"turns":4.0},{"damage":11.0,"enemies":"Sphere and 2 Shapes","floor":38.0,"turns":5.0},{"damage":0.0,"enemies":"Giant Head","floor":41.0,"turns":6.0},{"damage":0.0,"enemies":"Reptomancer","floor":44.0,"turns":4.0},{"damage":0.0,"enemies":"Jaw Worm Horde","floor":45.0,"turns":3.0},{"damage":12.0,"enemies":"Nemesis","floor":46.0,"turns":6.0},{"damage":0.0,"enemies":"4 Shapes","floor":48.0,"turns":4.0},{"damage":3.0,"enemies":"Awakened One","floor":50.0,"turns":5.0},{"damage":0.0,"enemies":"Shield and Spear","floor":54.0,"turns":4.0},{"damage":20,"enemies":"The Heart","floor":55,"turns":5}],"seed_played":"-2623225685585621989","potions_obtained":[{"floor":13.0,"key":"SteroidPotion"},{"floor":14.0,"key":"Explosive Potion"},{"floor":19.0,"key":"Swift Potion"},{"floor":23.0,"key":"Dexterity Potion"},{"floor":28.0,"key":"FearPotion"},{"floor":29.0,"key":"Fire Potion"},{"floor":30.0,"key":"Weak Potion"},{"floor":36.0,"key":"Regen Potion"},{"floor":41.0,"key":"AttackPotion"},{"floor":48.0,"key":"FearPotion"}],"is_trial":false,"path_per_floor":["M","?","M","?","$","R","E","R","T","E","R","?","E","M","R","B",null,"M","M","?","M","?","E","R","E","T","R","M","M","E","M","R","B",null,"M","M","?","M","$","R","E","R","T","E","M","E","?","M","R","B",null,"R","$","E","B",null],"character_chosen":"DEFECT","items_purchased":["Self Repair","Gash","Membership Card","Happy Flower","Blue Candle","Dramatic Entrance+1","ClockworkSouvenir","Defragment","Skim","Chill"],"campfire_rested":1,"item_purchase_floors":[5,5,39,39,39,39,53,53,53,53],"current_hp_per_floor":[59,52,51,51,51,51,45,45,45,39,39,53,52,52,52,23,73,84,89,89,89,89,60,60,63,63,63,45,45,22,29,58,65,90,88,100,100,96,96,96,102,102,102,102,102,100,100,102,102,102,102,102,102,102,92],"gold":50,"neow_bonus":"BOSS_RELIC","is_prod":false,"is_daily":false,"chose_seed":false,"campfire_upgraded":9,"win_rate":0,"timestamp":1549783107,"path_taken":["M","?","M","?","$","R","E","R","T","E","R","?","E","?","R","BOSS","M","M","?","?","?","E","R","E","T","R","M","M","E","M","R","BOSS","M","M","?","M","$","R","E","R","T","E","?","E","?","M","R","BOSS","R","$","E","BOSS"],"build_version":"2019-01-23","purchased_purges":1,"victory":true,"max_hp_per_floor":[75,75,75,75,75,75,75,75,75,75,75,89,89,89,89,89,89,89,89,89,89,89,89,89,98,98,98,98,98,98,98,98,98,98,100,100,100,100,100,100,102,102,102,102,102,102,102,102,102,102,102,102,102,102,102],"card_choices":[{"not_picked":["Ball Lightning","Lockon"],"picked":"Glacier","floor":1.0},{"not_picked":["Steam Power","Gash"],"picked":"Conserve Battery","floor":3.0},{"not_picked":["Compile Driver","Lockon"],"picked":"Sunder","floor":7.0},{"not_picked":["Coolheaded","Blizzard+1"],"picked":"Ball Lightning+1","floor":10.0},{"not_picked":["Leap","Thunder Strike+1"],"picked":"Gash+1","floor":13.0},{"not_picked":["Redo","Barrage+1"],"picked":"Capacitor","floor":14.0},{"not_picked":["Multi-Cast","Amplify"],"picked":"Echo Form","floor":16.0},{"not_picked":["Go for the Eyes+1","Barrage+1","Compile Driver+1"],"picked":"SKIP","floor":18.0},{"not_picked":["Storm","Cold Snap+1"],"picked":"Scrape+1","floor":19.0},{"not_picked":["Coolheaded","Blizzard+1"],"picked":"Chill","floor":21.0},{"not_picked":["White Noise","Conserve Battery+1"],"picked":"Gash+1","floor":23.0},{"not_picked":["Sweeping Beam+1","Fusion","Force Field"],"picked":"Singing Bowl","floor":25.0},{"not_picked":["Sweeping Beam+1","Go for the Eyes+1"],"picked":"Biased Cognition","floor":28.0},{"not_picked":["Barrage+1","Glacier"],"picked":"Defragment","floor":29.0},{"not_picked":["Ball Lightning+1","Hologram+1"],"picked":"Coolheaded+1","floor":30.0},{"not_picked":["Go for the Eyes+1","Turbo"],"picked":"Chill+1","floor":31.0},{"not_picked":["Biased Cognition","Thunder Strike+1"],"picked":"Echo Form","floor":33.0},{"not_picked":["Redo+1","Steam","Beam Cell+1"],"picked":"Singing Bowl","floor":35.0},{"not_picked":["Go for the Eyes+1","Barrage+1"],"picked":"White Noise+1","floor":36.0},{"not_picked":["Leap","Coolheaded"],"picked":"Meteor Strike+1","floor":38.0},{"not_picked":["Blizzard+1","Ball Lightning+1","Reprogram+1"],"picked":"Singing Bowl","floor":41.0},{"not_picked":["Darkness+1","Conserve Battery"],"picked":"Static Discharge","floor":44.0},{"not_picked":["Compile Driver+1","Glacier"],"picked":"Chaos+1","floor":45.0},{"not_picked":["Ball Lightning+1","Steam"],"picked":"Coolheaded+1","floor":46.0},{"not_picked":["Beam Cell+1","Ball Lightning+1"],"picked":"FTL+1","floor":48.0},{"not_picked":["FTL+1","Turbo+1"],"picked":"Steam+1","floor":54.0}],"player_experience":240409,"relics_obtained":[{"floor":7.0,"key":"FossilizedHelix"},{"floor":7.0,"key":"Potion Belt"},{"floor":9.0,"key":"Molten Egg 2"},{"floor":10.0,"key":"Ancient Tea Set"},{"floor":10.0,"key":"Mummified Hand"},{"floor":13.0,"key":"Boot"},{"floor":13.0,"key":"Centennial Puzzle"},{"floor":23.0,"key":"PreservedInsect"},{"floor":23.0,"key":"Singing Bowl"},{"floor":25.0,"key":"Strawberry"},{"floor":25.0,"key":"MawBank"},{"floor":26.0,"key":"Orichalcum"},{"floor":30.0,"key":"Art of War"},{"floor":30.0,"key":"Bottled Flame"},{"floor":41.0,"key":"Letter Opener"},{"floor":41.0,"key":"Unceasing Top"},{"floor":44.0,"key":"Pantograph"},{"floor":44.0,"key":"Blood Vial"},{"floor":46.0,"key":"Smiling Mask"},{"floor":46.0,"key":"Juzu Bracelet"},{"floor":54.0,"key":"Thread and Needle"},{"floor":54.0,"key":"Dead Branch"}],"event_choices":[{"cards_removed":["Defend_B"],"damage_healed":0.0,"max_hp_gain":0.0,"max_hp_loss":0.0,"gold_gain":0.0,"event_name":"Golden Wing","player_choice":"Card Removal","floor":2.0,"gold_loss":0.0,"damage_taken":7.0},{"damage_healed":0.0,"max_hp_gain":0.0,"max_hp_loss":0.0,"gold_gain":0.0,"event_name":"Living Wall","player_choice":"Grow","floor":4.0,"gold_loss":0.0,"damage_taken":0.0,"cards_upgraded":["Zap"]},{"damage_healed":0.0,"max_hp_gain":0.0,"max_hp_loss":0.0,"gold_gain":0.0,"event_name":"WeMeetAgain","player_choice":"Paid Gold","floor":12.0,"gold_loss":119.0,"damage_taken":0.0,"relics_obtained":["Mango"]},{"damage_healed":0.0,"max_hp_gain":0.0,"max_hp_loss":0.0,"gold_gain":0.0,"event_name":"Accursed Blacksmith","player_choice":"Forge","floor":20.0,"gold_loss":0.0,"damage_taken":0.0,"cards_upgraded":["Glacier"]},{"damage_healed":0.0,"max_hp_gain":0.0,"max_hp_loss":0.0,"gold_gain":0.0,"event_name":"Back to Basics","player_choice":"Simplicity","floor":22.0,"gold_loss":0.0,"damage_taken":0.0,"cards_upgraded":["Strike_B","Strike_B","Strike_B","Strike_B","Defend_B","Defend_B","Defend_B"]},{"cards_removed":["Strike_B"],"damage_healed":0.0,"max_hp_gain":0.0,"max_hp_loss":0.0,"gold_gain":0.0,"event_name":"Designer","player_choice":"Upgrade and Remove","floor":37.0,"gold_loss":90.0,"damage_taken":0.0,"cards_upgraded":["Biased Cognition"]},{"cards_removed":["Static Discharge"],"damage_healed":0.0,"max_hp_gain":0.0,"max_hp_loss":0.0,"gold_gain":0.0,"event_name":"Falling","player_choice":"Removed Power","floor":47.0,"gold_loss":0.0,"damage_taken":0.0}],"is_beta":false,"boss_relics":[{"not_picked":["Empty Cage","Pandora\u0027s Box"],"picked":"Nuclear Battery"},{"not_picked":["White Beast Statue","Calling Bell"],"picked":"Inserter"}],"items_purged_floors":[39],"is_endless":false,"potions_floor_spawned":[13,14,19,23,28,29,30,36,41,48],"ascension_level":10}