{"gold_per_floor":[113,133,152,170,10,45,45,75,75,75,104,116,128,172,184,270,282,307,331,361,290,290,290,316,316,343,343,376,402,482,582,582,656,656,672,686,394,394,411,445,445,475,475,510,510,522,51,71,71,71,71,71,71,18,44,44],"floor_reached":57,"playtime":2970,"items_purged":[],"score":3098,"play_id":"f37a6938-0f31-4b00-a2c8-33474c5cf74f","local_time":"20190214170838","daily_mods":["SealedDeck","DeadlyEvents","Elite Swarm"],"is_ascension_mode":true,"campfire_choices":[{"data":"Go for the Eyes","floor":7.0,"key":"SMITH"},{"data":"Loop","floor":10.0,"key":"SMITH"},{"data":"Biased Cognition","floor":12.0,"key":"SMITH"},{"data":"Electrodynamics","floor":15.0,"key":"SMITH"},{"data":"Fission","floor":23.0,"key":"SMITH"},{"data":"Reinforced Body","floor":25.0,"key":"SMITH"},{"data":"Capacitor","floor":27.0,"key":"SMITH"},{"data":"FTL","floor":32.0,"key":"SMITH"},{"data":"Fission","floor":41,"key":"SMITH"},{"floor":49,"key":"RECALL"},{"data":"Rainbow","floor":53,"key":"SMITH"}],"neow_cost":"","seed_source_timestamp":0,"circlet_count":0,"master_deck":["AscendersBane","Compile Driver","Conserve Battery","Sweeping Beam","Capacitor+1","Gash","Loop+1","Reinforced Body+1","Go for the Eyes+1","Cold Snap","Ball Lightning","FTL+1","All For One","Electrodynamics+1","Biased Cognition+1","Core Surge","Fission+1","Hologram+1","Beam Cell+1","Self Repair+1","Buffer+1","Compile Driver+1","Fission+1","Compile Driver+1","Conserve Battery+1","Cold Snap+1","Buffer+1","Echo Form+1","Rainbow+1","Thunder Strike+1","Redo+1","Creative AI+1"],"special_seed":0,"relics":["Cracked Core","Vajra","Matryoshka","Frozen Egg 2","Ornamental Fan","MawBank","Ancient Tea Set","Girya","Lizard Tail","Incense Burner","Cables","Strawberry","DataDisk","Centennial Puzzle","Molten Egg 2","Du-Vu Doll","Bottled Flame","Runic Pyramid","Potion Belt","Art of War","Bird Faced Urn","Pear","Thread and Needle","Turnip","Torii"],"potions_floor_usage":[39,50,55,56,56],"damage_taken":[{"damage":0.0,"enemies":"2 Louse","floor":1.0,"turns":3.0},{"damage":0.0,"enemies":"Jaw Worm","floor":2.0,"turns":3.0},{"damage":0.0,"enemies":"Cultist","floor":3.0,"turns":3.0},{"damage":1.0,"enemies":"Large Slime","floor":4.0,"turns":5.0},{"damage":19.0,"enemies":"Lagavulin","floor":6.0,"turns":5.0},{"damage":10.0,"enemies":"Gremlin Nob","floor":8.0,"turns":3.0},{"damage":10.0,"enemies":"3 Sentries","floor":11.0,"turns":2.0},{"damage":0.0,"enemies":"Gremlin Nob","floor":14.0,"turns":3.0},{"damage":0.0,"enemies":"Slime Boss","floor":16.0,"turns":4.0},{"damage":11.0,"enemies":"Shell Parasite","floor":18.0,"turns":3.0},{"damage":0.0,"enemies":"Chosen","floor":19.0,"turns":3.0},{"damage":23.0,"enemies":"Shelled Parasite and Fungi","floor":20.0,"turns":3.0},{"damage":19.0,"enemies":"Book of Stabbing","floor":24.0,"turns":5.0},{"damage":0.0,"enemies":"Gremlin Leader","floor":28.0,"turns":3.0},{"damage":17.0,"enemies":"Slavers","floor":29.0,"turns":3.0},{"damage":22.0,"enemies":"Colosseum Slavers","floor":31.0,"turns":6.0},{"damage":0.0,"enemies":"Colosseum Nobs","floor":31.0,"turns":2.0},{"damage":24.0,"enemies":"Champ","floor":33.0,"turns":8.0},{"damage":0.0,"enemies":"Orb Walker","floor":35.0,"turns":2.0},{"damage":9.0,"enemies":"3 Shapes","floor":36.0,"turns":5.0},{"damage":18,"enemies":"Spire Growth","floor":39,"turns":3},{"damage":24,"enemies":"Reptomancer","floor":40,"turns":5},{"damage":18,"enemies":"Nemesis","floor":42,"turns":5},{"damage":0,"enemies":"Giant Head","floor":44,"turns":8},{"damage":18,"enemies":"Jaw Worm Horde","floor":46,"turns":3},{"damage":0,"enemies":"Transient","floor":48,"turns":6},{"damage":7,"enemies":"Donu and Deca","floor":50,"turns":10},{"damage":15,"enemies":"Time Eater","floor":51,"turns":19},{"damage":12,"enemies":"Shield and Spear","floor":55,"turns":5},{"damage":77,"enemies":"The Heart","floor":56,"turns":15}],"seed_played":"2360027084518831361","potions_obtained":[{"floor":1.0,"key":"Ancient Potion"},{"floor":2.0,"key":"Fire Potion"},{"floor":16.0,"key":"GamblersBrew"},{"floor":29.0,"key":"Regen Potion"},{"floor":31.0,"key":"EssenceOfSteel"},{"floor":42,"key":"Explosive Potion"},{"floor":44,"key":"FearPotion"}],"is_trial":true,"path_per_floor":["M","M","M","M","$","E","R","E","T","R","E","R","?","E","R","B",null,"M","M","M","$","?","R","E","R","T","R","E","E","T","?","R","B",null,"M","M","$","?","M","E","R","E","T","E","T","M","$","M","R","B","B",null,"R","$","E","B",null],"character_chosen":"DEFECT","items_purchased":["All For One","FocusPotion","Cold Snap+1","Potion Belt","Buffer+1","FocusPotion","SkillPotion","Turnip","Dexterity Potion"],"campfire_rested":0,"item_purchase_floors":[5,21,37,37,37,47,47,47,54],"current_hp_per_floor":[64,64,64,63,63,44,44,34,34,34,24,24,19,19,19,19,58,47,47,24,24,24,24,15,15,22,22,32,15,15,69,69,55,72,78,78,78,78,70,56,56,58,58,88,88,74,74,88,88,88,88,88,88,88,84,51],"gold":44,"neow_bonus":"","is_prod":false,"is_daily":false,"chose_seed":false,"campfire_upgraded":10,"win_rate":0,"timestamp":1550192918,"path_taken":["M","M","M","M","$","E","R","E","T","R","E","R","?","E","R","BOSS","M","M","M","$","?","R","E","R","T","R","E","?","?","?","R","BOSS","M","M","$","?","M","E","R","E","T","E","?","M","$","M","R","BOSS","BOSS","R","$","E","BOSS"],"build_version":"2019-01-23","purchased_purges":0,"victory":true,"max_hp_per_floor":[71,71,71,71,71,71,71,71,71,71,71,71,71,71,71,71,71,71,71,71,71,71,71,71,71,78,78,78,78,78,78,78,78,78,78,78,78,78,78,78,78,78,78,88,88,88,88,88,88,88,88,88,88,88,88,88],"card_choices":[{"not_picked":["Undo","Go for the Eyes","Rebound"],"picked":"SKIP","floor":1.0},{"not_picked":["Turbo","Barrage","Streamline"],"picked":"SKIP","floor":2.0},{"not_picked":["Force Field","Compile Driver","White Noise"],"picked":"SKIP","floor":3.0},{"not_picked":["Compile Driver","Barrage"],"picked":"FTL","floor":4.0},{"not_picked":["All For One","Multi-Cast"],"picked":"Electrodynamics","floor":6.0},{"not_picked":["Rainbow","All For One"],"picked":"Biased Cognition","floor":8.0},{"not_picked":["Thunder Strike","Creative AI+1"],"picked":"Core Surge","floor":11.0},{"not_picked":["Reboot","Electrodynamics+1","All For One"],"picked":"SKIP","floor":14.0},{"not_picked":["Reboot","Biased Cognition+1"],"picked":"Fission","floor":16.0},{"not_picked":["Leap","Lockon"],"picked":"Hologram+1","floor":18.0},{"not_picked":["Gash","Loop+1"],"picked":"Beam Cell+1","floor":19.0},{"not_picked":["Skim","Barrage"],"picked":"Self Repair+1","floor":20.0},{"not_picked":["Biased Cognition+1","Multi-Cast","Thunder Strike"],"picked":"SKIP","floor":24.0},{"not_picked":["Amplify","Thunder Strike","Reboot"],"picked":"SKIP","floor":28.0},{"not_picked":["All For One","Thunder Strike"],"picked":"Buffer+1","floor":29.0},{"not_picked":["Beam Cell+1","Stack"],"picked":"Compile Driver+1","floor":31.0},{"not_picked":["Core Surge+1","Rainbow"],"picked":"Fission","floor":33.0},{"not_picked":["Streamline+1","Fusion"],"picked":"Compile Driver+1","floor":35.0},{"not_picked":["Barrage+1","Scrape+1"],"picked":"Conserve Battery+1","floor":36.0},{"not_picked":["FTL+1","Go for the Eyes+1","Leap+1"],"picked":"SKIP","floor":39},{"not_picked":["Reboot","Meteor Strike+1"],"picked":"Echo Form+1","floor":40},{"not_picked":["Thunder Strike+1","Multi-Cast"],"picked":"Rainbow","floor":42},{"not_picked":["Core Surge+1","Electrodynamics+1"],"picked":"Thunder Strike+1","floor":44},{"not_picked":["Turbo","Ball Lightning+1"],"picked":"Redo+1","floor":46},{"not_picked":["Sweeping Beam+1","Go for the Eyes+1","Coolheaded"],"picked":"SKIP","floor":48},{"not_picked":["Meteor Strike+1","Fission"],"picked":"Creative AI+1","floor":55}],"player_experience":2202693,"relics_obtained":[{"floor":6.0,"key":"Vajra"},{"floor":8.0,"key":"Matryoshka"},{"floor":9.0,"key":"Frozen Egg 2"},{"floor":9.0,"key":"Ornamental Fan"},{"floor":11.0,"key":"MawBank"},{"floor":14.0,"key":"Girya"},{"floor":24.0,"key":"Incense Burner"},{"floor":26.0,"key":"Cables"},{"floor":26.0,"key":"Strawberry"},{"floor":28.0,"key":"DataDisk"},{"floor":29.0,"key":"Centennial Puzzle"},{"floor":30.0,"key":"Molten Egg 2"},{"floor":31.0,"key":"Du-Vu Doll"},{"floor":31.0,"key":"Bottled Flame"},{"floor":40,"key":"Art of War"},{"floor":42,"key":"Bird Faced Urn"},{"floor":44,"key":"Pear"},{"floor":45,"key":"Thread and Needle"},{"floor":55,"key":"Torii"}],"event_choices":[{"damage_healed":0.0,"max_hp_gain":0.0,"max_hp_loss":0.0,"gold_gain":0.0,"event_name":"Scrap Ooze","player_choice":"Success","floor":13.0,"gold_loss":0.0,"damage_taken":5.0,"relics_obtained":["Ancient Tea Set"]},{"damage_healed":0.0,"max_hp_gain":0.0,"max_hp_loss":0.0,"gold_gain":0.0,"event_name":"Purifier","player_choice":"Ignored","floor":22.0,"gold_loss":0.0,"damage_taken":0.0},{"damage_healed":0.0,"max_hp_gain":0.0,"max_hp_loss":0.0,"gold_gain":0.0,"event_name":"Colosseum","player_choice":"Fight","floor":31.0,"gold_loss":0.0,"damage_taken":0.0},{"damage_healed":0.0,"max_hp_gain":0.0,"max_hp_loss":0.0,"gold_gain":0.0,"event_name":"Colosseum","player_choice":"Fought Nobs","floor":31.0,"gold_loss":0.0,"damage_taken":0.0},{"damage_healed":0.0,"max_hp_gain":0.0,"max_hp_loss":0.0,"gold_gain":0.0,"event_name":"SensoryStone","player_choice":"Memory 1","floor":38.0,"gold_loss":0.0,"damage_taken":0.0}],"is_beta":false,"boss_relics":[{"not_picked":["Busted Crown","Coffee Dripper"],"picked":"Lizard Tail"},{"not_picked":["Tiny House","White Beast Statue"],"picked":"Runic Pyramid"}],"items_purged_floors":[],"is_endless":false,"potions_floor_spawned":[1,2,8,16,24,28,29,31,35,42,44],"ascension_level":20}