{"gold_per_floor":[114,64,82,100,111,146,146,146,146,146,178,66,92,92],"floor_reached":14,"playtime":606,"items_purged":["Strike_R"],"score":124,"play_id":"1c8f6c8b-0172-4d07-85d3-d7c24fa5eb14","local_time":"20190328204248","is_ascension_mode":true,"campfire_choices":[{"floor":7,"key":"REST"}],"neow_cost":"NONE","seed_source_timestamp":1167293515939200,"circlet_count":0,"master_deck":["Strike_R","Strike_R+1","Defend_R","Defend_R","Defend_R","Defend_R","Bash","Uppercut+1","Shockwave","Heavy Blade","Flex","Pummel"],"relics":["Burning Blood","Turnip","Mercury Hourglass","Bottled Flame","Bottled Lightning"],"potions_floor_usage":[6,11,11,13],"damage_taken":[{"damage":6,"enemies":"Jaw Worm","floor":1,"turns":4},{"damage":2,"enemies":"2 Louse","floor":3,"turns":2},{"damage":16,"enemies":"Small Slimes","floor":4,"turns":3},{"damage":6,"enemies":"Blue Slaver","floor":5,"turns":5},{"damage":57,"enemies":"3 Sentries","floor":6,"turns":12},{"damage":13,"enemies":"Gremlin Nob","floor":11,"turns":3},{"damage":12,"enemies":"Lagavulin","floor":13,"turns":4},{"damage":14,"enemies":"2 Fungi Beasts","floor":14,"turns":2}],"seed_played":"6267377999817857289","potions_obtained":[{"floor":1,"key":"LiquidBronze"},{"floor":3,"key":"PowerPotion"},{"floor":6,"key":"Strength Potion"},{"floor":11,"key":"PowerPotion"}],"is_trial":false,"path_per_floor":["M","?","M","M","M","E","R","?","T","?","E","$","E","M"],"character_chosen":"IRONCLAD","items_purchased":["Pummel"],"campfire_rested":1,"item_purchase_floors":[12],"current_hp_per_floor":[80,80,80,70,70,19,43,27,27,27,20,20,14,0],"gold":92,"neow_bonus":"TRANSFORM_CARD","is_prod":false,"is_daily":false,"chose_seed":false,"campfire_upgraded":0,"win_rate":0,"timestamp":1553798568,"path_taken":["M","?","M","M","M","E","R","?","T","?","E","$","E","M"],"build_version":"2019-01-23","purchased_purges":1,"victory":false,"max_hp_per_floor":[80,80,80,80,80,80,80,80,80,80,80,80,80,80],"card_choices":[{"not_picked":["Sword Boomerang","Corruption"],"picked":"Shockwave","floor":1},{"not_picked":["Blood for Blood","Dropkick"],"picked":"Heavy Blade","floor":3},{"not_picked":["Sentinel","Metallicize","Heavy Blade"],"picked":"SKIP","floor":4},{"not_picked":["Pommel Strike","Sword Boomerang","Sever Soul"],"picked":"SKIP","floor":5},{"not_picked":["Heavy Blade","Rage"],"picked":"Flex","floor":6},{"not_picked":["Shrug It Off","Exhume","Flex"],"picked":"SKIP","floor":11},{"not_picked":["Body Slam","Infernal Blade","Feel No Pain"],"picked":"SKIP","floor":13}],"player_experience":118199,"relics_obtained":[{"floor":6,"key":"Turnip"},{"floor":9,"key":"Mercury Hourglass"},{"floor":11,"key":"Bottled Flame"},{"floor":13,"key":"Bottled Lightning"}],"event_choices":[{"cards_removed":["Strike_R"],"damage_healed":0,"gold_gain":0,"player_choice":"Card Removal","damage_taken":0,"max_hp_gain":0,"max_hp_loss":0,"event_name":"The Cleric","floor":2,"gold_loss":50},{"damage_healed":0,"gold_gain":0,"player_choice":"Entered Light","damage_taken":16,"max_hp_gain":0,"max_hp_loss":0,"event_name":"Shining Light","floor":8,"gold_loss":0,"cards_upgraded":["Strike_R","Uppercut"]},{"damage_healed":0,"gold_gain":0,"player_choice":"Ignored","damage_taken":0,"max_hp_gain":0,"max_hp_loss":0,"event_name":"Golden Idol","floor":10,"gold_loss":0}],"is_beta":false,"boss_relics":[],"items_purged_floors":[12],"is_endless":false,"potions_floor_spawned":[1,3,6,11],"killed_by":"2 Fungi Beasts","ascension_level":3}