{"gold_per_floor":[119,44,44,44,54,83,83,117,144,28,28,59,69,80,80,157,157,170,170,186,186,33,33,66,76,76,86,96,124,124,141,141,141],"floor_reached":33,"playtime":1034,"items_purged":["Strike_B"],"score":660,"play_id":"a151218e-f5a2-4746-94ba-1d57f231a4ff","local_time":"20190504183922","is_ascension_mode":true,"campfire_choices":[{"data":"Static Discharge","floor":7,"key":"SMITH"},{"data":"Defragment","floor":11,"key":"SMITH"},{"data":"Chill","floor":15,"key":"SMITH"},{"data":"Capacitor","floor":23,"key":"SMITH"},{"data":"Blizzard","floor":32,"key":"SMITH"}],"neow_cost":"NONE","seed_source_timestamp":2128487772720663,"circlet_count":0,"master_deck":["AscendersBane","Strike_B+1","Defend_B","Defend_B","Defend_B","Defend_B","Zap","Dualcast","Gash","Static Discharge+1","Ball Lightning","Defragment+1","Chill+1","Cold Snap+1","Auto Shields","Reboot","Coolheaded","Capacitor+1","Self Repair","Compile Driver+1","Gash+1","Blizzard+1","Capacitor"],"relics":["Cracked Core","NeowsBlessing","Blood Vial","Strawberry","Bronze Scales","Vajra","Art of War","Nuclear Battery","Mummified Hand","Whetstone","Pantograph"],"potions_floor_usage":[8,16,16,24,28,33],"damage_taken":[{"damage":0,"enemies":"Small Slimes","floor":1,"turns":1},{"damage":0,"enemies":"2 Louse","floor":5,"turns":1},{"damage":0,"enemies":"Lagavulin","floor":6,"turns":1},{"damage":19,"enemies":"Gremlin Nob","floor":8,"turns":4},{"damage":2,"enemies":"Lagavulin","floor":12,"turns":5},{"damage":4,"enemies":"Jaw Worm","floor":13,"turns":3},{"damage":15,"enemies":"Exordium Thugs","floor":14,"turns":4},{"damage":18,"enemies":"Slime Boss","floor":16,"turns":8},{"damage":0,"enemies":"Spheric Guardian","floor":18,"turns":4},{"damage":0,"enemies":"Chosen","floor":20,"turns":6},{"damage":33,"enemies":"Slavers","floor":24,"turns":5},{"damage":18,"enemies":"Centurion and Healer","floor":25,"turns":6},{"damage":0,"enemies":"Snecko","floor":27,"turns":7},{"damage":4,"enemies":"Snake Plant","floor":28,"turns":2},{"damage":10,"enemies":"Gremlin Leader","floor":29,"turns":7},{"damage":18,"enemies":"Centurion and Healer","floor":31,"turns":5},{"damage":59,"enemies":"Collector","floor":33,"turns":7}],"seed_played":"-4008377026409687140","potions_obtained":[{"floor":6,"key":"Block Potion"},{"floor":8,"key":"SkillPotion"},{"floor":12,"key":"AttackPotion"},{"floor":14,"key":"FearPotion"},{"floor":16,"key":"Poison Potion"},{"floor":21,"key":"Dexterity Potion"},{"floor":25,"key":"SkillPotion"}],"is_trial":false,"path_per_floor":["M","?","?","?","M","E","R","E","T","$","R","E","M","M","R","B",null,"M","?","M","?","$","R","E","M","T","M","M","E","T","M","R","B"],"character_chosen":"DEFECT","items_purchased":["Defragment","Chill","Capacitor"],"campfire_rested":0,"item_purchase_floors":[10,10,22],"current_hp_per_floor":[64,64,59,52,54,63,63,46,46,46,46,46,44,31,31,15,62,64,64,66,66,66,66,35,26,26,35,33,32,32,23,23,0],"gold":141,"neow_bonus":"THREE_ENEMY_KILL","is_prod":false,"is_daily":false,"chose_seed":false,"campfire_upgraded":5,"win_rate":0,"timestamp":1557009562,"path_taken":["M","?","?","?","?","E","R","E","T","?","R","E","M","M","R","BOSS","M","?","M","?","$","R","E","M","T","?","M","E","?","?","R","BOSS"],"build_version":"2019-04-23","purchased_purges":1,"victory":false,"max_hp_per_floor":[71,71,71,71,71,78,78,78,78,78,78,78,78,78,78,78,78,78,78,78,78,78,78,78,78,78,78,78,78,78,78,78,78],"card_choices":[{"not_picked":["Redo","Steam Power","Melter"],"picked":"SKIP","floor":1},{"not_picked":["Turbo","Conserve Battery"],"picked":"Gash","floor":5},{"not_picked":["Cold Snap","Tempest"],"picked":"Static Discharge","floor":6},{"not_picked":["Aggregate","Storm"],"picked":"Ball Lightning","floor":8},{"not_picked":["Streamline","Steam","BootSequence"],"picked":"SKIP","floor":12},{"not_picked":["Ball Lightning","Compile Driver"],"picked":"Cold Snap","floor":13},{"not_picked":["Redo","Steam"],"picked":"Auto Shields","floor":14},{"not_picked":["Amplify","Creative AI"],"picked":"Reboot","floor":16},{"not_picked":["Cold Snap","Turbo"],"picked":"Coolheaded","floor":18},{"not_picked":["Hologram","Fusion","Barrage+1"],"picked":"SKIP","floor":20},{"not_picked":["Streamline","Meteor Strike"],"picked":"Self Repair","floor":24},{"not_picked":["Tempest","Steam"],"picked":"Compile Driver+1","floor":25},{"not_picked":["Recycle","Leap"],"picked":"Gash+1","floor":27},{"not_picked":["Steam","Sweeping Beam"],"picked":"Blizzard","floor":28},{"not_picked":["Aggregate+1","Sweeping Beam","Leap"],"picked":"SKIP","floor":29},{"not_picked":["Doom and Gloom","Ball Lightning"],"picked":"Capacitor","floor":31}],"player_experience":2000514,"relics_obtained":[{"floor":6,"key":"Strawberry"},{"floor":8,"key":"Bronze Scales"},{"floor":9,"key":"Vajra"},{"floor":12,"key":"Art of War"},{"floor":24,"key":"Mummified Hand"},{"floor":26,"key":"Whetstone"},{"floor":29,"key":"Pantograph"}],"event_choices":[{"cards_removed":["Strike_B"],"damage_healed":0,"gold_gain":0,"player_choice":"Card Removal","damage_taken":0,"max_hp_gain":0,"max_hp_loss":0,"event_name":"The Cleric","floor":2,"gold_loss":75},{"damage_healed":0,"gold_gain":0,"player_choice":"Success","damage_taken":5,"relics_obtained":["Blood Vial"],"max_hp_gain":0,"max_hp_loss":0,"event_name":"Scrap Ooze","floor":3,"gold_loss":0},{"cards_removed":["Strike_B"],"damage_healed":0,"gold_gain":0,"player_choice":"Card Removal","damage_taken":7,"max_hp_gain":0,"max_hp_loss":0,"event_name":"Golden Wing","floor":4,"gold_loss":0},{"damage_healed":0,"gold_gain":0,"player_choice":"Ignored","damage_taken":0,"max_hp_gain":0,"max_hp_loss":0,"event_name":"The Mausoleum","floor":19,"gold_loss":0},{"damage_healed":0,"gold_gain":0,"player_choice":"Got Potions","damage_taken":0,"max_hp_gain":0,"max_hp_loss":0,"event_name":"Lab","floor":21,"gold_loss":0}],"is_beta":true,"boss_relics":[{"not_picked":["Lizard Tail","Runic Pyramid"],"picked":"Nuclear Battery"}],"items_purged_floors":[22],"is_endless":false,"potions_floor_spawned":[6,8,12,14,16,25,27],"killed_by":"Collector","ascension_level":20}