{"gold_per_floor":[113,113,113,288,308,334,334,259,282,302,314,214,231,106,106,205,205,223,223,73,96,113,113,127,153,153,153,153,167,182,42,42,141,141,159,159,159,170,170,170],"floor_reached":40,"playtime":1244,"items_purged":["Doubt","Strike_R","Strike_R","Strike_R","Defend_R"],"score":429,"play_id":"9e7aceaf-af29-4a48-8761-a54bc9e390c3","local_time":"20190111013019","is_ascension_mode":false,"campfire_choices":[{"data":"Rampage","floor":7.0,"key":"SMITH"},{"data":"Bash","floor":15.0,"key":"SMITH"},{"data":"Defend_R","floor":23.0,"key":"SMITH"},{"floor":27.0,"key":"REST"},{"data":"Defend_R","floor":32.0,"key":"SMITH"}],"neow_cost":"NONE","seed_source_timestamp":0,"circlet_count":0,"master_deck":["Strike_R+1","Defend_R+1","Defend_R+1","Defend_R+1","Bash+1","Rampage+1"],"special_seed":0,"relics":["Burning Blood","NeowsBlessing","Oddly Smooth Stone","Lantern","Philosopher\u0027s Stone","PreservedInsect","The Courier","Art of War","Fusion Hammer","Strawberry"],"potions_floor_usage":[40],"damage_taken":[{"damage":0.0,"enemies":"Small Slimes","floor":1.0,"turns":1.0},{"damage":0.0,"enemies":"2 Louse","floor":5.0,"turns":1.0},{"damage":0.0,"enemies":"3 Sentries","floor":6.0,"turns":2.0},{"damage":6.0,"enemies":"Cultist","floor":10.0,"turns":3.0},{"damage":29.0,"enemies":"Exordium Thugs","floor":11.0,"turns":4.0},{"damage":0.0,"enemies":"Blue Slaver","floor":13.0,"turns":4.0},{"damage":45.0,"enemies":"Hexaghost","floor":16.0,"turns":11.0},{"damage":8.0,"enemies":"2 Thieves","floor":18.0,"turns":4.0},{"damage":25.0,"enemies":"Spheric Guardian","floor":22.0,"turns":8.0},{"damage":8.0,"enemies":"Centurion and Healer","floor":24.0,"turns":6.0},{"damage":26.0,"enemies":"Slavers","floor":25.0,"turns":4.0},{"damage":10.0,"enemies":"Shelled Parasite and Fungi","floor":29.0,"turns":10.0},{"damage":2.0,"enemies":"3 Cultists","floor":30.0,"turns":6.0},{"damage":23.0,"enemies":"Champ","floor":33.0,"turns":9.0},{"damage":23.0,"enemies":"Orb Walker","floor":35.0,"turns":4.0},{"damage":17.0,"enemies":"3 Darklings","floor":38.0,"turns":6.0},{"damage":76,"enemies":"Reptomancer","floor":40,"turns":3}],"seed_played":"7370644657372562999","potions_obtained":[{"floor":5.0,"key":"AttackPotion"},{"floor":6.0,"key":"Weak Potion"},{"floor":10.0,"key":"LiquidBronze"},{"floor":11.0,"key":"SkillPotion"},{"floor":25.0,"key":"BloodPotion"},{"floor":30.0,"key":"FearPotion"}],"is_trial":false,"path_per_floor":["M","?","?","?","M","E","R","$","T","M","M","$","M","$","R","B",null,"M","?","$","T","M","R","M","E","T","R","?","M","M","$","R","B",null,"M","?","?","M","?","E"],"character_chosen":"IRONCLAD","items_purchased":[],"campfire_rested":1,"item_purchase_floors":[],"current_hp_per_floor":[80,64,64,64,70,76,76,76,76,76,53,53,59,59,59,20,80,78,78,78,78,59,59,57,37,37,61,61,57,61,61,61,44,80,63,63,63,59,66,0],"gold":170,"neow_bonus":"THREE_ENEMY_KILL","is_prod":false,"is_daily":false,"chose_seed":false,"campfire_upgraded":4,"win_rate":0,"timestamp":1547166619,"path_taken":["M","?","?","?","M","E","R","$","T","M","M","$","M","$","R","BOSS","M","?","$","?","?","R","M","E","T","R","?","M","M","?","R","BOSS","M","?","?","M","?","E"],"build_version":"2019-01-03v4","purchased_purges":5,"victory":false,"max_hp_per_floor":[80,80,80,80,80,80,80,80,80,80,80,80,80,80,80,80,80,80,80,80,80,80,80,80,80,80,80,80,80,80,80,80,80,80,80,80,76,76,83,83],"card_choices":[{"not_picked":["Perfected Strike","Pummel"],"picked":"Rampage","floor":1.0},{"not_picked":["Fire Breathing","Burning Pact","Power Through"],"picked":"SKIP","floor":5.0},{"not_picked":["Reaper","Flame Barrier","Armaments"],"picked":"SKIP","floor":6.0},{"not_picked":["Perfected Strike","Cleave","Armaments"],"picked":"SKIP","floor":10.0},{"not_picked":["Shrug It Off","Bloodletting","Iron Wave"],"picked":"SKIP","floor":11.0},{"not_picked":["Corruption","Perfected Strike","Cleave"],"picked":"SKIP","floor":13.0},{"not_picked":["Clash","Havoc","Anger+1"],"picked":"SKIP","floor":18.0},{"not_picked":["Clothesline","Body Slam+1","Corruption+1"],"picked":"SKIP","floor":22.0},{"not_picked":["Flex+1","Reaper","Fire Breathing"],"picked":"SKIP","floor":24.0},{"not_picked":["Headbutt+1","Rupture","Shockwave"],"picked":"SKIP","floor":25.0},{"not_picked":["Flame Barrier","Body Slam","Flex"],"picked":"SKIP","floor":29.0},{"not_picked":["Warcry","Hemokinesis","Wild Strike+1"],"picked":"SKIP","floor":30.0},{"not_picked":["Flex","Rampage+1","Clash+1"],"picked":"SKIP","floor":35.0},{"not_picked":["True Grit+1","Blood for Blood+1","Body Slam+1"],"picked":"SKIP","floor":38.0}],"player_experience":435454,"relics_obtained":[{"floor":6.0,"key":"Oddly Smooth Stone"},{"floor":9.0,"key":"Lantern"},{"floor":21.0,"key":"PreservedInsect"},{"floor":25.0,"key":"The Courier"},{"floor":26.0,"key":"Art of War"}],"event_choices":[{"damage_healed":0.0,"max_hp_gain":0.0,"max_hp_loss":0.0,"gold_gain":0.0,"event_name":"Shining Light","player_choice":"Entered Light","floor":2.0,"gold_loss":0.0,"damage_taken":16.0,"cards_upgraded":["Strike_R","Defend_R"]},{"cards_removed":["Strike_R"],"damage_healed":0.0,"max_hp_gain":0.0,"max_hp_loss":0.0,"gold_gain":0.0,"event_name":"Living Wall","player_choice":"Forget","floor":3.0,"gold_loss":0.0,"damage_taken":0.0},{"damage_healed":0.0,"max_hp_gain":0.0,"max_hp_loss":0.0,"gold_gain":175.0,"event_name":"Liars Game","player_choice":"AGREE","floor":4.0,"gold_loss":0.0,"damage_taken":0.0,"cards_obtained":["Doubt"]},{"damage_healed":0.0,"max_hp_gain":0.0,"max_hp_loss":0.0,"gold_gain":0.0,"event_name":"NoteForYourself","player_choice":"Ignored","floor":19.0,"gold_loss":0.0,"damage_taken":0.0},{"damage_healed":0.0,"max_hp_gain":0.0,"max_hp_loss":0.0,"gold_gain":0.0,"event_name":"The Woman in Blue","player_choice":"Bought 0 Potions","floor":28.0,"gold_loss":0.0,"damage_taken":0.0},{"damage_healed":0.0,"max_hp_gain":0.0,"max_hp_loss":0.0,"gold_gain":0.0,"event_name":"Mysterious Sphere","player_choice":"Ignored","floor":36.0,"gold_loss":0.0,"damage_taken":0.0},{"damage_healed":0.0,"max_hp_gain":0.0,"max_hp_loss":4.0,"gold_gain":0.0,"event_name":"Winding Halls","player_choice":"Max HP","floor":37.0,"gold_loss":0.0,"damage_taken":0.0},{"damage_healed":0.0,"max_hp_gain":0.0,"max_hp_loss":0.0,"gold_gain":0.0,"event_name":"WeMeetAgain","player_choice":"Gave Potion","floor":39.0,"gold_loss":0.0,"damage_taken":0.0,"relics_obtained":["Strawberry"]}],"is_beta":false,"boss_relics":[{"not_picked":["Eternal Feather","Cursed Key"],"picked":"Philosopher\u0027s Stone"},{"not_picked":["Orrery","Runic Pyramid"],"picked":"Fusion Hammer"}],"items_purged_floors":[8,12,14,20,31],"is_endless":false,"potions_floor_spawned":[5,6,10,11,16,25,30,33,35],"killed_by":"Reptomancer","ascension_level":0}