{"gold_per_floor":[109,109,125,138,153,3,3,17,17,17,32,32,52,152,152,152],"floor_reached":16,"playtime":962,"items_purged":["Strike_B"],"score":94,"play_id":"ebcfcdd4-f92f-4df5-84f5-bca792ad2363","local_time":"20190505123044","is_ascension_mode":false,"campfire_choices":[{"floor":7,"key":"RECALL"},{"data":"Genetic Algorithm","floor":10,"key":"SMITH"},{"floor":15,"key":"REST"}],"neow_cost":"NONE","seed_source_timestamp":1359762561109573,"circlet_count":0,"master_deck":["Strike_B","Defend_B","Defend_B","Defend_B","Defend_B","Zap","Dualcast","FTL","Undo","Doom and Gloom","Consume","Rainbow","Reinforced Body","Genetic Algorithm+1","Defragment","Static Discharge","Redo"],"relics":["Cracked Core","Dream Catcher"],"potions_floor_usage":[],"damage_taken":[{"damage":11,"enemies":"Jaw Worm","floor":1,"turns":3},{"damage":1,"enemies":"Cultist","floor":3,"turns":4},{"damage":0,"enemies":"2 Louse","floor":4,"turns":2},{"damage":20,"enemies":"Gremlin Gang","floor":5,"turns":4},{"damage":0,"enemies":"2 Fungi Beasts","floor":8,"turns":3},{"damage":1,"enemies":"Large Slime","floor":11,"turns":6},{"damage":0,"enemies":"Lots of Slimes","floor":13,"turns":5},{"damage":48,"enemies":"The Guardian","floor":16,"turns":15}],"seed_played":"-7035172862529091482","potions_obtained":[{"floor":1,"key":"Dexterity Potion"},{"floor":4,"key":"Block Potion"},{"floor":5,"key":"PowerPotion"},{"floor":11,"key":"Regen Potion"}],"is_trial":false,"path_per_floor":["M","?","M","M","M","$","R","M","T","R","M","?","M","?","R","B"],"character_chosen":"DEFECT","items_purchased":["Reinforced Body"],"campfire_rested":1,"item_purchase_floors":[6],"current_hp_per_floor":[64,64,63,63,43,43,43,43,43,43,42,35,35,35,57,9],"gold":152,"neow_bonus":"RANDOM_COMMON_RELIC","is_prod":false,"is_daily":false,"chose_seed":false,"campfire_upgraded":1,"win_rate":0,"timestamp":1557052244,"path_taken":["M","?","M","M","?","$","R","M","T","R","M","?","M","?","R","BOSS"],"build_version":"2019-01-23","purchased_purges":1,"victory":false,"max_hp_per_floor":[75,75,75,75,75,75,75,75,75,75,75,75,75,75,75,75],"card_choices":[{"not_picked":["Go for the Eyes","Chill"],"picked":"FTL","floor":1},{"not_picked":["Ball Lightning","Barrage"],"picked":"Doom and Gloom","floor":3},{"not_picked":["Scrape","Hologram"],"picked":"Consume","floor":4},{"not_picked":["Sweeping Beam","Redo"],"picked":"Rainbow","floor":5},{"not_picked":["Aggregate","Self Repair"],"picked":"Genetic Algorithm","floor":8},{"not_picked":["Turbo","Leap"],"picked":"Defragment","floor":11},{"not_picked":["Blizzard","Rip and Tear"],"picked":"Static Discharge","floor":13},{"not_picked":["Rebound","Streamline"],"picked":"Redo","floor":15}],"player_experience":57082,"relics_obtained":[],"event_choices":[{"damage_healed":0,"gold_gain":0,"cards_transformed":["Strike_B"],"player_choice":"Transformed","damage_taken":0,"max_hp_gain":0,"max_hp_loss":0,"event_name":"Transmorgrifier","floor":2,"gold_loss":0,"cards_obtained":["Undo"]},{"cards_removed":["Strike_B"],"damage_healed":0,"gold_gain":0,"player_choice":"Card Removal","damage_taken":7,"max_hp_gain":0,"max_hp_loss":0,"event_name":"Golden Wing","floor":12,"gold_loss":0},{"damage_healed":0,"gold_gain":100,"player_choice":"Pray","damage_taken":0,"max_hp_gain":0,"max_hp_loss":0,"event_name":"Golden Shrine","floor":14,"gold_loss":0}],"is_beta":false,"boss_relics":[],"items_purged_floors":[6],"is_endless":false,"potions_floor_spawned":[1,4,5,11],"killed_by":"The Guardian","ascension_level":0}