{"path_per_floor":["M","M","M","M","M","E","R","M","T","?","M","R","M","T","R","B",null,"M","M","?","M","$","R","M","M","T","M","E","R","M","M","R","B",null,"M","M","?","M","?","M","M","$","T","$","M","?","$","M","R","B"],"character_chosen":"THE_SILENT","items_purchased":["Frozen Egg 2","Noxious Fumes","Bottled Tornado"],"gold_per_floor":[213,230,249,265,281,309,309,324,324,324,343,343,362,386,386,481,481,501,514,514,529,136,136,146,163,163,177,203,203,220,236,236,337,337,352,371,371,386,386,405,418,318,389,2,20,20,20,35,35,35],"floor_reached":51,"campfire_rested":4,"playtime":3628,"current_hp_per_floor":[70,70,65,62,58,41,41,35,35,28,28,49,49,49,70,40,70,70,70,70,70,70,70,59,59,59,44,50,50,50,50,70,38,70,70,68,68,52,52,52,36,36,36,36,28,28,28,28,49,7],"items_purged":["Defend_G","Defend_G","Defend_G"],"gold":35,"score":656,"play_id":"8e667ce7-2d9a-48d0-8fdf-2b1e8cd3d67d","local_time":"20180522210336","is_prod":false,"is_daily":false,"chose_seed":false,"is_ascension_mode":false,"campfire_upgraded":3,"timestamp":1527048216,"campfire_choices":[{"data":"Finisher","floor":7,"key":"SMITH"},{"floor":12,"key":"REST"},{"floor":15,"key":"REST"},{"data":"Glass Knife","floor":23,"key":"SMITH"},{"data":"Choke","floor":29,"key":"SMITH"},{"floor":32,"key":"REST"},{"floor":49,"key":"REST"}],"path_taken":["M","M","M","M","M","E","R","M","T","?","M","R","M","?","R","BOSS","M","M","?","M","$","R","M","M","T","?","E","R","M","M","R","BOSS","M","?","?","M","?","M","M","$","T","$","M","?","$","M","R","BOSS"],"build_version":"2018-05-17","seed_source_timestamp":36524146139823,"purchased_purges":3,"victory":true,"master_deck":["Defend_G","Defend_G","Strike_G","Strike_G","Strike_G","Strike_G","Strike_G","Survivor","Neutralize","Footwork","Finisher+1","Dagger Throw","Slice","Backflip","Backflip","Backstab","Glass Knife+1","Well Laid Plans+1","Prepared+1","Noxious Fumes+1","Blade Dance","Choke+1","Infinite Blades+1","Acrobatics+1","Footwork+1","PiercingWail","Glass Knife","Cloak And Dagger+1","A Thousand Cuts+1","Deflect+1","Backstab","Dodge and Roll+1","Backstab","Distraction+1","Escape Plan+1"],"max_hp_per_floor":[70,70,70,70,70,70,70,70,70,70,70,70,70,70,70,70,70,70,70,70,70,70,70,70,70,70,70,70,70,70,70,70,70,70,70,70,70,70,70,70,70,70,70,70,70,70,70,70,70,70],"relics":["Ring of the Snake","Shuriken","Tough Bandages","Lantern","Orichalcum","Sozu","Pantograph","Frozen Egg 2","Letter Opener","Vajra","Orrery","Dodecahedron","Bottled Tornado"],"card_choices":[{"not_picked":["Quick Slash","PiercingWail"],"picked":"Footwork","floor":1},{"not_picked":["Malaise","Terror"],"picked":"Finisher","floor":2},{"not_picked":["Underhanded Strike","Prepared"],"picked":"Dagger Throw","floor":3},{"not_picked":["Masterful Stab","All Out Attack"],"picked":"Slice","floor":4},{"not_picked":["Quick Slash","Acrobatics"],"picked":"Backflip","floor":5},{"not_picked":["Dagger Throw","Setup","Flying Knee"],"picked":"SKIP","floor":6},{"not_picked":["Poisoned Stab","Crippling Poison"],"picked":"Backflip","floor":8},{"not_picked":["Caltrops","Backflip","Slice"],"picked":"SKIP","floor":11},{"not_picked":["Tactician","Endless Agony"],"picked":"Backstab","floor":13},{"not_picked":["Envenom","Night Terror"],"picked":"Glass Knife","floor":16},{"not_picked":["Underhanded Strike","Endless Agony"],"picked":"Well Laid Plans+1","floor":18},{"not_picked":["Bouncing Flask","Catalyst"],"picked":"Prepared+1","floor":19},{"not_picked":["Calculated Gamble","Bane","Accuracy+1"],"picked":"SKIP","floor":21},{"not_picked":["Slice+1","Blur"],"picked":"Blade Dance","floor":24},{"not_picked":["All Out Attack","Terror"],"picked":"Choke","floor":25},{"not_picked":["Sucker Punch","Prepared"],"picked":"Infinite Blades+1","floor":27},{"not_picked":["Prepared","Underhanded Strike"],"picked":"Acrobatics+1","floor":28},{"not_picked":["Crippling Poison+1","Predator"],"picked":"Footwork+1","floor":30},{"not_picked":["Backflip+1","Endless Agony"],"picked":"PiercingWail","floor":31},{"not_picked":["Night Terror","Wraith Form v2+1"],"picked":"Glass Knife","floor":33},{"not_picked":["Flying Knee","Acrobatics+1"],"picked":"Cloak And Dagger+1","floor":34},{"not_picked":["Slice+1","Bouncing Flask"],"picked":"A Thousand Cuts+1","floor":34},{"not_picked":["Quick Slash+1","Blur"],"picked":"Deflect+1","floor":34},{"not_picked":["Dodge and Roll","Acrobatics+1"],"picked":"Backstab","floor":34},{"not_picked":["Deflect+1","Finisher"],"picked":"Dodge and Roll+1","floor":35},{"not_picked":["Dagger Throw+1","Grand Finale"],"picked":"PiercingWail+1","floor":36},{"not_picked":["Flying Knee+1","Backflip+1","Dagger Spray"],"picked":"SKIP","floor":38},{"not_picked":["Dash","Flying Knee+1","Slice"],"picked":"SKIP","floor":40},{"not_picked":["Deflect","Reflex+1"],"picked":"Backstab","floor":41},{"not_picked":["Endless Agony","Dagger Throw"],"picked":"Distraction+1","floor":45},{"not_picked":["PiercingWail","Acrobatics+1"],"picked":"Escape Plan+1","floor":48}],"player_experience":315025,"potions_floor_usage":[16,16,28],"damage_taken":[{"damage":0,"enemies":"2 Louse","floor":1,"turns":3},{"damage":0,"enemies":"Jaw Worm","floor":2,"turns":5},{"damage":5,"enemies":"Small Slimes","floor":3,"turns":3},{"damage":3,"enemies":"Exordium Wildlife","floor":4,"turns":4},{"damage":4,"enemies":"Gremlin Gang","floor":5,"turns":4},{"damage":17,"enemies":"Gremlin Nob","floor":6,"turns":4},{"damage":6,"enemies":"Lots of Slimes","floor":8,"turns":5},{"damage":0,"enemies":"Large Slime","floor":11,"turns":4},{"damage":0,"enemies":"Looter","floor":13,"turns":2},{"damage":30,"enemies":"Hexaghost","floor":16,"turns":8},{"damage":0,"enemies":"3 Byrds","floor":18,"turns":4},{"damage":0,"enemies":"Shell Parasite","floor":19,"turns":2},{"damage":0,"enemies":"Centurion and Healer","floor":21,"turns":5},{"damage":11,"enemies":"Snecko","floor":24,"turns":5},{"damage":0,"enemies":"Chosen and Byrds","floor":25,"turns":5},{"damage":15,"enemies":"Centurion and Healer","floor":27,"turns":3},{"damage":8,"enemies":"Slavers","floor":28,"turns":4},{"damage":0,"enemies":"Cultist and Chosen","floor":30,"turns":3},{"damage":0,"enemies":"Sentry and Sphere","floor":31,"turns":2},{"damage":32,"enemies":"Automaton","floor":33,"turns":8},{"damage":0,"enemies":"3 Shapes","floor":35,"turns":3},{"damage":2,"enemies":"3 Darklings","floor":36,"turns":4},{"damage":16,"enemies":"Sphere and 2 Shapes","floor":38,"turns":5},{"damage":0,"enemies":"4 Shapes","floor":40,"turns":4},{"damage":16,"enemies":"3 Darklings","floor":41,"turns":3},{"damage":8,"enemies":"Sphere and 2 Shapes","floor":45,"turns":3},{"damage":0,"enemies":"Maw","floor":48,"turns":6},{"damage":72,"enemies":"Awakened One","floor":50,"turns":9}],"relics_obtained":[{"floor":6,"key":"Shuriken"},{"floor":9,"key":"Tough Bandages"},{"floor":14,"key":"Orichalcum"},{"floor":26,"key":"Letter Opener"},{"floor":28,"key":"Vajra"},{"floor":43,"key":"Dodecahedron"}],"event_choices":[{"event_name":"Scrap Ooze","player_choice":"success","floor":10,"damage_taken":7},{"event_name":"The Mausoleum","player_choice":"Yes","floor":20,"damage_taken":0},{"event_name":"Tomb of Lord Red Mask","player_choice":"Ignored","floor":39,"damage_taken":0},{"event_name":"Mysterious Sphere","player_choice":"Ignore","floor":46,"damage_taken":0}],"boss_relics":[{"not_picked":["Calling Bell","Ectoplasm"],"picked":"Sozu"},{"not_picked":["Snecko Eye","Velvet Choker"],"picked":"Orrery"}],"potions_floor_spawned":[1,3,8,11,16,21,25,27,30,31,40,45,48],"seed_played":"7133688495477193262","ascension_level":0,"potions_obtained":[{"floor":1,"key":"GamblersBrew"},{"floor":3,"key":"SteroidPotion"},{"floor":8,"key":"SteroidPotion"},{"floor":11,"key":"Regen Potion"},{"floor":16,"key":"FairyPotion"}],"is_trial":false}