{"gold_per_floor":[112,128,45,58,75,75,100,100,100,100,100,112,112,140,140,218,218,237,251,176,194,205,205,234,253,298,298,330,349,349,264,264,341,341,357,23,123,173,14,43,43,72,72,100,116,116,40,60,60,60],"floor_reached":51,"playtime":2194,"items_purged":["Strike_R"],"score":1445,"play_id":"91971314-82e4-404a-8c56-0f8df62bd6f8","local_time":"20181123122402","is_ascension_mode":true,"campfire_choices":[{"data":"Uppercut","floor":6.0,"key":"SMITH"},{"data":"Havoc","floor":8.0,"key":"SMITH"},{"data":"Bash","floor":10.0,"key":"SMITH"},{"data":"True Grit","floor":13.0,"key":"SMITH"},{"data":"Shrug It Off","floor":15.0,"key":"SMITH"},{"data":"Inflame","floor":23.0,"key":"SMITH"},{"floor":27.0,"key":"REST"},{"data":"Twin Strike","floor":30.0,"key":"SMITH"},{"floor":32.0,"key":"REST"},{"data":"1","floor":41.0,"key":"LIFT"},{"data":"2","floor":46,"key":"LIFT"},{"data":"3","floor":49,"key":"LIFT"}],"neow_cost":"NONE","seed_source_timestamp":15515032513423,"circlet_count":0,"master_deck":["AscendersBane","Strike_R","Strike_R","Strike_R","Strike_R","Defend_R","Defend_R","Defend_R","Defend_R","Bash+1","Carnage","Pommel Strike","Shrug It Off+1","Uppercut+1","Havoc+1","Battle Trance","True Grit+1","Impervious","Inflame+1","Twin Strike+1","Fiend Fire","Heavy Blade","Spot Weakness+1","Spot Weakness+1","Corruption","Shockwave+1","Disarm+1","Armaments+1"],"special_seed":0,"relics":["Burning Blood","Singing Bowl","CultistMask","Bottled Lightning","Velvet Choker","Turnip","Vajra","Mummified Hand","Magic Flower","Snecko Eye","Toxic Egg 2","Girya","Thread and Needle","Ornamental Fan","Regal Pillow","Centennial Puzzle","Paper Frog"],"potions_floor_usage":[42,44,48],"damage_taken":[{"damage":16.0,"enemies":"Jaw Worm","floor":1.0,"turns":6.0},{"damage":5.0,"enemies":"Cultist","floor":2.0,"turns":4.0},{"damage":5.0,"enemies":"2 Louse","floor":4.0,"turns":3.0},{"damage":1.0,"enemies":"Large Slime","floor":5.0,"turns":5.0},{"damage":27.0,"enemies":"Gremlin Nob","floor":7.0,"turns":4.0},{"damage":5.0,"enemies":"Exordium Wildlife","floor":12.0,"turns":3.0},{"damage":18.0,"enemies":"Lagavulin","floor":14.0,"turns":7.0},{"damage":58.0,"enemies":"Hexaghost","floor":16.0,"turns":14.0},{"damage":16.0,"enemies":"3 Byrds","floor":18.0,"turns":8.0},{"damage":0.0,"enemies":"2 Thieves","floor":19.0,"turns":4.0},{"damage":6.0,"enemies":"Cultist and Chosen","floor":21.0,"turns":7.0},{"damage":30.0,"enemies":"Shelled Parasite and Fungi","floor":22.0,"turns":6.0},{"damage":28.0,"enemies":"Book of Stabbing","floor":24.0,"turns":6.0},{"damage":19.0,"enemies":"Sentry and Sphere","floor":25.0,"turns":7.0},{"damage":16.0,"enemies":"Gremlin Leader","floor":28.0,"turns":7.0},{"damage":0.0,"enemies":"Centurion and Healer","floor":29.0,"turns":4.0},{"damage":67.0,"enemies":"Collector","floor":33.0,"turns":11.0},{"damage":8.0,"enemies":"3 Darklings","floor":35.0,"turns":6.0},{"damage":12.0,"enemies":"Mind Bloom Boss Battle","floor":37.0,"turns":4.0},{"damage":30.0,"enemies":"2 Orb Walkers","floor":38.0,"turns":4.0},{"damage":14.0,"enemies":"Giant Head","floor":40.0,"turns":7.0},{"damage":16,"enemies":"Reptomancer","floor":42,"turns":5},{"damage":0,"enemies":"Giant Head","floor":44,"turns":5},{"damage":0,"enemies":"3 Shapes","floor":45,"turns":3},{"damage":14,"enemies":"Spire Growth","floor":48,"turns":3},{"damage":26,"enemies":"Donu and Deca","floor":50,"turns":8}],"seed_played":"-2499312927026970610","potions_obtained":[{"floor":1.0,"key":"AttackPotion"},{"floor":4.0,"key":"Regen Potion"},{"floor":7.0,"key":"Fire Potion"},{"floor":16.0,"key":"Swift Potion"},{"floor":18.0,"key":"Block Potion"},{"floor":19.0,"key":"Regen Potion"},{"floor":28.0,"key":"Fire Potion"},{"floor":33.0,"key":"SteroidPotion"},{"floor":37.0,"key":"GamblersBrew"},{"floor":42,"key":"PowerPotion"},{"floor":44,"key":"GamblersBrew"}],"is_trial":false,"path_per_floor":["M","M","$","M","M","R","E","R","T","R","?","M","R","E","R","B",null,"M","M","$","M","M","R","E","M","T","R","E","M","R","?","R","B",null,"M","$","?","?","$","E","R","E","T","E","M","R","$","M","R","B",null],"character_chosen":"IRONCLAD","items_purchased":["Shrug It Off","Uppercut","Toxic Egg 2","Spot Weakness+1","Corruption","Shockwave+1","Disarm+1"],"campfire_rested":2,"item_purchase_floors":[3,3,36,36,39,39,47],"current_hp_per_floor":[65,66,66,67,72,72,53,53,53,53,53,54,54,44,44,7,66,58,64,64,66,44,44,24,28,28,56,48,54,54,54,83,25,80,81,81,80,59,59,56,56,51,51,62,73,73,73,68,68,51],"gold":60,"neow_bonus":"TEN_PERCENT_HP_BONUS","is_prod":false,"is_daily":false,"chose_seed":false,"campfire_upgraded":7,"win_rate":0,"timestamp":1543004642,"path_taken":["M","M","$","M","M","R","E","R","T","R","?","?","R","E","R","BOSS","M","M","?","M","?","R","E","M","T","R","E","M","R","?","R","BOSS","M","$","?","?","$","E","R","E","T","E","M","R","$","M","R","BOSS"],"build_version":"2018-11-15","purchased_purges":1,"victory":true,"max_hp_per_floor":[82,82,82,82,82,82,84,84,84,84,84,84,84,86,86,86,86,88,88,88,90,92,92,94,96,96,96,98,98,98,98,98,98,98,98,98,100,100,100,102,102,104,104,106,108,108,108,108,108,108],"card_choices":[{"not_picked":["Second Wind","Shrug It Off"],"picked":"Carnage","floor":1.0},{"not_picked":["Twin Strike","Combust"],"picked":"Pommel Strike","floor":2.0},{"not_picked":["Second Wind","Cleave"],"picked":"Havoc","floor":4.0},{"not_picked":["Pommel Strike","Reckless Charge"],"picked":"Battle Trance","floor":5.0},{"not_picked":["Perfected Strike","Evolve","Iron Wave"],"picked":"Singing Bowl","floor":7.0},{"not_picked":["Iron Wave","Fire Breathing"],"picked":"True Grit","floor":12.0},{"not_picked":["Carnage","Dark Embrace","Havoc"],"picked":"Singing Bowl","floor":14.0},{"not_picked":["Bludgeon","Berserk"],"picked":"Impervious","floor":16.0},{"not_picked":["Sword Boomerang","Intimidate","Clothesline"],"picked":"Singing Bowl","floor":18.0},{"not_picked":["Twin Strike+1","Warcry+1"],"picked":"Inflame","floor":19.0},{"not_picked":["Thunderclap","Armaments","Battle Trance"],"picked":"Singing Bowl","floor":21.0},{"not_picked":["Havoc","Perfected Strike+1","Burning Pact"],"picked":"Singing Bowl","floor":22.0},{"not_picked":["Seeing Red","Rupture","Searing Blow"],"picked":"Singing Bowl","floor":24.0},{"not_picked":["Uppercut","Heavy Blade","Sentinel"],"picked":"Singing Bowl","floor":25.0},{"not_picked":["Cleave","Perfected Strike+1","Hemokinesis"],"picked":"Singing Bowl","floor":28.0},{"not_picked":["Fire Breathing","Second Wind"],"picked":"Twin Strike","floor":29.0},{"not_picked":["Bludgeon","Brutality"],"picked":"Fiend Fire","floor":33.0},{"not_picked":["Warcry+1","Bloodletting"],"picked":"Heavy Blade","floor":35.0},{"not_picked":["Rampage","Infernal Blade+1","Sword Boomerang"],"picked":"Singing Bowl","floor":37.0},{"not_picked":["Whirlwind","Armaments+1"],"picked":"Spot Weakness+1","floor":38.0},{"not_picked":["Clothesline","Sword Boomerang","Havoc+1"],"picked":"Singing Bowl","floor":40.0},{"not_picked":["Battle Trance+1","Twin Strike","Offering+1"],"picked":"Singing Bowl","floor":42},{"not_picked":["Pommel Strike","Fire Breathing","Reckless Charge+1"],"picked":"Singing Bowl","floor":44},{"not_picked":["Warcry+1","Havoc+1","Inflame"],"picked":"Singing Bowl","floor":45},{"not_picked":["Infernal Blade+1","Intimidate+1"],"picked":"Armaments+1","floor":48}],"player_experience":1656683,"relics_obtained":[{"floor":7.0,"key":"Singing Bowl"},{"floor":14.0,"key":"Bottled Lightning"},{"floor":24.0,"key":"Turnip"},{"floor":26.0,"key":"Vajra"},{"floor":28.0,"key":"Mummified Hand"},{"floor":37.0,"key":"Girya"},{"floor":38.0,"key":"Thread and Needle"},{"floor":40.0,"key":"Ornamental Fan"},{"floor":42,"key":"Regal Pillow"},{"floor":43,"key":"Centennial Puzzle"},{"floor":44,"key":"Paper Frog"}],"event_choices":[{"damage_healed":0.0,"max_hp_gain":0.0,"max_hp_loss":0.0,"gold_gain":0.0,"event_name":"FaceTrader","player_choice":"Trade","floor":11.0,"gold_loss":0.0,"damage_taken":0.0,"relics_obtained":["CultistMask"]},{"damage_healed":0.0,"max_hp_gain":0.0,"max_hp_loss":0.0,"gold_gain":0.0,"event_name":"Addict","player_choice":"Obtained Relic","floor":31.0,"gold_loss":85.0,"damage_taken":0.0,"relics_obtained":["Magic Flower"]},{"damage_healed":0.0,"max_hp_gain":0.0,"max_hp_loss":0.0,"gold_gain":0.0,"event_name":"MindBloom","player_choice":"Fight","floor":37.0,"gold_loss":0.0,"damage_taken":0.0},{"damage_healed":0.0,"max_hp_gain":0.0,"max_hp_loss":0.0,"gold_gain":0.0,"event_name":"Mysterious Sphere","player_choice":"Fight","floor":38.0,"gold_loss":0.0,"damage_taken":0.0}],"is_beta":false,"boss_relics":[{"not_picked":["Black Star","Calling Bell"],"picked":"Velvet Choker"},{"not_picked":["White Beast Statue","Eternal Feather"],"picked":"Snecko Eye"}],"items_purged_floors":[20],"is_endless":false,"potions_floor_spawned":[1,4,7,16,18,19,28,33,37,40,42,44],"ascension_level":15}