{"gold_per_floor":[114,114,125,135,152,152,185,185,185,155,155,2,30,50,50,123,123,143,143,161,180,180],"floor_reached":22,"playtime":898,"items_purged":[],"score":343,"play_id":"55317688-5eed-4b57-88c5-f931584fb771","local_time":"20181227202802","is_ascension_mode":true,"campfire_choices":[{"data":"Neutralize","floor":6.0,"key":"SMITH"},{"data":"Crippling Poison","floor":8.0,"key":"SMITH"},{"data":"Dagger Spray","floor":11.0,"key":"SMITH"},{"floor":15.0,"key":"REST"}],"neow_cost":"NONE","seed_source_timestamp":43136956706324,"circlet_count":0,"master_deck":["AscendersBane","Defend_G","Defend_G","Defend_G","Defend_G","Defend_G","Strike_G","Strike_G","Strike_G","Strike_G","Survivor","Neutralize+1","Blur","Slice","Dagger Throw","Dagger Spray+1","Crippling Poison+1","Blur","A Thousand Cuts","Well Laid Plans","Poisoned Stab+1","Storm of Steel","Cloak And Dagger","Setup","Deflect","Poisoned Stab+1"],"special_seed":0,"relics":["Ring of the Snake","NeowsBlessing","Ornamental Fan","Unceasing Top","Torii","Molten Egg 2","Sozu"],"potions_floor_usage":[20],"damage_taken":[{"damage":0.0,"enemies":"Small Slimes","floor":1.0,"turns":1.0},{"damage":0.0,"enemies":"Jaw Worm","floor":3.0,"turns":1.0},{"damage":0.0,"enemies":"Cultist","floor":4.0,"turns":1.0},{"damage":0.0,"enemies":"Exordium Wildlife","floor":5.0,"turns":4.0},{"damage":24.0,"enemies":"Lagavulin","floor":7.0,"turns":9.0},{"damage":0.0,"enemies":"Looter","floor":10.0,"turns":4.0},{"damage":21.0,"enemies":"3 Sentries","floor":13.0,"turns":7.0},{"damage":2.0,"enemies":"Blue Slaver","floor":14.0,"turns":5.0},{"damage":11.0,"enemies":"Slime Boss","floor":16.0,"turns":9.0},{"damage":2,"enemies":"Chosen","floor":18,"turns":5},{"damage":17,"enemies":"Spheric Guardian","floor":20,"turns":6},{"damage":17,"enemies":"Shelled Parasite and Fungi","floor":21,"turns":7},{"damage":21,"enemies":"Snake Plant","floor":22,"turns":4}],"seed_played":"-4016729814520399607","potions_obtained":[{"floor":4.0,"key":"Energy Potion"},{"floor":13.0,"key":"LiquidBronze"},{"floor":16.0,"key":"LiquidBronze"}],"is_trial":false,"path_per_floor":["M","?","M","M","M","R","E","R","T","M","R","$","E","M","R","B",null,"M","?","M","M","M"],"character_chosen":"THE_SILENT","items_purchased":["A Thousand Cuts"],"campfire_rested":1,"item_purchase_floors":[12],"current_hp_per_floor":[59,54,54,54,54,54,30,30,30,30,30,30,9,7,26,15,53,51,51,34,17,0],"gold":180,"neow_bonus":"THREE_ENEMY_KILL","is_prod":false,"is_daily":false,"chose_seed":false,"campfire_upgraded":3,"win_rate":0,"timestamp":1545971282,"path_taken":["M","?","M","M","M","R","E","R","T","M","R","$","E","M","R","BOSS","M","?","?","M","M"],"build_version":"2018-12-20","purchased_purges":0,"victory":false,"max_hp_per_floor":[66,66,66,66,66,66,66,66,66,66,66,66,66,66,66,66,66,66,66,66,66,66],"card_choices":[{"not_picked":["Prepared","Dodge and Roll"],"picked":"Blur","floor":1.0},{"not_picked":["Blade Dance","Bane"],"picked":"Slice","floor":3.0},{"not_picked":["Blade Dance","Prepared"],"picked":"Dagger Throw","floor":4.0},{"not_picked":["Deadly Poison","Riddle With Holes"],"picked":"Dagger Spray","floor":5.0},{"not_picked":["Underhanded Strike","Blade Dance"],"picked":"Crippling Poison","floor":7.0},{"not_picked":["Backflip","Blade Dance"],"picked":"Blur","floor":10.0},{"not_picked":["PiercingWail","Flechettes"],"picked":"Well Laid Plans","floor":13.0},{"not_picked":["Deadly Poison","Flechettes+1"],"picked":"Poisoned Stab+1","floor":14.0},{"not_picked":["A Thousand Cuts","Tools of the Trade"],"picked":"Storm of Steel","floor":16.0},{"not_picked":["Blade Dance","Accuracy"],"picked":"Cloak And Dagger","floor":18},{"not_picked":["Accuracy","Flying Knee+1"],"picked":"Deflect","floor":20},{"not_picked":["Flechettes+1","Underhanded Strike+1"],"picked":"Poisoned Stab+1","floor":21}],"player_experience":1896528,"relics_obtained":[{"floor":7.0,"key":"Unceasing Top"},{"floor":9.0,"key":"Torii"},{"floor":13.0,"key":"Molten Egg 2"}],"event_choices":[{"damage_healed":0.0,"max_hp_gain":0.0,"max_hp_loss":0.0,"gold_gain":0.0,"event_name":"Scrap Ooze","player_choice":"Success","floor":2.0,"gold_loss":0.0,"damage_taken":5.0,"relics_obtained":["Ornamental Fan"]},{"damage_healed":0,"gold_gain":0,"cards_transformed":["Strike_G"],"player_choice":"Transformed","damage_taken":0,"max_hp_gain":0,"max_hp_loss":0,"event_name":"Transmorgrifier","floor":19,"gold_loss":0,"cards_obtained":["Setup"]}],"is_beta":false,"boss_relics":[{"not_picked":["Eternal Feather","Empty Cage"],"picked":"Sozu"}],"items_purged_floors":[],"is_endless":false,"potions_floor_spawned":[4,13,16,21],"killed_by":"Snake Plant","ascension_level":15}