{"gold_per_floor":[115,115,131,131,142,168,168,201,255,275,275,166,166,193,193,272,272,282,172,189,208,218,218,245,265,288,316,316,187,134,150,150,221,221,233,1232,713,713,713,713,730,730,756,775,808,128,0,14,14,14],"floor_reached":51,"playtime":3081,"items_purged":["Strike_G","Normality","Normality"],"score":1508,"play_id":"db80c106-7d5d-41c6-a298-79ca25e95949","local_time":"20190503183707","is_ascension_mode":true,"campfire_choices":[{"data":"Neutralize","floor":7,"key":"SMITH"},{"data":"Deadly Poison","floor":11,"key":"SMITH"},{"data":"Footwork","floor":13,"key":"SMITH"},{"data":"Escape Plan","floor":15,"key":"SMITH"},{"data":"Cloak And Dagger","floor":23,"key":"SMITH"},{"data":"Blade Dance","floor":28,"key":"SMITH"},{"data":"Burst","floor":32,"key":"SMITH"},{"data":"Well Laid Plans","floor":40,"key":"SMITH"},{"data":"Footwork","floor":49,"key":"SMITH"}],"neow_cost":"NONE","seed_source_timestamp":40535440336115,"circlet_count":0,"master_deck":["AscendersBane","Defend_G+1","Defend_G","Defend_G","Defend_G","Defend_G","Survivor","Neutralize+1","Cloak And Dagger+1","Dash","Predator","Dash","Deadly Poison+1","Footwork+1","Escape Plan+1","Burst+1","Dodge and Roll","Blade Dance+1","Leg Sweep","PiercingWail","Infinite Blades","Backflip","Bullet Time","Acrobatics+1","Expertise+1","PiercingWail","Crippling Poison","Well Laid Plans+1","Cloak And Dagger+1","Discovery+1","Deadly Poison+1","Backflip","Footwork+1","Calculated Gamble"],"relics":["Ring of the Snake","Anchor","Mercury Hourglass","Lantern","Vajra","Ornamental Fan","Philosopher\u0027s Stone","Regal Pillow","Blood Vial","Juzu Bracelet","Bag of Preparation","Astrolabe","Letter Opener","War Paint","Bag of Marbles","FossilizedHelix","Red Mask"],"potions_floor_usage":[14,21,27,33,45,50,50],"damage_taken":[{"damage":0,"enemies":"Jaw Worm","floor":1,"turns":5},{"damage":0,"enemies":"2 Louse","floor":3,"turns":3},{"damage":0,"enemies":"Cultist","floor":5,"turns":4},{"damage":35,"enemies":"Lagavulin","floor":6,"turns":13},{"damage":0,"enemies":"3 Sentries","floor":8,"turns":7},{"damage":0,"enemies":"Lots of Slimes","floor":10,"turns":3},{"damage":7,"enemies":"Gremlin Nob","floor":14,"turns":4},{"damage":0,"enemies":"The Guardian","floor":16,"turns":12},{"damage":4,"enemies":"2 Thieves","floor":18,"turns":4},{"damage":0,"enemies":"Chosen","floor":20,"turns":4},{"damage":0,"enemies":"Snake Plant","floor":21,"turns":4},{"damage":0,"enemies":"Centurion and Healer","floor":22,"turns":7},{"damage":8,"enemies":"Slavers","floor":24,"turns":7},{"damage":0,"enemies":"Chosen and Byrds","floor":25,"turns":6},{"damage":0,"enemies":"Book of Stabbing","floor":27,"turns":7},{"damage":2,"enemies":"Cultist and Chosen","floor":31,"turns":5},{"damage":45,"enemies":"Champ","floor":33,"turns":14},{"damage":0,"enemies":"Orb Walker","floor":35,"turns":4},{"damage":0,"enemies":"3 Shapes","floor":41,"turns":3},{"damage":3,"enemies":"Sphere and 2 Shapes","floor":44,"turns":5},{"damage":14,"enemies":"Nemesis","floor":45,"turns":9},{"damage":0,"enemies":"Maw","floor":48,"turns":8},{"damage":0,"enemies":"Awakened One","floor":50,"turns":22}],"seed_played":"3788577655206812877","potions_obtained":[{"floor":6,"key":"SkillPotion"},{"floor":8,"key":"EssenceOfSteel"},{"floor":14,"key":"SkillPotion"},{"floor":22,"key":"Swift Potion"},{"floor":27,"key":"LiquidBronze"},{"floor":33,"key":"AttackPotion"},{"floor":35,"key":"Poison Potion"}],"is_trial":false,"path_per_floor":["M","?","M","?","M","E","R","E","T","M","R","$","R","E","R","B",null,"M","?","M","M","M","R","E","M","T","E","R","$","?","M","R","B",null,"M","?","$","?","?","R","M","?","T","M","E","$","?","M","R","B",null],"character_chosen":"THE_SILENT","items_purchased":["Footwork","Dexterity Potion","Infinite Blades","GhostInAJar","Letter Opener","Crippling Poison","Well Laid Plans","Backflip","Footwork","Calculated Gamble","FossilizedHelix","EssenceOfSteel"],"campfire_rested":0,"item_purchase_floors":[12,29,29,37,37,37,37,46,46,46,46,46],"current_hp_per_floor":[59,64,64,64,64,29,29,29,29,29,29,29,29,22,22,22,59,55,55,55,55,55,55,47,47,47,49,49,49,49,49,49,6,55,57,57,57,57,57,57,59,59,59,58,46,46,46,48,48,50],"gold":14,"neow_bonus":"RANDOM_COMMON_RELIC","is_prod":false,"is_daily":false,"chose_seed":false,"campfire_upgraded":9,"win_rate":0,"timestamp":1556933827,"path_taken":["M","?","M","?","M","E","R","E","T","M","R","$","R","E","R","BOSS","M","?","M","?","M","R","E","?","T","E","R","$","?","M","R","BOSS","M","?","$","?","?","R","M","?","T","M","E","$","?","M","R","BOSS"],"build_version":"2019-01-23","purchased_purges":3,"victory":true,"max_hp_per_floor":[66,71,71,71,71,71,71,71,71,71,71,71,71,71,71,71,71,71,71,71,71,71,71,71,71,71,71,71,71,71,71,71,71,71,71,71,71,71,67,67,67,67,67,67,67,67,67,67,67,67],"card_choices":[{"not_picked":["Backflip","Deflect"],"picked":"Cloak And Dagger","floor":1},{"not_picked":["Endless Agony","Acrobatics"],"picked":"Dash","floor":3},{"not_picked":["Sucker Punch","Slice"],"picked":"Predator","floor":5},{"not_picked":["Dagger Throw","Deflect"],"picked":"Dash","floor":6},{"not_picked":["Setup","Crippling Poison"],"picked":"Deadly Poison","floor":8},{"not_picked":["Outmaneuver","Slice","Blade Dance"],"picked":"SKIP","floor":10},{"not_picked":["Footwork","Bouncing Flask"],"picked":"Escape Plan","floor":14},{"not_picked":["Unload","Venomology"],"picked":"Burst","floor":16},{"not_picked":["Finisher","Prepared","Bane"],"picked":"SKIP","floor":18},{"not_picked":["Quick Slash","Flying Knee"],"picked":"Dodge and Roll","floor":20},{"not_picked":["Slice","Flying Knee","Bane"],"picked":"SKIP","floor":21},{"not_picked":["Dagger Throw","Escape Plan"],"picked":"Blade Dance","floor":22},{"not_picked":["Outmaneuver","Backflip"],"picked":"Leg Sweep","floor":24},{"not_picked":["Quick Slash","Slice"],"picked":"PiercingWail","floor":25},{"not_picked":["Burst","Concentrate","Slice"],"picked":"SKIP","floor":27},{"not_picked":["All Out Attack","PiercingWail"],"picked":"Backflip","floor":31},{"not_picked":["Burst","Doppelganger"],"picked":"Bullet Time","floor":33},{"not_picked":["Bane","Endless Agony"],"picked":"PiercingWail","floor":35},{"not_picked":["Endless Agony","Skewer"],"picked":"Cloak And Dagger+1","floor":41},{"not_picked":["Good Instincts","Secret Weapon"],"picked":"Discovery","floor":42},{"not_picked":["Dagger Throw+1","Blade Dance"],"picked":"Deadly Poison+1","floor":44},{"not_picked":["Reflex","Deflect+1","Choke+1"],"picked":"SKIP","floor":45},{"not_picked":["Underhanded Strike+1","Deflect","Dagger Spray"],"picked":"SKIP","floor":48}],"player_experience":2540451,"relics_obtained":[{"floor":6,"key":"Mercury Hourglass"},{"floor":8,"key":"Lantern"},{"floor":9,"key":"Vajra"},{"floor":14,"key":"Ornamental Fan"},{"floor":24,"key":"Regal Pillow"},{"floor":26,"key":"Blood Vial"},{"floor":27,"key":"Juzu Bracelet"},{"floor":43,"key":"War Paint"},{"floor":45,"key":"Bag of Marbles"}],"event_choices":[{"damage_healed":0,"gold_gain":0,"player_choice":"Donut","damage_taken":0,"max_hp_gain":5,"max_hp_loss":0,"event_name":"Big Fish","floor":2,"gold_loss":0},{"damage_healed":0,"gold_gain":0,"player_choice":"Ignored","damage_taken":0,"max_hp_gain":0,"max_hp_loss":0,"event_name":"Liars Game","floor":4,"gold_loss":0},{"cards_removed":["Strike_G"],"damage_healed":0,"gold_gain":0,"player_choice":"Upgrade and Remove","damage_taken":0,"max_hp_gain":0,"max_hp_loss":0,"event_name":"Designer","floor":19,"gold_loss":110,"cards_upgraded":["Strike_G"]},{"damage_healed":0,"gold_gain":0,"player_choice":"Paid Gold","damage_taken":0,"relics_obtained":["Bag of Preparation"],"max_hp_gain":0,"max_hp_loss":0,"event_name":"WeMeetAgain","floor":30,"gold_loss":53},{"damage_healed":0,"gold_gain":999,"player_choice":"Gold","damage_taken":0,"max_hp_gain":0,"max_hp_loss":0,"event_name":"MindBloom","floor":36,"gold_loss":0,"cards_obtained":["Normality","Normality"]},{"cards_removed":["Terror"],"damage_healed":0,"gold_gain":0,"player_choice":"Removed Skill","damage_taken":0,"max_hp_gain":0,"max_hp_loss":0,"event_name":"Falling","floor":38,"gold_loss":0},{"damage_healed":0,"gold_gain":0,"player_choice":"Max HP","damage_taken":0,"max_hp_gain":0,"max_hp_loss":4,"event_name":"Winding Halls","floor":39,"gold_loss":0},{"damage_healed":0,"gold_gain":0,"player_choice":"Memory 1","damage_taken":0,"max_hp_gain":0,"max_hp_loss":0,"event_name":"SensoryStone","floor":42,"gold_loss":0},{"damage_healed":0,"gold_gain":0,"player_choice":"Paid","damage_taken":0,"relics_obtained":["Red Mask"],"max_hp_gain":0,"max_hp_loss":0,"event_name":"Tomb of Lord Red Mask","floor":47,"gold_loss":128}],"is_beta":false,"boss_relics":[{"not_picked":["HoveringKite","Lizard Tail"],"picked":"Philosopher\u0027s Stone"},{"not_picked":["Fusion Hammer","Empty Cage"],"picked":"Astrolabe"}],"items_purged_floors":[12,37,46],"is_endless":false,"potions_floor_spawned":[6,8,14,22,25,27,33,35,48],"ascension_level":15}