{"gold_per_floor":[113,127,2,12,26,26,57,69,69,85,85,97,97,115,115,191,191,209,209,41,55,70,70,80,80,148,183,200,212,212,241,241,241],"floor_reached":33,"playtime":1160,"items_purged":["Normality","Regret"],"score":528,"play_id":"934d1caa-87e7-4472-9903-e6de622abcff","local_time":"25620318020521","is_ascension_mode":true,"campfire_choices":[{"floor":6.0,"key":"REST"},{"data":"Zap","floor":11.0,"key":"SMITH"},{"data":"Hyperbeam","floor":15.0,"key":"SMITH"},{"data":"Fission","floor":23.0,"key":"SMITH"},{"data":"Streamline","floor":25.0,"key":"SMITH"},{"data":"Machine Learning","floor":30,"key":"SMITH"},{"data":"Hologram","floor":32,"key":"SMITH"}],"neow_cost":"NONE","seed_source_timestamp":50608140066246,"circlet_count":0,"master_deck":["AscendersBane","Strike_B","Strike_B","Strike_B","Strike_B","Defend_B","Defend_B","Defend_B","Defend_B","Zap+1","Dualcast","Parasite","Steam","Beam Cell","Gash","Streamline+1","Go for the Eyes","Go for the Eyes","Hologram+1","Self Repair","Gash","Hyperbeam+1","Genetic Algorithm","Coolheaded","Conserve Battery","Gash","Self Repair+1","Fission+1","Echo Form","Steam+1","Chill+1","Skim","Go for the Eyes","Echo Form","Gash","Pain","Scrape","Machine Learning+1","Reboot"],"special_seed":0,"relics":["Calling Bell","PreservedInsect","Mummified Hand","Prayer Wheel","Bottled Lightning","Gremlin Horn","Cursed Key","Mercury Hourglass","Bag of Marbles","Red Mask"],"potions_floor_usage":[27,33],"damage_taken":[{"damage":11.0,"enemies":"Small Slimes","floor":1.0,"turns":5.0},{"damage":0.0,"enemies":"2 Louse","floor":2.0,"turns":2.0},{"damage":12.0,"enemies":"Cultist","floor":4.0,"turns":4.0},{"damage":28.0,"enemies":"Large Slime","floor":5.0,"turns":8.0},{"damage":21.0,"enemies":"Lagavulin","floor":7.0,"turns":5.0},{"damage":10.0,"enemies":"Blue Slaver","floor":8.0,"turns":4.0},{"damage":11.0,"enemies":"Red Slaver","floor":10.0,"turns":7.0},{"damage":7.0,"enemies":"Looter","floor":12.0,"turns":4.0},{"damage":18.0,"enemies":"Blue Slaver","floor":14.0,"turns":3.0},{"damage":3.0,"enemies":"Slime Boss","floor":16.0,"turns":5.0},{"damage":13.0,"enemies":"Chosen","floor":18.0,"turns":3.0},{"damage":2.0,"enemies":"3 Byrds","floor":21.0,"turns":3.0},{"damage":16.0,"enemies":"Snecko","floor":22.0,"turns":6.0},{"damage":19.0,"enemies":"Cultist and Chosen","floor":24.0,"turns":6.0},{"damage":22,"enemies":"Slavers","floor":27,"turns":6},{"damage":21,"enemies":"Centurion and Healer","floor":28,"turns":7},{"damage":39,"enemies":"Snake Plant","floor":29,"turns":5},{"damage":7,"enemies":"Masked Bandits","floor":31,"turns":5},{"damage":52,"enemies":"Collector","floor":33,"turns":6}],"seed_played":"7282619995141299907","potions_obtained":[{"floor":2.0,"key":"Fruit Juice"},{"floor":5.0,"key":"Poison Potion"},{"floor":8.0,"key":"SteroidPotion"},{"floor":14.0,"key":"EssenceOfSteel"},{"floor":18.0,"key":"Swift Potion"},{"floor":21.0,"key":"EssenceOfSteel"},{"floor":27,"key":"FearPotion"}],"is_trial":false,"path_per_floor":["M","M","$","M","M","R","E","M","T","M","R","M","?","M","R","B",null,"M","?","$","M","M","R","M","R","T","E","M","M","R","?","R","B"],"character_chosen":"DEFECT","items_purchased":["Go for the Eyes","Skim"],"campfire_rested":1,"item_purchase_floors":[3,20],"current_hp_per_floor":[53,53,58,46,18,40,26,23,23,19,19,12,37,26,26,37,66,60,60,60,58,59,59,57,57,57,69,76,37,37,47,47,0],"gold":241,"neow_bonus":"BOSS_RELIC","is_prod":false,"is_daily":false,"chose_seed":false,"campfire_upgraded":6,"win_rate":0,"timestamp":1552849521,"path_taken":["M","M","$","M","M","R","E","M","T","M","R","M","?","M","R","BOSS","M","?","$","M","?","R","M","R","T","E","M","M","R","?","R","BOSS"],"build_version":"2019-01-23","purchased_purges":2,"victory":false,"max_hp_per_floor":[71,71,76,76,76,76,76,76,76,76,76,76,76,76,76,76,76,76,76,76,76,76,76,76,76,76,76,76,76,76,76,76,76],"card_choices":[{"not_picked":["Rebound","Beam Cell"],"picked":"Steam","floor":1.0},{"not_picked":["Stack","Compile Driver"],"picked":"Beam Cell","floor":1.0},{"not_picked":["FTL","Sunder"],"picked":"Gash","floor":2.0},{"not_picked":["Hologram","Steam Power"],"picked":"Streamline","floor":2.0},{"not_picked":["Lockon","Consume"],"picked":"Go for the Eyes","floor":4.0},{"not_picked":["Barrage","Steam"],"picked":"Hologram","floor":4.0},{"not_picked":["Steam","Doom and Gloom"],"picked":"Self Repair","floor":5.0},{"not_picked":["Tempest","Consume"],"picked":"Gash","floor":5.0},{"not_picked":["Streamline","Leap"],"picked":"Hyperbeam","floor":7.0},{"not_picked":["Barrage","Rebound"],"picked":"Genetic Algorithm","floor":8.0},{"not_picked":["Melter","Streamline"],"picked":"Coolheaded","floor":8.0},{"not_picked":["Steam Power","Double Energy"],"picked":"Conserve Battery","floor":10.0},{"not_picked":["Stack","Beam Cell","Ball Lightning"],"picked":"SKIP","floor":10.0},{"not_picked":["FTL","Beam Cell"],"picked":"Gash","floor":12.0},{"not_picked":["Stack","Blizzard"],"picked":"Self Repair","floor":12.0},{"not_picked":["Ball Lightning","Compile Driver"],"picked":"Fission","floor":14.0},{"not_picked":["Ball Lightning","Compile Driver","Blizzard"],"picked":"SKIP","floor":14.0},{"not_picked":["Rainbow","Reboot"],"picked":"Echo Form","floor":16.0},{"not_picked":["Genetic Algorithm","Rip and Tear"],"picked":"Steam+1","floor":18.0},{"not_picked":["Steam","Stack"],"picked":"Chill+1","floor":18.0},{"not_picked":["Streamline","Compile Driver"],"picked":"Go for the Eyes","floor":21.0},{"not_picked":["Cold Snap+1","Reprogram"],"picked":"Echo Form","floor":21.0},{"not_picked":["Leap","Hologram"],"picked":"Gash","floor":22.0},{"not_picked":["Go for the Eyes","Turbo","Barrage"],"picked":"SKIP","floor":22.0},{"not_picked":["Cold Snap","Fusion","Redo"],"picked":"SKIP","floor":24.0},{"not_picked":["Chill","Cold Snap+1","Stack+1"],"picked":"SKIP","floor":24.0},{"not_picked":["Steam","Stack","Beam Cell"],"picked":"SKIP","floor":27},{"not_picked":["Storm","Melter"],"picked":"Scrape","floor":28},{"not_picked":["Conserve Battery","Compile Driver"],"picked":"Machine Learning","floor":28},{"not_picked":["Streamline","Turbo","Conserve Battery"],"picked":"SKIP","floor":29},{"not_picked":["Beam Cell","Storm","Cold Snap"],"picked":"SKIP","floor":29},{"not_picked":["Tempest","Sunder"],"picked":"Reboot","floor":31}],"player_experience":317669,"relics_obtained":[{"floor":0.0,"key":"PreservedInsect"},{"floor":0.0,"key":"Mummified Hand"},{"floor":0.0,"key":"Prayer Wheel"},{"floor":7.0,"key":"Bottled Lightning"},{"floor":9.0,"key":"Gremlin Horn"},{"floor":26.0,"key":"Mercury Hourglass"},{"floor":27,"key":"Bag of Marbles"},{"floor":31,"key":"Red Mask"}],"event_choices":[{"damage_healed":25.0,"max_hp_gain":0.0,"max_hp_loss":0.0,"gold_gain":0.0,"event_name":"Big Fish","player_choice":"Banana","floor":13.0,"gold_loss":0.0,"damage_taken":0.0},{"damage_healed":0.0,"max_hp_gain":0.0,"max_hp_loss":0.0,"gold_gain":0.0,"event_name":"Upgrade Shrine","player_choice":"Upgraded","floor":19.0,"gold_loss":0.0,"damage_taken":0.0,"cards_upgraded":["Self Repair"]},{"damage_healed":0,"gold_gain":0,"player_choice":"Fought Bandits","damage_taken":0,"max_hp_gain":0,"max_hp_loss":0,"event_name":"Masked Bandits","floor":31,"gold_loss":0}],"is_beta":false,"boss_relics":[{"not_picked":["White Beast Statue","Philosopher\u0027s Stone"],"picked":"Cursed Key"}],"items_purged_floors":[3,20],"is_endless":false,"potions_floor_spawned":[2,5,8,14,18,21,27],"killed_by":"Collector","ascension_level":15}