{"gold_per_floor":[111,131,131,131,281,281,76,119,144,144,167,190,190,155,155,155],"floor_reached":16,"playtime":366,"items_purged":["Doubt"],"score":246,"play_id":"d7c4b276-e589-49d8-a01c-c8385dd33611","local_time":"20190428121048","is_ascension_mode":true,"campfire_choices":[{"data":"Acrobatics","floor":6,"key":"SMITH"},{"data":"Neutralize","floor":10,"key":"SMITH"},{"data":"Underhanded Strike","floor":15,"key":"SMITH"}],"neow_cost":"NONE","seed_source_timestamp":241460209500,"circlet_count":0,"master_deck":["AscendersBane","Defend_G","Defend_G","Defend_G","Defend_G","Defend_G","Strike_G","Strike_G","Strike_G","Strike_G","Strike_G+1","Survivor+1","Neutralize+1","Acrobatics+1","Infinite Blades","Heel Hook","Underhanded Strike+1"],"relics":["Ring of the Snake","NeowsBlessing","Golden Idol","Unceasing Top","Centennial Puzzle","Singing Bowl"],"potions_floor_usage":[16],"damage_taken":[{"damage":0,"enemies":"Small Slimes","floor":1,"turns":1},{"damage":0,"enemies":"2 Louse","floor":2,"turns":1},{"damage":0,"enemies":"Gremlin Nob","floor":8,"turns":1},{"damage":0,"enemies":"Jaw Worm","floor":11,"turns":6},{"damage":0,"enemies":"Exordium Wildlife","floor":12,"turns":4},{"damage":38,"enemies":"Slime Boss","floor":16,"turns":7}],"seed_played":"7500409148715937352","potions_obtained":[{"floor":2,"key":"Ancient Potion"},{"floor":8,"key":"Swift Potion"}],"is_trial":false,"path_per_floor":["M","M","?","?","?","R","$","E","T","R","M","M","?","?","R","B"],"character_chosen":"THE_SILENT","items_purchased":["Infinite Blades","Heel Hook"],"campfire_rested":0,"item_purchase_floors":[7,7],"current_hp_per_floor":[59,59,39,39,39,39,39,39,39,39,39,39,21,36,36,0],"gold":155,"neow_bonus":"THREE_ENEMY_KILL","is_prod":false,"is_daily":false,"chose_seed":false,"campfire_upgraded":3,"win_rate":0,"timestamp":1556424648,"path_taken":["M","M","?","?","?","R","$","E","T","R","M","?","?","?","R","BOSS"],"build_version":"2019-01-23","purchased_purges":1,"victory":false,"max_hp_per_floor":[66,66,66,60,60,60,60,60,60,60,60,60,60,60,60,60],"card_choices":[{"not_picked":["Bane","Dodge and Roll","Distraction"],"picked":"SKIP","floor":1},{"not_picked":["Sucker Punch","Crippling Poison"],"picked":"Acrobatics","floor":2},{"not_picked":["Expertise","Dagger Throw","Bane"],"picked":"SKIP","floor":8},{"not_picked":["PiercingWail","Deadly Poison"],"picked":"Underhanded Strike","floor":11},{"not_picked":["Quick Slash","Poisoned Stab","Distraction"],"picked":"SKIP","floor":12}],"player_experience":3046099,"relics_obtained":[{"floor":8,"key":"Unceasing Top"},{"floor":9,"key":"Centennial Puzzle"}],"event_choices":[{"damage_healed":0,"gold_gain":0,"player_choice":"Entered Light","damage_taken":20,"max_hp_gain":0,"max_hp_loss":0,"event_name":"Shining Light","floor":3,"gold_loss":0,"cards_upgraded":["Strike_G","Survivor"]},{"damage_healed":0,"gold_gain":0,"player_choice":"Lose Max HP","damage_taken":0,"relics_obtained":["Golden Idol"],"max_hp_gain":0,"max_hp_loss":6,"event_name":"Golden Idol","floor":4,"gold_loss":0},{"damage_healed":0,"gold_gain":150,"player_choice":"AGREE","damage_taken":0,"max_hp_gain":0,"max_hp_loss":0,"event_name":"Liars Game","floor":5,"gold_loss":0,"cards_obtained":["Doubt"]},{"damage_healed":0,"gold_gain":0,"player_choice":"Success","damage_taken":18,"relics_obtained":["Singing Bowl"],"max_hp_gain":0,"max_hp_loss":0,"event_name":"Scrap Ooze","floor":13,"gold_loss":0},{"damage_healed":15,"gold_gain":0,"player_choice":"Healed","damage_taken":0,"max_hp_gain":0,"max_hp_loss":0,"event_name":"The Cleric","floor":14,"gold_loss":35}],"is_beta":false,"boss_relics":[],"items_purged_floors":[7],"is_endless":false,"potions_floor_spawned":[2,8],"killed_by":"Slime Boss","ascension_level":20}