{"gold_per_floor":[118,138,154,170,170,204,204,33,33,33],"floor_reached":10,"playtime":493,"items_purged":[],"score":136,"play_id":"41d0b559-dcde-4b03-9cf8-64a91bb5cbbc","local_time":"20190413045240","is_ascension_mode":true,"campfire_choices":[{"data":"Bash","floor":7,"key":"SMITH"}],"neow_cost":"NONE","seed_source_timestamp":2067852113398000,"circlet_count":0,"master_deck":["AscendersBane","Strike_R","Strike_R+1","Strike_R","Strike_R","Strike_R","Defend_R","Defend_R","Defend_R","Defend_R+1","Bash+1","Thunderclap","True Grit","Clothesline","Shrug It Off","Inflame"],"relics":["Burning Blood","Letter Opener","Lantern"],"potions_floor_usage":[4,6,6],"damage_taken":[{"damage":1,"enemies":"Cultist","floor":1,"turns":3},{"damage":0,"enemies":"Small Slimes","floor":2,"turns":4},{"damage":5,"enemies":"Jaw Worm","floor":3,"turns":3},{"damage":1,"enemies":"Exordium Wildlife","floor":4,"turns":3},{"damage":29,"enemies":"3 Sentries","floor":6,"turns":9},{"damage":34,"enemies":"Gremlin Nob","floor":10,"turns":4}],"seed_played":"-1134332040389305622","potions_obtained":[{"floor":1,"key":"Explosive Potion"},{"floor":2,"key":"Explosive Potion"},{"floor":4,"key":"LiquidBronze"},{"floor":6,"key":"SteroidPotion"}],"is_trial":false,"path_per_floor":["M","M","M","M","?","E","R","$","T","E"],"character_chosen":"IRONCLAD","items_purchased":["Lantern"],"campfire_rested":0,"item_purchase_floors":[8],"current_hp_per_floor":[80,82,82,82,57,34,34,34,34,0],"gold":33,"neow_bonus":"TEN_PERCENT_HP_BONUS","is_prod":false,"is_daily":false,"chose_seed":false,"campfire_upgraded":1,"win_rate":0,"timestamp":1555127560,"path_taken":["M","?","M","M","?","E","R","$","T","E"],"build_version":"2019-01-23","purchased_purges":0,"victory":false,"max_hp_per_floor":[82,82,82,82,82,82,82,82,82,82],"card_choices":[{"not_picked":["Fire Breathing","Heavy Blade"],"picked":"Thunderclap","floor":1},{"not_picked":["Havoc","Metallicize"],"picked":"True Grit","floor":2},{"not_picked":["Havoc","Armaments"],"picked":"Clothesline","floor":3},{"not_picked":["Flex","Ghostly Armor"],"picked":"Shrug It Off","floor":4},{"not_picked":["Thunderclap","Brutality"],"picked":"Inflame","floor":6}],"player_experience":2700959,"relics_obtained":[{"floor":6,"key":"Letter Opener"}],"event_choices":[{"damage_healed":0,"gold_gain":0,"player_choice":"Entered Light","damage_taken":25,"max_hp_gain":0,"max_hp_loss":0,"event_name":"Shining Light","floor":5,"gold_loss":0,"cards_upgraded":["Defend_R","Strike_R"]}],"is_beta":false,"boss_relics":[],"items_purged_floors":[],"is_endless":false,"potions_floor_spawned":[1,2,4,6],"killed_by":"Gremlin Nob","ascension_level":20}