{"gold_per_floor":[118,6,6,19,31,31,56,66,66,81,93,104,104,120,120,217,217,231,243,260,185,205,205,205],"floor_reached":24,"playtime":1781,"items_purged":["Strike_G"],"score":223,"play_id":"cab31452-1205-405c-8bbe-a0741256eaed","local_time":"20181018032412","is_ascension_mode":true,"campfire_choices":[{"floor":6,"key":"REST"},{"floor":13,"key":"REST"},{"data":"Bouncing Flask","floor":15,"key":"SMITH"},{"floor":23,"key":"REST"}],"neow_cost":"PERCENT_DAMAGE","seed_source_timestamp":575537036458139,"circlet_count":0,"master_deck":["Defend_G","Defend_G+1","Defend_G","Defend_G","Strike_G","Strike_G","Survivor","Neutralize","Glass Knife","Poisoned Stab","Sucker Punch+1","Heel Hook","PiercingWail","Escape Plan","Cloak And Dagger","Deadly Poison","Bouncing Flask+1","Envenom","Adrenaline","Backflip","Terror"],"relics":["Ring of the Snake","Odd Mushroom","Question Card","Eternal Feather"],"potions_floor_usage":[12,12,14,14,22,24],"damage_taken":[{"damage":2,"enemies":"2 Louse","floor":1,"turns":2},{"damage":0,"enemies":"Jaw Worm","floor":4,"turns":3},{"damage":0,"enemies":"Cultist","floor":5,"turns":3},{"damage":12,"enemies":"The Mushroom Lair","floor":7,"turns":5},{"damage":5,"enemies":"Blue Slaver","floor":8,"turns":3},{"damage":15,"enemies":"Large Slime","floor":10,"turns":7},{"damage":0,"enemies":"Looter","floor":11,"turns":2},{"damage":5,"enemies":"Gremlin Gang","floor":12,"turns":5},{"damage":6,"enemies":"Exordium Wildlife","floor":14,"turns":3},{"damage":8,"enemies":"Hexaghost","floor":16,"turns":8},{"damage":24,"enemies":"Chosen","floor":18,"turns":5},{"damage":4,"enemies":"Shell Parasite","floor":19,"turns":6},{"damage":11,"enemies":"Snake Plant","floor":20,"turns":5},{"damage":15,"enemies":"Snecko","floor":22,"turns":7},{"damage":61,"enemies":"Gremlin Leader","floor":24,"turns":4}],"seed_played":"3915440039378160116","potions_obtained":[{"floor":5,"key":"Poison Potion"},{"floor":8,"key":"SpeedPotion"},{"floor":11,"key":"SteroidPotion"},{"floor":12,"key":"Explosive Potion"},{"floor":19,"key":"Swift Potion"},{"floor":22,"key":"FearPotion"}],"is_trial":false,"path_per_floor":["M","$","?","M","M","R","?","M","T","M","M","M","R","M","R","B",null,"M","M","M","?","M","R"],"character_chosen":"THE_SILENT","items_purchased":["Heel Hook"],"campfire_rested":3,"item_purchase_floors":[2],"current_hp_per_floor":[47,47,33,33,33,54,42,37,37,22,22,17,38,32,32,24,70,46,42,31,31,16,49,0],"gold":205,"neow_bonus":"TRANSFORM_TWO_CARDS","is_prod":false,"is_daily":false,"chose_seed":false,"campfire_upgraded":1,"win_rate":0,"timestamp":1539825852,"path_taken":["M","$","?","M","M","R","?","M","T","M","M","M","R","M","R","BOSS","M","M","?","?","M","R","E"],"build_version":"2018-10-11","purchased_purges":1,"victory":false,"max_hp_per_floor":[70,70,70,70,70,70,70,70,70,70,70,70,70,70,70,70,70,70,70,70,70,70,70,70],"card_choices":[{"not_picked":["Quick Slash","Outmaneuver"],"picked":"Sucker Punch","floor":1},{"not_picked":["Dagger Throw","All Out Attack"],"picked":"PiercingWail","floor":4},{"not_picked":["Slice","Well Laid Plans"],"picked":"Escape Plan","floor":5},{"not_picked":["Quick Slash","Blade Dance","Dagger Spray"],"picked":"SKIP","floor":8},{"not_picked":["Blur","Wraith Form v2","Acrobatics"],"picked":"Cloak And Dagger","floor":10},{"not_picked":["Dagger Throw","Slice","Acrobatics"],"picked":"Deadly Poison","floor":11},{"not_picked":["Dagger Spray","Sucker Punch","PiercingWail"],"picked":"Bouncing Flask","floor":12},{"not_picked":["Flying Knee","Cloak And Dagger","Blade Dance"],"picked":"Envenom","floor":14},{"not_picked":["Envenom","Die Die Die","Tools of the Trade"],"picked":"Adrenaline","floor":16},{"not_picked":["Outmaneuver","Poisoned Stab","Dodge and Roll"],"picked":"Backflip","floor":18},{"not_picked":["Eviscerate+1","Dagger Throw","Expertise","Blade Dance"],"picked":"SKIP","floor":19},{"not_picked":["Blur","Outmaneuver","Poisoned Stab"],"picked":"Terror","floor":20},{"not_picked":["PiercingWail","Acrobatics+1","Tactician","Backflip"],"picked":"SKIP","floor":22}],"player_experience":106798,"relics_obtained":[{"floor":7,"key":"Odd Mushroom"},{"floor":9,"key":"Question Card"}],"event_choices":[{"event_name":"Shining Light","player_choice":"Entered Light","floor":3,"damage_taken":0},{"event_name":"Mushrooms","player_choice":"Fought Mushrooms","floor":7,"damage_taken":0},{"event_name":"Beggar","player_choice":"Gave Gold","floor":21,"damage_taken":0}],"is_beta":false,"boss_relics":[{"not_picked":["White Beast Statue","Calling Bell"],"picked":"Eternal Feather"}],"items_purged_floors":[2],"is_endless":false,"potions_floor_spawned":[5,8,11,12,19,22],"killed_by":"Gremlin Leader","ascension_level":3}