{"gold_per_floor":[113,113,38,50,69,83,98,125,125,157,157,157,188,200,200,300,300,312,325,84,103,28,54,54,54,54,84,98,133,149,149,149,249,249,259,73,73,73,89,115,135,167,220,220,233,251,283,283,283,283],"floor_reached":51,"playtime":2398,"items_purged":["Defend_R"],"score":905,"play_id":"03eb1646-3452-40ba-999f-33c539d67bfe","local_time":"25611029190819","is_ascension_mode":true,"campfire_choices":[{"data":"Shrug It Off","floor":12,"key":"SMITH"},{"floor":15,"key":"REST"},{"floor":24,"key":"REST"},{"floor":32,"key":"REST"},{"floor":44,"key":"REST"},{"floor":49,"key":"REST"}],"neow_cost":"PERCENT_DAMAGE","seed_source_timestamp":13772874330911,"circlet_count":0,"master_deck":["Strike_R","Strike_R","Defend_R","Defend_R+1","Defend_R","Bash","Dropkick","Armaments+1","Shrug It Off+1","Thunderclap","Ghostly Armor","Fire Breathing","Metallicize+1","Intimidate","Demon Form","Headbutt","Cleave","Fire Breathing","Disarm+1","Whirlwind","Flex","Iron Wave","Impervious+1","Whirlwind+1","Inflame","Cleave","Inflame","True Grit+1","Pummel+1","Shockwave+1","Cleave","Dropkick","Parasite","Anger+1","Bandage Up"],"relics":["Black Blood","Shuriken","Mummified Hand","Blood Vial","Gambling Chip","Fusion Hammer","Sling","Bag of Marbles","Regal Pillow","Orichalcum","Ancient Tea Set","Lantern","Happy Flower","War Paint","Centennial Puzzle"],"potions_floor_usage":[8,10,13,13,16,23,23,29,33,40,42,50,50,50,50,50,50,50,50],"damage_taken":[{"damage":8,"enemies":"Jaw Worm","floor":1,"turns":4},{"damage":0,"enemies":"Cultist","floor":4,"turns":3},{"damage":0,"enemies":"2 Louse","floor":5,"turns":3},{"damage":7,"enemies":"Looter","floor":6,"turns":3},{"damage":14,"enemies":"Exordium Thugs","floor":7,"turns":6},{"damage":28,"enemies":"Gremlin Nob","floor":8,"turns":4},{"damage":21,"enemies":"Lagavulin","floor":10,"turns":7},{"damage":13,"enemies":"Gremlin Nob","floor":13,"turns":4},{"damage":0,"enemies":"Large Slime","floor":14,"turns":5},{"damage":46,"enemies":"Slime Boss","floor":16,"turns":13},{"damage":1,"enemies":"Shell Parasite","floor":18,"turns":4},{"damage":0,"enemies":"Chosen","floor":19,"turns":4},{"damage":24,"enemies":"Snecko","floor":21,"turns":6},{"damage":37,"enemies":"Slavers","floor":23,"turns":5},{"damage":3,"enemies":"Gremlin Leader","floor":27,"turns":7},{"damage":15,"enemies":"Sentry and Sphere","floor":28,"turns":6},{"damage":8,"enemies":"Book of Stabbing","floor":29,"turns":4},{"damage":10,"enemies":"Centurion and Healer","floor":30,"turns":7},{"damage":42,"enemies":"Automaton","floor":33,"turns":8},{"damage":4,"enemies":"3 Shapes","floor":35,"turns":4},{"damage":9,"enemies":"Orb Walker","floor":39,"turns":4},{"damage":37,"enemies":"Nemesis","floor":40,"turns":7},{"damage":4,"enemies":"4 Shapes","floor":41,"turns":2},{"damage":4,"enemies":"Reptomancer","floor":42,"turns":4},{"damage":0,"enemies":"Sphere and 2 Shapes","floor":45,"turns":1},{"damage":27,"enemies":"Writhing Mass","floor":46,"turns":6},{"damage":14,"enemies":"Giant Head","floor":47,"turns":7},{"damage":45,"enemies":"Donu and Deca","floor":50,"turns":7}],"seed_played":"-1298988635711090094","potions_obtained":[{"floor":4,"key":"Dexterity Potion"},{"floor":6,"key":"Poison Potion"},{"floor":7,"key":"LiquidBronze"},{"floor":10,"key":"EssenceOfSteel"},{"floor":13,"key":"Poison Potion"},{"floor":19,"key":"SteroidPotion"},{"floor":21,"key":"SteroidPotion"},{"floor":27,"key":"SteroidPotion"},{"floor":28,"key":"AttackPotion"},{"floor":33,"key":"Explosive Potion"},{"floor":39,"key":"EntropicBrew"},{"floor":40,"key":"Swift Potion"},{"floor":47,"key":"Strength Potion"}],"is_trial":false,"path_per_floor":["M","?","$","M","M","M","M","E","T","E","?","R","E","M","R","B",null,"M","M","$","M","?","E","R","$","T","E","M","E","M","?","R","B",null,"M","$","?","?","M","E","M","E","T","R","M","M","E","?","R","B"],"character_chosen":"IRONCLAD","items_purchased":["Sling","Fire Breathing","Energy Potion","Inflame","Cleave"],"campfire_rested":5,"item_purchase_floors":[20,20,36,36,36],"current_hp_per_floor":[70,70,70,76,82,81,73,51,51,36,36,36,31,39,67,29,96,96,96,96,78,78,49,77,77,77,82,75,75,73,73,96,60,96,96,96,96,96,96,69,77,85,85,96,96,79,77,77,96,65],"gold":283,"neow_bonus":"TWENTY_PERCENT_HP_BONUS","is_prod":false,"is_daily":false,"chose_seed":false,"campfire_upgraded":1,"win_rate":1,"timestamp":1540814899,"path_taken":["M","?","?","M","M","M","M","E","T","E","?","R","E","M","R","BOSS","M","M","$","M","?","E","R","$","T","E","M","E","M","?","R","BOSS","M","$","?","?","M","E","M","E","T","R","M","M","E","?","R","BOSS"],"build_version":"2018-10-25v2","purchased_purges":1,"victory":true,"max_hp_per_floor":[96,96,96,96,96,96,96,96,96,96,96,96,96,96,96,96,96,96,96,96,96,96,96,96,96,96,96,96,96,96,96,96,96,96,96,96,96,96,96,96,96,96,96,96,96,96,96,96,96,96],"card_choices":[{"not_picked":["True Grit","Pommel Strike"],"picked":"Dropkick","floor":1},{"not_picked":["Second Wind","Iron Wave"],"picked":"Armaments","floor":4},{"not_picked":["Clothesline","Seeing Red"],"picked":"Shrug It Off","floor":5},{"not_picked":["Iron Wave","Entrench"],"picked":"Thunderclap","floor":6},{"not_picked":["Thunderclap","Bloodletting"],"picked":"Ghostly Armor","floor":7},{"not_picked":["Barricade","Shockwave"],"picked":"Fire Breathing","floor":8},{"not_picked":["Limit Break","Ghostly Armor"],"picked":"Metallicize","floor":10},{"not_picked":["Uppercut","Blood for Blood"],"picked":"Intimidate","floor":13},{"not_picked":["Clothesline","Armaments","Iron Wave"],"picked":"SKIP","floor":14},{"not_picked":["Bludgeon","Dark Embrace"],"picked":"Demon Form","floor":16},{"not_picked":["Power Through","Flame Barrier"],"picked":"Headbutt","floor":18},{"not_picked":["Perfected Strike","Hemokinesis"],"picked":"Cleave","floor":19},{"not_picked":["Shrug It Off","Rupture","Power Through"],"picked":"SKIP","floor":21},{"not_picked":["Dual Wield","Dark Embrace"],"picked":"Disarm+1","floor":23},{"not_picked":["Cleave","Body Slam+1"],"picked":"Whirlwind","floor":27},{"not_picked":["Blood for Blood","Hemokinesis"],"picked":"Flex","floor":28},{"not_picked":["Corruption+1","Warcry"],"picked":"Iron Wave","floor":29},{"not_picked":["Shrug It Off","Reaper","Second Wind"],"picked":"SKIP","floor":30},{"not_picked":["Offering","Brutality"],"picked":"Impervious","floor":33},{"not_picked":["Thunderclap","Clothesline"],"picked":"Whirlwind+1","floor":35},{"not_picked":["Heavy Blade","Pommel Strike"],"picked":"True Grit+1","floor":39},{"not_picked":["Cleave","Dropkick"],"picked":"Pummel+1","floor":40},{"not_picked":["Pommel Strike+1","Body Slam"],"picked":"Shockwave+1","floor":41},{"not_picked":["Flame Barrier","Feed"],"picked":"Cleave","floor":42},{"not_picked":["Thunderclap","Iron Wave"],"picked":"Dropkick","floor":45},{"not_picked":["Dual Wield","Armaments","Body Slam+1"],"picked":"SKIP","floor":46},{"not_picked":["Cleave","Pommel Strike"],"picked":"Anger+1","floor":47}],"player_experience":1909,"relics_obtained":[{"floor":8,"key":"Shuriken"},{"floor":9,"key":"Mummified Hand"},{"floor":10,"key":"Blood Vial"},{"floor":13,"key":"Gambling Chip"},{"floor":23,"key":"Bag of Marbles"},{"floor":26,"key":"Regal Pillow"},{"floor":27,"key":"Orichalcum"},{"floor":29,"key":"Ancient Tea Set"},{"floor":40,"key":"Lantern"},{"floor":42,"key":"Happy Flower"},{"floor":43,"key":"War Paint"},{"floor":47,"key":"Centennial Puzzle"}],"event_choices":[{"cards_removed":["Strike_R"],"damage_healed":0,"gold_gain":0,"player_choice":"Purged","damage_taken":0,"max_hp_gain":0,"max_hp_loss":0,"event_name":"Purifier","floor":2,"gold_loss":0},{"damage_healed":0,"gold_gain":0,"player_choice":"Grow","damage_taken":0,"max_hp_gain":0,"max_hp_loss":0,"event_name":"Living Wall","floor":11,"gold_loss":0,"cards_upgraded":["Metallicize"]},{"cards_removed":["Strike_R"],"damage_healed":0,"gold_gain":0,"player_choice":"Gave Gold","damage_taken":0,"max_hp_gain":0,"max_hp_loss":0,"event_name":"Beggar","floor":22,"gold_loss":75},{"cards_removed":["Strike_R"],"damage_healed":0,"gold_gain":0,"player_choice":"Purged","damage_taken":0,"max_hp_gain":0,"max_hp_loss":0,"event_name":"Purifier","floor":31,"gold_loss":0},{"damage_healed":0,"gold_gain":0,"player_choice":"Copied","damage_taken":0,"max_hp_gain":0,"max_hp_loss":0,"event_name":"Duplicator","floor":37,"gold_loss":0,"cards_obtained":["Inflame"]},{"damage_healed":0,"gold_gain":0,"player_choice":"Forge","damage_taken":0,"max_hp_gain":0,"max_hp_loss":0,"event_name":"Accursed Blacksmith","floor":38,"gold_loss":0,"cards_upgraded":["Armaments"]},{"damage_healed":0,"gold_gain":0,"player_choice":"1 cards matched","damage_taken":0,"max_hp_gain":0,"max_hp_loss":0,"event_name":"Match and Keep!","floor":48,"gold_loss":0,"cards_obtained":["Bandage Up"]}],"is_beta":false,"boss_relics":[{"not_picked":["Runic Dome","Snecko Eye"],"picked":"Fusion Hammer"},{"not_picked":["Velvet Choker","Runic Pyramid"],"picked":"Black Blood"}],"items_purged_floors":[3],"is_endless":false,"potions_floor_spawned":[4,6,7,10,13,19,21,27,28,33,39,40,47],"ascension_level":1}