{"gold_per_floor":[116,126,126,31,49,49,59,71,71,71,85,101,101,26,26,124,124,136,136,61,81,99,99,117,117,117,0,0,11,11,38,38,38],"floor_reached":33,"playtime":718,"items_purged":["Defend_R"],"score":314,"play_id":"87432059-53bc-4752-854b-69bd712f3819","local_time":"20190110005028","is_ascension_mode":false,"campfire_choices":[{"data":"Perfected Strike","floor":6,"key":"SMITH"},{"data":"Dual Wield","floor":10,"key":"SMITH"},{"data":"Wild Strike","floor":13,"key":"SMITH"},{"data":"Warcry","floor":15,"key":"SMITH"},{"data":"Bash","floor":23,"key":"SMITH"},{"data":"Intimidate","floor":30,"key":"SMITH"},{"data":"Double Tap","floor":32,"key":"SMITH"}],"neow_cost":"NONE","seed_source_timestamp":13979705078278,"circlet_count":0,"master_deck":["Strike_R","Strike_R","Strike_R","Strike_R","Strike_R","Bash+1","Perfected Strike+1","Impatience","Warcry+1","Dual Wield+1","Wild Strike+1","Double Tap+1","Whirlwind+1","Warcry+1","Warcry","Intimidate+1","Warcry","Armaments+1"],"relics":["Coffee Dripper"],"potions_floor_usage":[18,18,24,33],"damage_taken":[{"damage":0,"enemies":"2 Louse","floor":1,"turns":3},{"damage":1,"enemies":"Jaw Worm","floor":2,"turns":2},{"damage":0,"enemies":"Small Slimes","floor":5,"turns":3},{"damage":8,"enemies":"Red Slaver","floor":7,"turns":2},{"damage":8,"enemies":"3 Louse","floor":8,"turns":3},{"damage":4,"enemies":"Blue Slaver","floor":11,"turns":3},{"damage":19,"enemies":"Large Slime","floor":12,"turns":5},{"damage":0,"enemies":"Slime Boss","floor":16,"turns":6},{"damage":4,"enemies":"2 Thieves","floor":18,"turns":4},{"damage":17,"enemies":"Shell Parasite","floor":21,"turns":3},{"damage":8,"enemies":"Snecko","floor":22,"turns":3},{"damage":0,"enemies":"Snake Plant","floor":24,"turns":1},{"damage":27,"enemies":"Shelled Parasite and Fungi","floor":29,"turns":3},{"damage":29,"enemies":"Collector","floor":33,"turns":3}],"seed_played":"7649098599643817604","potions_obtained":[{"floor":5,"key":"Block Potion"},{"floor":7,"key":"Block Potion"},{"floor":11,"key":"Energy Potion"},{"floor":22,"key":"FearPotion"}],"is_trial":false,"path_per_floor":["M","M","?","$","M","R","M","M","T","R","M","M","R","$","R","B",null,"M","?","?","M","M","R","M","?","T","?","$","M","R","T","R","B"],"character_chosen":"IRONCLAD","items_purchased":["Impatience"],"campfire_rested":0,"item_purchase_floors":[4],"current_hp_per_floor":[80,79,79,79,79,79,71,63,63,63,59,40,40,40,40,40,80,76,76,76,59,51,51,51,51,51,51,51,24,24,24,24,0],"gold":38,"neow_bonus":"BOSS_RELIC","is_prod":false,"is_daily":false,"chose_seed":false,"campfire_upgraded":7,"win_rate":0,"timestamp":1547077828,"path_taken":["M","M","?","?","M","R","M","M","T","R","M","M","R","$","R","BOSS","M","?","?","M","M","R","M","?","T","?","$","M","R","?","R","BOSS"],"build_version":"2019-01-03v4","purchased_purges":1,"victory":false,"max_hp_per_floor":[80,80,80,80,80,80,80,80,80,80,80,80,80,80,80,80,80,80,80,80,80,80,80,80,80,80,80,80,80,80,80,80,80],"card_choices":[{"not_picked":["Headbutt","Power Through"],"picked":"Perfected Strike","floor":1},{"not_picked":["Headbutt","Clash","Seeing Red"],"picked":"SKIP","floor":2},{"not_picked":["Uppercut","Sword Boomerang","Shrug It Off"],"picked":"SKIP","floor":5},{"not_picked":["Shrug It Off","Thunderclap"],"picked":"Warcry","floor":7},{"not_picked":["Rampage","Warcry"],"picked":"Dual Wield","floor":8},{"not_picked":["Fire Breathing","Intimidate","Flex"],"picked":"SKIP","floor":11},{"not_picked":["Havoc","Searing Blow"],"picked":"Wild Strike","floor":12},{"not_picked":["Demon Form","Dark Embrace"],"picked":"Double Tap","floor":16},{"not_picked":["Clash","Uppercut","Iron Wave"],"picked":"SKIP","floor":18},{"not_picked":["Armaments+1","True Grit"],"picked":"Whirlwind+1","floor":21},{"not_picked":["Burning Pact","Armaments"],"picked":"Warcry+1","floor":22},{"not_picked":["Havoc","Body Slam"],"picked":"Warcry","floor":24},{"not_picked":["Uppercut","Headbutt"],"picked":"Armaments+1","floor":29}],"player_experience":430548,"relics_obtained":[],"event_choices":[{"damage_healed":0,"gold_gain":0,"player_choice":"Ignored","damage_taken":0,"max_hp_gain":0,"max_hp_loss":0,"event_name":"Golden Idol","floor":3,"gold_loss":0},{"damage_healed":0,"gold_gain":0,"player_choice":"Ignored","damage_taken":0,"max_hp_gain":0,"max_hp_loss":0,"event_name":"Cursed Tome","floor":19,"gold_loss":0},{"cards_removed":["Defend_R"],"damage_healed":0,"gold_gain":0,"player_choice":"Gave Gold","damage_taken":0,"max_hp_gain":0,"max_hp_loss":0,"event_name":"Beggar","floor":20,"gold_loss":75},{"damage_healed":0,"gold_gain":0,"cards_transformed":["Defend_R","Defend_R"],"player_choice":"Became Test Subject","damage_taken":0,"max_hp_gain":0,"max_hp_loss":0,"event_name":"Drug Dealer","floor":25,"gold_loss":0,"cards_obtained":["Intimidate","Warcry"]},{"damage_healed":0,"gold_gain":0,"player_choice":"Paid Fearfully","damage_taken":0,"max_hp_gain":0,"max_hp_loss":0,"event_name":"Masked Bandits","floor":27,"gold_loss":117}],"is_beta":false,"boss_relics":[{"not_picked":["Snecko Eye","Ectoplasm","Velvet Choker"]}],"items_purged_floors":[14],"is_endless":false,"potions_floor_spawned":[5,7,11,22],"killed_by":"Collector","ascension_level":0}