{"gold_per_floor":[109,121,137,153,3,14,32,49,74,74,74,102,102,102],"floor_reached":14,"playtime":1072,"items_purged":[],"score":94,"play_id":"fcdae15b-8451-49ba-8619-2b884953487f","local_time":"20190322161236","is_ascension_mode":false,"campfire_choices":[{"floor":10,"key":"REST"},{"floor":13,"key":"REST"}],"neow_cost":"NONE","seed_source_timestamp":632162966568400,"circlet_count":0,"master_deck":["Strike_R","Strike_R","Strike_R","Strike_R","Defend_R","Defend_R","Defend_R","Defend_R","Bash","Bloodletting","Flex","Heavy Blade"],"special_seed":0,"relics":["Burning Blood","Omamori","Blood Vial","Meat on the Bone"],"potions_floor_usage":[4,12,14],"damage_taken":[{"damage":1,"enemies":"Jaw Worm","floor":1,"turns":5},{"damage":1,"enemies":"Cultist","floor":2,"turns":3},{"damage":3,"enemies":"Small Slimes","floor":3,"turns":4},{"damage":23,"enemies":"Exordium Thugs","floor":4,"turns":8},{"damage":20,"enemies":"Large Slime","floor":6,"turns":8},{"damage":19,"enemies":"Blue Slaver","floor":7,"turns":4},{"damage":29,"enemies":"Exordium Thugs","floor":8,"turns":5},{"damage":27,"enemies":"3 Sentries","floor":12,"turns":9},{"damage":47,"enemies":"Lagavulin","floor":14,"turns":10}],"seed_played":"4796763891624937347","potions_obtained":[{"floor":1,"key":"Weak Potion"},{"floor":3,"key":"AttackPotion"},{"floor":7,"key":"Dexterity Potion"}],"is_trial":false,"path_per_floor":["M","M","M","M","$","M","M","M","T","R","?","E","R","E"],"character_chosen":"IRONCLAD","items_purchased":["Omamori"],"campfire_rested":2,"item_purchase_floors":[5],"current_hp_per_floor":[80,80,80,63,63,49,36,13,13,37,37,18,42,0],"gold":102,"neow_bonus":"REMOVE_CARD","is_prod":false,"is_daily":false,"chose_seed":false,"campfire_upgraded":0,"win_rate":0.0,"timestamp":1553263956,"path_taken":["M","M","M","M","$","M","M","M","T","R","?","E","R","E"],"build_version":"2019-01-23","purchased_purges":0,"victory":false,"max_hp_per_floor":[80,80,80,80,80,80,80,80,80,80,80,80,80,80],"card_choices":[{"not_picked":["Blood for Blood","Wild Strike","Clothesline"],"picked":"SKIP","floor":1},{"not_picked":["Shrug It Off","Hemokinesis","Sever Soul"],"picked":"SKIP","floor":2},{"not_picked":["Perfected Strike","Sentinel","Shrug It Off"],"picked":"SKIP","floor":3},{"not_picked":["Rupture","Clash"],"picked":"Bloodletting","floor":4},{"not_picked":["Dual Wield","Anger","Pommel Strike"],"picked":"SKIP","floor":6},{"not_picked":["Anger","Metallicize","Wild Strike"],"picked":"SKIP","floor":7},{"not_picked":["Shrug It Off","Heavy Blade"],"picked":"Flex","floor":8},{"not_picked":["Offering","Thunderclap"],"picked":"Heavy Blade","floor":12}],"player_experience":42661,"relics_obtained":[{"floor":9,"key":"Blood Vial"},{"floor":12,"key":"Meat on the Bone"}],"event_choices":[{"damage_healed":0,"gold_gain":0,"player_choice":"Ignored","damage_taken":0,"max_hp_gain":0,"max_hp_loss":0,"event_name":"Liars Game","floor":11,"gold_loss":0}],"is_beta":false,"boss_relics":[],"items_purged_floors":[],"is_endless":false,"potions_floor_spawned":[1,3,7],"killed_by":"Lagavulin","ascension_level":0}