{"gold_per_floor":[117,117,130,151,167,198,198,212,239,239,252,252,265,33,33,163,163,182,92,116,40,53,88,88,113,113,83,106,106,139,155,155,274,274,290,390,411,411,411],"floor_reached":39,"playtime":4805,"items_purged":["Regret"],"score":425,"play_id":"9b1e743e-b9a4-4285-87a4-92c455a5ce3f","local_time":"20190101234305","is_ascension_mode":false,"campfire_choices":[{"data":"Whirlwind","floor":7,"key":"SMITH"},{"data":"Bash","floor":10,"key":"SMITH"},{"data":"Hemokinesis","floor":15,"key":"SMITH"},{"floor":24,"key":"REST"},{"floor":32,"key":"REST"}],"neow_cost":"NONE","seed_source_timestamp":7749440174391,"circlet_count":0,"master_deck":["Strike_R","Strike_R","Strike_R","Strike_R","Defend_R","Defend_R","Defend_R","Defend_R","Bash+1","Finesse+1","Fire Breathing","Twin Strike","Uppercut","Whirlwind+1","Shrug It Off","Headbutt","Disarm","Spot Weakness","Finesse","Hemokinesis+1","Reaper","Armaments+1","Cleave+1","Inflame","Flex","Warcry+1","Perfected Strike","Heavy Blade","Twin Strike+1","Twin Strike+1","Feed+1","Flame Barrier","Shrug It Off+1"],"relics":["Burning Blood","Golden Idol","Darkstone Periapt","Potion Belt","Ancient Tea Set","Mark of Pain","Strawberry","Bird Faced Urn","Molten Egg 2","Black Star","Bottled Tornado"],"potions_floor_usage":[6,16,28,30,33,33,33,33],"damage_taken":[{"damage":3,"enemies":"Jaw Worm","floor":1,"turns":6},{"damage":4,"enemies":"Small Slimes","floor":3,"turns":3},{"damage":1,"enemies":"Cultist","floor":4,"turns":3},{"damage":9,"enemies":"Exordium Wildlife","floor":5,"turns":5},{"damage":34,"enemies":"3 Sentries","floor":6,"turns":8},{"damage":0,"enemies":"Gremlin Gang","floor":8,"turns":1},{"damage":4,"enemies":"Blue Slaver","floor":11,"turns":4},{"damage":3,"enemies":"2 Fungi Beasts","floor":13,"turns":4},{"damage":44,"enemies":"The Guardian","floor":16,"turns":11},{"damage":8,"enemies":"Shell Parasite","floor":18,"turns":5},{"damage":23,"enemies":"Spheric Guardian","floor":20,"turns":4},{"damage":16,"enemies":"Shelled Parasite and Fungi","floor":22,"turns":7},{"damage":52,"enemies":"Gremlin Leader","floor":23,"turns":7},{"damage":0,"enemies":"Cultist and Chosen","floor":25,"turns":4},{"damage":26,"enemies":"Snake Plant","floor":28,"turns":4},{"damage":51,"enemies":"Slavers","floor":30,"turns":5},{"damage":5,"enemies":"Snecko","floor":31,"turns":4},{"damage":71,"enemies":"Champ","floor":33,"turns":9},{"damage":62,"enemies":"3 Darklings","floor":35,"turns":6},{"damage":16,"enemies":"Orb Walker","floor":37,"turns":4},{"damage":63,"enemies":"2 Orb Walkers","floor":39,"turns":3}],"seed_played":"-4437937408610257610","potions_obtained":[{"floor":5,"key":"Explosive Potion"},{"floor":6,"key":"Poison Potion"},{"floor":13,"key":"Explosive Potion"},{"floor":20,"key":"FearPotion"},{"floor":23,"key":"Strength Potion"},{"floor":27,"key":"SneckoOil"},{"floor":27,"key":"GamblersBrew"},{"floor":31,"key":"Dexterity Potion"},{"floor":35,"key":"Weak Potion"}],"is_trial":false,"path_per_floor":["M","?","M","M","M","E","R","M","T","R","M","?","M","$","R","B",null,"M","?","M","$","M","E","R","M","T","?","M","?","E","M","R","B",null,"M","?","M","T","?"],"character_chosen":"IRONCLAD","items_purchased":["Finesse","Hemokinesis","Inflame"],"campfire_rested":2,"item_purchase_floors":[14,14,21],"current_hp_per_floor":[80,60,62,67,64,36,36,42,42,42,44,50,53,53,53,15,86,84,84,67,67,57,22,49,55,55,55,45,76,39,46,73,16,93,65,65,59,59,0],"gold":411,"neow_bonus":"RANDOM_COLORLESS","is_prod":false,"is_daily":false,"chose_seed":false,"campfire_upgraded":3,"win_rate":0.0,"timestamp":1546393385,"path_taken":["M","?","M","M","M","E","R","M","T","R","M","?","M","?","R","BOSS","M","?","?","$","M","E","R","M","T","?","?","?","E","M","R","BOSS","M","?","?","?","?"],"build_version":"2018-12-20","purchased_purges":1,"victory":false,"max_hp_per_floor":[80,80,80,80,80,80,80,80,80,80,80,86,86,86,86,86,86,86,86,86,86,86,93,93,93,93,93,93,93,93,93,93,93,93,93,93,93,93,93],"card_choices":[{"not_picked":["Warcry","Heavy Blade"],"picked":"Fire Breathing","floor":1},{"not_picked":["Thunderclap","Power Through"],"picked":"Twin Strike","floor":3},{"not_picked":["Flex","Heavy Blade"],"picked":"Uppercut","floor":4},{"not_picked":["Body Slam","Uppercut"],"picked":"Whirlwind","floor":5},{"not_picked":["Berserk","Infernal Blade"],"picked":"Shrug It Off","floor":6},{"not_picked":["Rupture","Battle Trance"],"picked":"Headbutt","floor":8},{"not_picked":["Iron Wave","Perfected Strike"],"picked":"Disarm","floor":11},{"not_picked":["Burning Pact","Heavy Blade"],"picked":"Spot Weakness","floor":13},{"not_picked":["Berserk","Demon Form"],"picked":"Reaper","floor":16},{"not_picked":["Cleave","Battle Trance"],"picked":"Armaments+1","floor":18},{"not_picked":["Heavy Blade","Combust"],"picked":"Cleave+1","floor":20},{"not_picked":["Clash","Shockwave"],"picked":"Flex","floor":22},{"not_picked":["Spot Weakness","Perfected Strike"],"picked":"Warcry+1","floor":23},{"not_picked":["Warcry","Armaments"],"picked":"Perfected Strike","floor":25},{"not_picked":["Body Slam","Searing Blow"],"picked":"Heavy Blade","floor":28},{"not_picked":["Burning Pact","Dark Embrace"],"picked":"Twin Strike","floor":30},{"not_picked":["Dual Wield","Clash+1"],"picked":"Twin Strike+1","floor":31},{"not_picked":["Fiend Fire+1","Juggernaut"],"picked":"Feed+1","floor":33},{"not_picked":["Combust+1","Headbutt+1"],"picked":"Flame Barrier","floor":35},{"not_picked":["Clothesline+1","Perfected Strike+1"],"picked":"Shrug It Off+1","floor":37}],"player_experience":36416,"relics_obtained":[{"floor":6,"key":"Darkstone Periapt"},{"floor":9,"key":"Potion Belt"},{"floor":23,"key":"Strawberry"},{"floor":26,"key":"Bird Faced Urn"},{"floor":30,"key":"Molten Egg 2"},{"floor":38,"key":"Bottled Tornado"}],"event_choices":[{"damage_healed":0,"gold_gain":0,"player_choice":"Take Damage","damage_taken":20,"relics_obtained":["Golden Idol"],"max_hp_gain":0,"max_hp_loss":0,"event_name":"Golden Idol","floor":2,"gold_loss":0},{"damage_healed":0,"gold_gain":0,"player_choice":"Box","damage_taken":0,"relics_obtained":["Ancient Tea Set"],"max_hp_gain":0,"max_hp_loss":0,"event_name":"Big Fish","floor":12,"gold_loss":0,"cards_obtained":["Regret"]},{"cards_removed":["Strike_R"],"damage_healed":0,"gold_gain":0,"player_choice":"Upgrade and Remove","damage_taken":0,"max_hp_gain":0,"max_hp_loss":0,"event_name":"Designer","floor":19,"gold_loss":90,"cards_upgraded":["Finesse"]},{"damage_healed":0,"gold_gain":0,"player_choice":"Bought 2 Potions","damage_taken":0,"max_hp_gain":0,"max_hp_loss":0,"event_name":"The Woman in Blue","floor":27,"gold_loss":0},{"damage_healed":31,"gold_gain":0,"player_choice":"Heal","damage_taken":0,"max_hp_gain":0,"max_hp_loss":0,"event_name":"The Library","floor":29,"gold_loss":0},{"damage_healed":0,"gold_gain":100,"player_choice":"Pray","damage_taken":0,"max_hp_gain":0,"max_hp_loss":0,"event_name":"Golden Shrine","floor":36,"gold_loss":0},{"damage_healed":0,"gold_gain":0,"player_choice":"Fight","damage_taken":0,"max_hp_gain":0,"max_hp_loss":0,"event_name":"Mysterious Sphere","floor":39,"gold_loss":0}],"is_beta":false,"boss_relics":[{"not_picked":["Coffee Dripper","Lizard Tail"],"picked":"Mark of Pain"},{"not_picked":["Tiny House","Fusion Hammer"],"picked":"Black Star"}],"items_purged_floors":[14],"is_endless":false,"potions_floor_spawned":[5,6,13,20,23,31,35],"killed_by":"2 Orb Walkers","ascension_level":0}