{"gold_per_floor":[110,110,122,197,215,215,204,233,268,300,325,337,368,392,404,490,502,530,386,402,402,35,35,70,70,123,150,180,194,194,208,208,208],"floor_reached":33,"playtime":2247,"items_purged":[],"score":506,"play_id":"29025b13-1975-4725-af91-0b67c04a0b38","local_time":"20180801141821","is_ascension_mode":true,"campfire_choices":[{"data":"Rage","floor":6.0,"key":"SMITH"},{"data":"Uppercut","floor":12.0,"key":"SMITH"},{"floor":15.0,"key":"REST"},{"data":"Demon Form","floor":23.0,"key":"SMITH"},{"data":"True Grit","floor":25.0,"key":"SMITH"},{"data":"Armaments","floor":32,"key":"SMITH"}],"neow_cost":"NONE","seed_source_timestamp":22705930543799,"circlet_count":0,"master_deck":["Strike_R","Strike_R","Strike_R","Strike_R","Strike_R","Defend_R+1","Defend_R+1","Defend_R","Defend_R","Bash","AscendersBane","Anger","Rage+1","Uppercut+1","Iron Wave","Pommel Strike","Demon Form+1","Reaper","True Grit+1","Headbutt","Power Through","Feel No Pain","Shockwave","Armaments+1","Sword Boomerang","Disarm","Flame Barrier"],"special_seed":0,"relics":["Burning Blood","MawBank","Omamori","Runic Dome","Strawberry","Blue Candle","Prayer Wheel","Orichalcum","Tiny Chest","Red Mask","War Paint"],"potions_floor_usage":[],"damage_taken":[{"damage":5.0,"enemies":"Cultist","floor":1.0,"turns":4.0},{"damage":0.0,"enemies":"Small Slimes","floor":3.0,"turns":4.0},{"damage":4.0,"enemies":"Jaw Worm","floor":5.0,"turns":4.0},{"damage":21.0,"enemies":"Exordium Thugs","floor":7.0,"turns":5.0},{"damage":31.0,"enemies":"3 Sentries","floor":8.0,"turns":9.0},{"damage":4.0,"enemies":"Red Slaver","floor":10.0,"turns":4.0},{"damage":3.0,"enemies":"3 Louse","floor":11.0,"turns":4.0},{"damage":20.0,"enemies":"Large Slime","floor":13.0,"turns":4.0},{"damage":4.0,"enemies":"2 Fungi Beasts","floor":14.0,"turns":3.0},{"damage":24.0,"enemies":"Hexaghost","floor":16.0,"turns":7.0},{"damage":18.0,"enemies":"3 Byrds","floor":18.0,"turns":7.0},{"damage":9.0,"enemies":"Chosen","floor":20.0,"turns":4.0},{"damage":52.0,"enemies":"Gremlin Leader","floor":24.0,"turns":8.0},{"damage":29.0,"floor":27.0,"turns":5.0},{"damage":33.0,"enemies":"Book of Stabbing","floor":28.0,"turns":6.0},{"damage":11,"enemies":"Centurion and Healer","floor":29,"turns":8},{"damage":14,"enemies":"3 Cultists","floor":31,"turns":8},{"damage":98,"enemies":"Collector","floor":33,"turns":9}],"seed_played":"-8988444727621755080","potions_obtained":[{"floor":10.0,"key":"SteroidPotion"},{"floor":13.0,"key":"Energy Potion"},{"floor":14.0,"key":"AttackPotion"},{"floor":31,"key":"EssenceOfSteel"}],"is_trial":false,"path_per_floor":["M","?","M","?","M","R","M","E","T","M","M","R","M","M","R","B",null,"M","$","M","T","$","R","E","R","T","?","E","M","?","M","R"],"character_chosen":"IRONCLAD","items_purchased":["Strawberry","Prayer Wheel","Power Through"],"campfire_rested":1,"item_purchase_floors":[19,22,22],"current_hp_per_floor":[76,76,82,71,73,73,58,33,33,35,38,38,24,26,50,32,70,67,74,71,71,71,71,89,89,89,70,59,79,79,71,71,0],"gold":208,"neow_bonus":"TEN_PERCENT_HP_BONUS","is_prod":false,"is_daily":false,"chose_seed":false,"campfire_upgraded":5,"win_rate":0,"timestamp":1533158301,"path_taken":["M","?","M","?","M","R","M","E","T","M","M","R","M","?","R","BOSS","M","$","M","?","$","R","E","R","T","?","E","?","?","M","R","BOSS"],"build_version":"2018-07-26","purchased_purges":0,"victory":false,"max_hp_per_floor":[82,82,82,82,82,82,82,82,82,82,82,82,82,82,82,82,82,82,89,89,89,89,89,89,89,89,89,89,89,89,89,89,89],"card_choices":[{"not_picked":["Shrug It Off","Armaments"],"picked":"Anger","floor":1.0},{"not_picked":["Sword Boomerang","Searing Blow","Flex"],"picked":"SKIP","floor":3.0},{"not_picked":["Evolve","Berserk"],"picked":"Rage","floor":5.0},{"not_picked":["Perfected Strike","Armaments"],"picked":"Uppercut","floor":7.0},{"not_picked":["Anger","Body Slam"],"picked":"Iron Wave","floor":8.0},{"not_picked":["Corruption","Iron Wave","Warcry"],"picked":"SKIP","floor":10.0},{"not_picked":["Havoc","Iron Wave"],"picked":"Pommel Strike","floor":11.0},{"not_picked":["Flex","Shockwave"],"picked":"Demon Form","floor":13.0},{"not_picked":["Rage","Perfected Strike","Sever Soul"],"picked":"SKIP","floor":14.0},{"not_picked":["Demon Form","Dark Embrace"],"picked":"Reaper","floor":16.0},{"not_picked":["Sword Boomerang","Rampage"],"picked":"True Grit","floor":18.0},{"not_picked":["Iron Wave","Pommel Strike"],"picked":"Headbutt","floor":20.0},{"not_picked":["Body Slam","Evolve"],"picked":"Feel No Pain","floor":24.0},{"not_picked":["Carnage","Ghostly Armor"],"picked":"Shockwave","floor":27.0},{"not_picked":["Warcry","Rupture"],"picked":"Armaments","floor":28},{"not_picked":["Sentinel","Thunderclap"],"picked":"Sword Boomerang","floor":29},{"not_picked":["Armaments","Warcry"],"picked":"Disarm","floor":29},{"not_picked":["Demon Form","Wild Strike","Sword Boomerang"],"picked":"SKIP","floor":31},{"not_picked":["Cleave","Wild Strike","Sentinel"],"picked":"SKIP","floor":31}],"player_experience":961821,"relics_obtained":[{"floor":8.0,"key":"MawBank"},{"floor":9.0,"key":"Omamori"},{"floor":21.0,"key":"Blue Candle"},{"floor":24.0,"key":"Orichalcum"},{"floor":26.0,"key":"Tiny Chest"},{"floor":27.0,"key":"Red Mask"},{"floor":28,"key":"War Paint"}],"event_choices":[{"event_name":"Liars Game","player_choice":"disagreed","floor":2.0,"damage_taken":0.0},{"event_name":"World of Goop","player_choice":"Gather Gold","floor":4.0,"damage_taken":0.0},{"event_name":"Masked Bandits","player_choice":"Fought over 123 gold","floor":27.0,"damage_taken":0.0},{"event_name":"The Library","player_choice":"Read","floor":30,"damage_taken":0}],"is_beta":false,"boss_relics":[{"not_picked":["Coffee Dripper","Tiny House"],"picked":"Runic Dome"}],"items_purged_floors":[],"is_endless":false,"potions_floor_spawned":[10,13,14,16,20,31],"killed_by":"Collector","ascension_level":15}