{"gold_per_floor":[214,229,4,19,30,61,73,111,176,200,42,42,42,59,59,158,158,178,178],"floor_reached":19,"playtime":1496,"items_purged":["Strike_G","Strike_G"],"score":188,"play_id":"0f2a070f-f7e8-4f22-8222-83971241cebf","local_time":"20190504192454","is_ascension_mode":true,"campfire_choices":[{"floor":7,"key":"RECALL"},{"floor":12,"key":"REST"},{"floor":15,"key":"REST"}],"neow_cost":"NONE","seed_source_timestamp":1297677302794361,"circlet_count":0,"master_deck":["Defend_G","Defend_G","Defend_G","Defend_G","Defend_G","Strike_G","Strike_G","Strike_G","Survivor","Neutralize","Deadly Poison","Poisoned Stab","Infinite Blades","Heel Hook","Deflect","Noxious Fumes+1","Corpse Explosion","Well Laid Plans+1","Poisoned Stab","Bullet Time","Underhanded Strike"],"relics":["Ring of the Snake","PreservedInsect","MawBank","Frozen Egg 2","Girya","HoveringKite"],"potions_floor_usage":[10,19,19,19],"damage_taken":[{"damage":0,"enemies":"Cultist","floor":1,"turns":5},{"damage":0,"enemies":"2 Louse","floor":2,"turns":3},{"damage":0,"enemies":"Jaw Worm","floor":4,"turns":4},{"damage":3,"enemies":"2 Fungi Beasts","floor":5,"turns":5},{"damage":27,"enemies":"3 Sentries","floor":6,"turns":9},{"damage":22,"enemies":"Gremlin Nob","floor":8,"turns":4},{"damage":9,"enemies":"Lots of Slimes","floor":10,"turns":5},{"damage":0,"enemies":"Red Slaver","floor":14,"turns":4},{"damage":24,"enemies":"Slime Boss","floor":16,"turns":7},{"damage":28,"enemies":"2 Thieves","floor":18,"turns":4},{"damage":55,"enemies":"Masked Bandits","floor":19,"turns":3}],"seed_played":"4482803795801937151","potions_obtained":[{"floor":8,"key":"Fire Potion"},{"floor":10,"key":"SneckoOil"},{"floor":14,"key":"Dexterity Potion"},{"floor":16,"key":"Dexterity Potion"}],"is_trial":false,"path_per_floor":["M","M","$","M","M","E","R","E","T","M","$","R","T","M","R","B",null,"M","?"],"character_chosen":"THE_SILENT","items_purchased":["PreservedInsect","Well Laid Plans+1"],"campfire_rested":2,"item_purchase_floors":[3,11],"current_hp_per_floor":[70,70,70,70,67,40,40,18,18,9,9,30,30,30,51,27,70,42,0],"gold":178,"neow_bonus":"HUNDRED_GOLD","is_prod":false,"is_daily":false,"chose_seed":false,"campfire_upgraded":0,"win_rate":1,"timestamp":1556990694,"path_taken":["M","M","$","M","M","E","R","E","T","M","$","R","?","M","R","BOSS","M","?"],"build_version":"2019-01-23","purchased_purges":2,"victory":false,"max_hp_per_floor":[70,70,70,70,70,70,70,70,70,70,70,70,70,70,70,70,70,70,70],"card_choices":[{"not_picked":["Well Laid Plans","Backstab"],"picked":"Deadly Poison","floor":1},{"not_picked":["Backflip","Quick Slash"],"picked":"Poisoned Stab","floor":2},{"not_picked":["All Out Attack","Expertise"],"picked":"Infinite Blades","floor":4},{"not_picked":["Dagger Spray","Underhanded Strike"],"picked":"Heel Hook","floor":5},{"not_picked":["Acrobatics","Blade Dance"],"picked":"Deflect","floor":6},{"not_picked":["Choke","Escape Plan"],"picked":"Noxious Fumes","floor":8},{"not_picked":["Bane","Terror"],"picked":"Corpse Explosion","floor":10},{"not_picked":["Distraction","Riddle With Holes"],"picked":"Poisoned Stab","floor":14},{"not_picked":["Glass Knife","Night Terror"],"picked":"Bullet Time","floor":16},{"not_picked":["Calculated Gamble+1","Deflect"],"picked":"Underhanded Strike","floor":18}],"player_experience":45857,"relics_obtained":[{"floor":6,"key":"MawBank"},{"floor":8,"key":"Frozen Egg 2"},{"floor":13,"key":"Girya"}],"event_choices":[{"damage_healed":0,"gold_gain":0,"player_choice":"Fought Bandits","damage_taken":0,"max_hp_gain":0,"max_hp_loss":0,"event_name":"Masked Bandits","floor":19,"gold_loss":0}],"is_beta":false,"boss_relics":[{"not_picked":["Lizard Tail","Empty Cage"],"picked":"HoveringKite"}],"items_purged_floors":[3,11],"is_endless":false,"potions_floor_spawned":[8,10,14,16],"killed_by":"Masked Bandits","ascension_level":1}