{"gold_per_floor":[112,132,147,147,147,147,179,179,179,193,223,223,234,252,252,329,329,342,357,376,376,426,426,439,439,439,439,449,464,477,495,495,495],"floor_reached":33,"playtime":4247,"items_purged":[],"score":513,"play_id":"4f14b2eb-c7de-4890-9758-09639279d854","local_time":"20190317051039","is_ascension_mode":true,"campfire_choices":[{"data":"Leap","floor":6.0,"key":"SMITH"},{"floor":8.0,"key":"REST"},{"data":"Undo","floor":12.0,"key":"SMITH"},{"data":"Dualcast","floor":15.0,"key":"SMITH"},{"floor":23.0,"key":"REST"},{"floor":27.0,"key":"REST"},{"floor":32,"key":"REST"}],"neow_cost":"NONE","seed_source_timestamp":224063792902677,"circlet_count":0,"master_deck":["AscendersBane","Strike_B","Strike_B","Defend_B","Defend_B","Defend_B","Defend_B","Zap+1","Dualcast+1","BootSequence","Capacitor","Leap+1","Hyperbeam","Electrodynamics","Undo+1","Hologram+1","Undo+1","Ball Lightning","All For One","Self Repair","Redo+1","Redo+1","Necronomicurse","Machine Learning","Cold Snap","Conserve Battery+1","Fission+1"],"special_seed":0,"relics":["Cracked Core","Bottled Tornado","Sundial","Singing Bowl","Toxic Egg 2","Sozu","Necronomicon","Pear"],"potions_floor_usage":[],"damage_taken":[{"damage":1.0,"enemies":"Cultist","floor":1.0,"turns":3.0},{"damage":0.0,"enemies":"Small Slimes","floor":2.0,"turns":2.0},{"damage":2.0,"enemies":"Jaw Worm","floor":3.0,"turns":3.0},{"damage":25.0,"enemies":"3 Sentries","floor":7.0,"turns":6.0},{"damage":0.0,"enemies":"Gremlin Gang","floor":10.0,"turns":3.0},{"damage":17.0,"enemies":"Lagavulin","floor":11.0,"turns":6.0},{"damage":0.0,"enemies":"Large Slime","floor":13.0,"turns":4.0},{"damage":0.0,"enemies":"Exordium Thugs","floor":14.0,"turns":4.0},{"damage":15.0,"enemies":"The Guardian","floor":16.0,"turns":12.0},{"damage":16.0,"enemies":"3 Byrds","floor":18.0,"turns":4.0},{"damage":7.0,"enemies":"2 Thieves","floor":19.0,"turns":2.0},{"damage":6.0,"enemies":"3 Cultists","floor":20.0,"turns":4.0},{"damage":30.0,"enemies":"Sentry and Sphere","floor":24.0,"turns":4.0},{"damage":41.0,"enemies":"Snake Plant","floor":28.0,"turns":4.0},{"damage":18.0,"enemies":"3 Cultists","floor":29.0,"turns":4.0},{"damage":0.0,"enemies":"Centurion and Healer","floor":30.0,"turns":5.0},{"damage":7,"enemies":"Snake Plant","floor":31,"turns":4},{"damage":71,"enemies":"Champ","floor":33,"turns":19}],"seed_played":"7252415603201942000","potions_obtained":[{"floor":1.0,"key":"Fire Potion"},{"floor":11.0,"key":"Swift Potion"},{"floor":13.0,"key":"SpeedPotion"},{"floor":14.0,"key":"AttackPotion"}],"is_trial":false,"path_per_floor":["M","M","M","?","T","R","E","R","T","M","E","R","M","M","R","B",null,"M","M","M","?","?","R","M","?","T","R","M","M","M","M","R","B"],"character_chosen":"DEFECT","items_purchased":[],"campfire_rested":4,"item_purchase_floors":[],"current_hp_per_floor":[63,63,61,61,61,61,36,57,57,57,40,40,40,40,40,25,60,44,44,45,24,24,45,24,24,34,58,24,13,22,22,47,0],"gold":495,"neow_bonus":"UPGRADE_CARD","is_prod":false,"is_daily":false,"chose_seed":false,"campfire_upgraded":3,"win_rate":0,"timestamp":1552795839,"path_taken":["M","M","?","?","?","R","E","R","T","M","E","R","M","?","R","BOSS","M","M","M","?","?","R","M","?","T","R","?","M","M","M","R","BOSS"],"build_version":"2019-01-23","purchased_purges":0,"victory":false,"max_hp_per_floor":[71,71,71,71,71,71,71,71,71,71,71,71,71,71,71,71,71,71,71,71,71,71,71,73,73,83,83,83,83,85,85,85,85],"card_choices":[{"not_picked":["Storm","Go for the Eyes"],"picked":"BootSequence","floor":1.0},{"not_picked":["FTL","Rebound"],"picked":"Capacitor","floor":2.0},{"not_picked":["Redo","Barrage"],"picked":"Leap","floor":3.0},{"not_picked":["Aggregate","Melter"],"picked":"Electrodynamics","floor":7.0},{"not_picked":["Redo","Beam Cell"],"picked":"Undo","floor":10.0},{"not_picked":["BootSequence","Rainbow"],"picked":"Hologram","floor":11.0},{"not_picked":["Cold Snap","FTL"],"picked":"Undo+1","floor":13.0},{"not_picked":["Scrape","FTL"],"picked":"Ball Lightning","floor":14.0},{"not_picked":["Electrodynamics","Machine Learning"],"picked":"All For One","floor":16.0},{"not_picked":["Conserve Battery+1","Hologram+1"],"picked":"Self Repair","floor":18.0},{"not_picked":["Undo+1","Streamline"],"picked":"Redo+1","floor":19.0},{"not_picked":["Undo+1","Barrage+1"],"picked":"Redo+1","floor":20.0},{"not_picked":["Ball Lightning","Reprogram+1","Consume+1"],"picked":"Singing Bowl","floor":24.0},{"not_picked":["Rebound","Sweeping Beam+1"],"picked":"Cold Snap","floor":28.0},{"not_picked":["Gash","Heatsinks"],"picked":"Conserve Battery+1","floor":29.0},{"not_picked":["Sweeping Beam","Lockon","FTL"],"picked":"Singing Bowl","floor":30.0},{"not_picked":["Hello World","Gash"],"picked":"Fission+1","floor":31}],"player_experience":624087,"relics_obtained":[{"floor":5.0,"key":"Bottled Tornado"},{"floor":7.0,"key":"Sundial"},{"floor":9.0,"key":"Singing Bowl"},{"floor":11.0,"key":"Toxic Egg 2"},{"floor":21.0,"key":"Necronomicon"},{"floor":26.0,"key":"Pear"}],"event_choices":[{"damage_healed":0.0,"max_hp_gain":0.0,"max_hp_loss":0.0,"gold_gain":0.0,"cards_transformed":["Strike_B"],"event_name":"Living Wall","player_choice":"Change","floor":4.0,"gold_loss":0.0,"damage_taken":0.0,"cards_obtained":["Hyperbeam"]},{"damage_healed":0.0,"max_hp_gain":0.0,"max_hp_loss":0.0,"gold_gain":0.0,"event_name":"Cursed Tome","player_choice":"Obtained Book","floor":21.0,"gold_loss":0.0,"damage_taken":21.0},{"damage_healed":0.0,"max_hp_gain":0.0,"max_hp_loss":0.0,"gold_gain":50.0,"event_name":"Nest","player_choice":"Stole From Cult","floor":22.0,"gold_loss":0.0,"damage_taken":0.0},{"damage_healed":0.0,"max_hp_gain":0.0,"max_hp_loss":0.0,"gold_gain":0.0,"cards_transformed":["Strike_B"],"event_name":"Transmorgrifier","player_choice":"Transformed","floor":25.0,"gold_loss":0.0,"damage_taken":0.0,"cards_obtained":["Machine Learning"]}],"is_beta":false,"boss_relics":[{"not_picked":["Calling Bell","Tiny House"],"picked":"Sozu"}],"items_purged_floors":[],"is_endless":false,"potions_floor_spawned":[1,11,13,14,20,30,31],"killed_by":"Champ","ascension_level":19}