{"gold_per_floor":[20,20,20,20,20,20,33,60,85,10,10,29,29,54,54,54],"floor_reached":16,"playtime":488,"items_purged":["Strike_R"],"score":207,"play_id":"44a64b78-5c48-405c-b20d-4e0dff7490a5","local_time":"20190429194659","is_ascension_mode":true,"campfire_choices":[{"data":"Feel No Pain","floor":6,"key":"SMITH"},{"data":"Whirlwind","floor":11,"key":"SMITH"},{"data":"Armaments","floor":13,"key":"SMITH"},{"floor":15,"key":"REST"}],"neow_cost":"NO_GOLD","seed_source_timestamp":278839539569700,"circlet_count":0,"master_deck":["AscendersBane","Strike_R","Strike_R","Defend_R","Defend_R","Defend_R","Defend_R","Bash","Feel No Pain+1","Twin Strike","Clothesline","Whirlwind+1","Armaments+1","Entrench"],"relics":["Burning Blood","Ornamental Fan","Juzu Bracelet","Red Skull","Oddly Smooth Stone"],"potions_floor_usage":[12,14],"damage_taken":[{"damage":9,"enemies":"2 Louse","floor":1,"turns":2},{"damage":11,"enemies":"Jaw Worm","floor":7,"turns":5},{"damage":27,"enemies":"3 Sentries","floor":8,"turns":7},{"damage":11,"enemies":"Small Slimes","floor":12,"turns":2},{"damage":12,"enemies":"Lagavulin","floor":14,"turns":4},{"damage":60,"enemies":"Hexaghost","floor":16,"turns":11}],"seed_played":"-5865068332848208617","potions_obtained":[{"floor":8,"key":"GamblersBrew"},{"floor":12,"key":"FearPotion"}],"is_trial":false,"path_per_floor":["M","?","$","?","T","R","M","E","T","$","R","M","R","E","R","B"],"character_chosen":"IRONCLAD","items_purchased":[],"campfire_rested":1,"item_purchase_floors":[],"current_hp_per_floor":[65,65,65,70,70,70,65,44,44,44,44,39,39,33,57,0],"gold":54,"neow_bonus":"TRANSFORM_TWO_CARDS","is_prod":false,"is_daily":false,"chose_seed":false,"campfire_upgraded":3,"win_rate":0,"timestamp":1556556419,"path_taken":["M","?","$","?","?","R","M","E","T","?","R","M","R","E","R","BOSS"],"build_version":"2019-01-23","purchased_purges":1,"victory":false,"max_hp_per_floor":[75,75,75,80,80,80,80,80,80,80,80,80,80,80,80,80],"card_choices":[{"not_picked":["Sword Boomerang","Headbutt"],"picked":"Clothesline","floor":1},{"not_picked":["Clash","Iron Wave"],"picked":"Whirlwind","floor":7},{"not_picked":["Clothesline","True Grit"],"picked":"Armaments","floor":8},{"not_picked":["Anger","Sword Boomerang","Thunderclap"],"picked":"SKIP","floor":12},{"not_picked":["Sword Boomerang","Juggernaut"],"picked":"Entrench","floor":14}],"player_experience":356581,"relics_obtained":[{"floor":5,"key":"Ornamental Fan"},{"floor":8,"key":"Juzu Bracelet"},{"floor":9,"key":"Red Skull"},{"floor":14,"key":"Oddly Smooth Stone"}],"event_choices":[{"damage_healed":0,"gold_gain":0,"player_choice":"Leave","damage_taken":0,"max_hp_gain":0,"max_hp_loss":0,"event_name":"The Cleric","floor":2,"gold_loss":0},{"damage_healed":0,"gold_gain":0,"player_choice":"Donut","damage_taken":0,"max_hp_gain":5,"max_hp_loss":0,"event_name":"Big Fish","floor":4,"gold_loss":0}],"is_beta":false,"boss_relics":[],"items_purged_floors":[10],"is_endless":false,"potions_floor_spawned":[8,12],"killed_by":"Hexaghost","ascension_level":19}