{"gold_per_floor":[119,119,130,147,147,147,179,254,280,314,314,334,334,361,361,437,437,454,454,472,472,486,486,518,518,518,518,534,563,86,102,102,181,181,191,208,208,208,227,227,253,253,300,300,300,132,132,150,150,150,150],"floor_reached":52,"playtime":2308,"items_purged":[],"score":2272,"play_id":"4522e9ce-0bec-47bc-85c9-8490201a1f2f","local_time":"20180928090021","daily_mods":["SealedDeck"],"is_ascension_mode":true,"campfire_choices":[{"data":"Go for the Eyes","floor":6.0,"key":"SMITH"},{"data":"Beam Cell","floor":11.0,"key":"SMITH"},{"data":"Self Repair","floor":13.0,"key":"SMITH"},{"data":"Leap","floor":15.0,"key":"SMITH"},{"data":"Fission","floor":23,"key":"SMITH"},{"data":"Conserve Battery","floor":25,"key":"SMITH"},{"data":"Ball Lightning","floor":27,"key":"SMITH"},{"data":"Ball Lightning","floor":32,"key":"SMITH"},{"data":"Force Field","floor":40,"key":"SMITH"},{"data":"Compile Driver","floor":42,"key":"SMITH"},{"data":"Dark Shackles","floor":49,"key":"SMITH"}],"neow_cost":"","seed_source_timestamp":0,"circlet_count":0,"master_deck":["AscendersBane","Self Repair+1","Beam Cell+1","Hologram+1","Compile Driver+1","Conserve Battery+1","Leap+1","Go for the Eyes+1","Glacier+1","Cold Snap","Ball Lightning+1","Defragment+1","Ball Lightning+1","Fission+1","Loop+1","Defragment+1","Capacitor+1","Force Field+1","Dark Shackles+1"],"special_seed":0,"relics":["FrozenCore","DataDisk","War Paint","Frozen Egg 2","Blood Vial","Coffee Dripper","Matryoshka","Pen Nib","Mercury Hourglass","Juzu Bracelet","Pantograph","Tiny Chest","Nunchaku","Ancient Tea Set","Centennial Puzzle","Dream Catcher","CultistMask","Bronze Scales"],"potions_floor_usage":[29,35,51,51],"damage_taken":[{"damage":0.0,"enemies":"Jaw Worm","floor":1.0,"turns":2.0},{"damage":0.0,"enemies":"Small Slimes","floor":3.0,"turns":2.0},{"damage":0.0,"enemies":"2 Louse","floor":4.0,"turns":3.0},{"damage":0.0,"enemies":"Lagavulin","floor":7.0,"turns":6.0},{"damage":0.0,"enemies":"3 Sentries","floor":10.0,"turns":7.0},{"damage":1.0,"enemies":"Blue Slaver","floor":12.0,"turns":2.0},{"damage":0.0,"enemies":"Lagavulin","floor":14.0,"turns":5.0},{"damage":0.0,"enemies":"The Guardian","floor":16.0,"turns":8.0},{"damage":0.0,"enemies":"3 Byrds","floor":18.0,"turns":5.0},{"damage":6,"enemies":"2 Thieves","floor":20,"turns":3},{"damage":0,"enemies":"Snecko","floor":22,"turns":6},{"damage":11,"enemies":"Slavers","floor":24,"turns":7},{"damage":0,"enemies":"Cultist and Chosen","floor":28,"turns":4},{"damage":0,"enemies":"Book of Stabbing","floor":29,"turns":3},{"damage":6,"enemies":"Snake Plant","floor":31,"turns":3},{"damage":0,"enemies":"Collector","floor":33,"turns":8},{"damage":17,"enemies":"3 Darklings","floor":35,"turns":4},{"damage":0,"enemies":"Orb Walker","floor":36,"turns":3},{"damage":0,"enemies":"Mind Bloom Boss Battle","floor":38,"turns":5},{"damage":4,"enemies":"Transient","floor":39,"turns":6},{"damage":0,"enemies":"Nemesis","floor":41,"turns":7},{"damage":0,"enemies":"Sphere and 2 Shapes","floor":48,"turns":6},{"damage":27,"enemies":"Donu and Deca","floor":50,"turns":10},{"damage":42,"enemies":"Awakened One","floor":51,"turns":14}],"seed_played":"3409254932396057336","potions_obtained":[{"floor":4.0,"key":"Dexterity Potion"},{"floor":7.0,"key":"Explosive Potion"},{"floor":12.0,"key":"Weak Potion"},{"floor":28,"key":"PowerPotion"},{"floor":35,"key":"EssenceOfSteel"}],"is_trial":true,"path_per_floor":["M","?","M","M","?","R","E","?","T","E","R","M","R","E","R","B",null,"M","?","M","?","M","R","E","R","T","R","M","E","$","M","R","B",null,"M","M","?","?","M","R","E","R","T","?","?","$","?","M","R","B","B"],"character_chosen":"DEFECT","items_purchased":["Pantograph","Tiny Chest","Block Potion","Bronze Scales"],"campfire_rested":0,"item_purchase_floors":[30,30,30,46],"current_hp_per_floor":[71,71,71,71,71,71,71,60,60,67,67,66,66,71,71,71,71,71,71,71,71,71,71,70,70,70,70,71,71,71,71,71,71,71,64,71,71,71,71,71,71,71,71,71,71,71,61,71,71,54,39],"gold":150,"neow_bonus":"","is_prod":false,"is_daily":false,"chose_seed":false,"campfire_upgraded":11,"win_rate":0,"timestamp":1538150421,"path_taken":["M","?","M","M","?","R","E","?","T","E","R","M","R","E","R","BOSS","M","?","M","?","M","R","E","R","T","R","M","E","$","M","R","BOSS","M","M","?","?","M","R","E","R","T","?","?","$","?","M","R","BOSS","BOSS"],"build_version":"2018-09-27","purchased_purges":0,"victory":true,"max_hp_per_floor":[71,71,71,71,71,71,71,71,71,71,71,71,71,71,71,71,71,71,71,71,71,71,71,71,71,71,71,71,71,71,71,71,71,71,71,71,71,71,71,71,71,71,71,71,71,71,71,71,71,71,71],"card_choices":[{"not_picked":["Beam Cell","Hologram","Loop"],"picked":"SKIP","floor":1.0},{"not_picked":["Redo","Stack"],"picked":"Defragment","floor":3.0},{"not_picked":["Gash","Recycle","Turbo"],"picked":"SKIP","floor":4.0},{"not_picked":["Hologram","Rebound"],"picked":"Ball Lightning","floor":7.0},{"not_picked":["Steam","Sweeping Beam","Skim"],"picked":"SKIP","floor":10.0},{"not_picked":["Beam Cell","White Noise","Rebound"],"picked":"SKIP","floor":12.0},{"not_picked":["Reprogram","Rainbow","Consume"],"picked":"SKIP","floor":14.0},{"not_picked":["Seek","Creative AI+1"],"picked":"Fission","floor":16.0},{"not_picked":["Storm+1","Ball Lightning+1","Beam Cell"],"picked":"SKIP","floor":18.0},{"not_picked":["Compile Driver","Beam Cell","Chaos"],"picked":"SKIP","floor":20},{"not_picked":["Steam+1","Undo"],"picked":"Loop+1","floor":22},{"not_picked":["Turbo","Conserve Battery"],"picked":"Defragment+1","floor":24},{"not_picked":["All For One","Barrage","Steam"],"picked":"SKIP","floor":28},{"not_picked":["Rebound","Machine Learning+1"],"picked":"Capacitor+1","floor":29},{"not_picked":["Leap","Hologram","Coolheaded"],"picked":"SKIP","floor":31},{"not_picked":["Amplify","Meteor Strike"],"picked":"Seek","floor":33},{"not_picked":["Barrage","Gash","Redo"],"picked":"SKIP","floor":35},{"not_picked":["Redo+1","Hologram","Compile Driver"],"picked":"SKIP","floor":36},{"not_picked":["Coolheaded","Static Discharge+1"],"picked":"Force Field","floor":39},{"not_picked":["BootSequence","Undo","Heatsinks+1"],"picked":"SKIP","floor":41},{"not_picked":["Finesse","Mind Blast"],"picked":"Dark Shackles","floor":47},{"not_picked":["Streamline","Consume","Beam Cell"],"picked":"SKIP","floor":48}],"player_experience":1218470,"relics_obtained":[{"floor":7.0,"key":"DataDisk"},{"floor":9.0,"key":"War Paint"},{"floor":10.0,"key":"Frozen Egg 2"},{"floor":14.0,"key":"Blood Vial"},{"floor":24,"key":"Matryoshka"},{"floor":26,"key":"Pen Nib"},{"floor":26,"key":"Mercury Hourglass"},{"floor":29,"key":"Juzu Bracelet"},{"floor":38,"key":"Nunchaku"},{"floor":41,"key":"Ancient Tea Set"},{"floor":43,"key":"Centennial Puzzle"},{"floor":43,"key":"Dream Catcher"}],"event_choices":[{"event_name":"Liars Game","player_choice":"disagreed","floor":2.0,"damage_taken":0.0},{"event_name":"Living Wall","player_choice":"Grow","floor":5.0,"damage_taken":0.0},{"event_name":"World of Goop","player_choice":"Gather Gold","floor":8.0,"damage_taken":0.0},{"event_name":"Cursed Tome","player_choice":"Ignored","floor":19,"damage_taken":0},{"event_name":"N\u0027loth","player_choice":"Ignored","floor":21,"damage_taken":0},{"event_name":"Falling","player_choice":"Removed Skill","floor":37,"damage_taken":0},{"event_name":"MindBloom","player_choice":"Fight","floor":38,"damage_taken":0},{"event_name":"Transmorgrifier","player_choice":"Skipped","floor":44,"damage_taken":0},{"event_name":"FaceTrader","player_choice":"Trade","floor":45,"damage_taken":0},{"event_name":"SensoryStone","player_choice":"Memory 3","floor":47,"damage_taken":0}],"is_beta":false,"boss_relics":[{"not_picked":["Inserter","Eternal Feather"],"picked":"Coffee Dripper"},{"not_picked":["Runic Pyramid","Sozu"],"picked":"FrozenCore"}],"items_purged_floors":[],"is_endless":false,"potions_floor_spawned":[4,7,12,24,28,31,33,35,38],"ascension_level":20}