{"gold_per_floor":[110,126,126,51,70,70,84,84,84,115,115,115,125,156,156,252,252,267,287,107,119,119,119,138,150,176,201,213,225,237,266,278,290],"floor_reached":33,"playtime":1374,"items_purged":["Strike_G","Strike_G"],"score":339,"play_id":"d6ba78d0-5c19-4845-9def-311179cc5156","local_time":"20180727013452","is_ascension_mode":true,"campfire_choices":[{"data":"Noxious Fumes","floor":6,"key":"SMITH"},{"data":"Deadly Poison","floor":8,"key":"SMITH"},{"data":"Bouncing Flask","floor":12,"key":"SMITH"},{"floor":15,"key":"REST"},{"data":"Burst","floor":23,"key":"SMITH"},{"floor":32,"key":"REST"}],"neow_cost":"NONE","seed_source_timestamp":227460404814476,"circlet_count":0,"master_deck":["Defend_G","Defend_G","Defend_G","Defend_G","Defend_G","Strike_G","Strike_G","Survivor","Neutralize","Burst+1","Noxious Fumes+1","Bane","Prepared","Deadly Poison+1","Bouncing Flask+1","PiercingWail","After Image","Setup+1","Footwork","Deadly Poison","Deadly Poison","Malaise","Bouncing Flask"],"relics":["Ring of the Snake","Darkstone Periapt","Torii","Regal Pillow","Velvet Choker","MawBank","Question Card"],"potions_floor_usage":[13,14,18,30,31,31],"damage_taken":[{"damage":0,"enemies":"Small Slimes","floor":1,"turns":5},{"damage":7,"enemies":"Cultist","floor":2,"turns":6},{"damage":0,"enemies":"2 Louse","floor":5,"turns":3},{"damage":0,"enemies":"Red Slaver","floor":7,"turns":4},{"damage":28,"enemies":"Gremlin Nob","floor":10,"turns":5},{"damage":7,"enemies":"Lots of Slimes","floor":13,"turns":3},{"damage":2,"enemies":"Lagavulin","floor":14,"turns":5},{"damage":7,"enemies":"The Guardian","floor":16,"turns":8},{"damage":14,"enemies":"Chosen","floor":18,"turns":6},{"damage":0,"enemies":"Spheric Guardian","floor":19,"turns":5},{"damage":7,"enemies":"Snake Plant","floor":21,"turns":3},{"damage":17,"enemies":"Chosen and Byrds","floor":24,"turns":5},{"damage":9,"enemies":"3 Cultists","floor":25,"turns":5},{"damage":6,"enemies":"Snecko","floor":27,"turns":5},{"damage":0,"enemies":"Snake Plant","floor":30,"turns":1},{"damage":11,"enemies":"Centurion and Healer","floor":31,"turns":6},{"damage":41,"enemies":"Automaton","floor":33,"turns":6}],"seed_played":"-1454334798788901354","potions_obtained":[{"floor":1,"key":"GamblersBrew"},{"floor":2,"key":"Ancient Potion"},{"floor":3,"key":"GhostInAJar"},{"floor":10,"key":"EssenceOfSteel"},{"floor":21,"key":"Explosive Potion"},{"floor":25,"key":"SmokeBomb"},{"floor":27,"key":"Poison Potion"}],"is_trial":false,"path_per_floor":["M","M","?","$","M","R","M","R","T","E","?","R","M","E","R","B",null,"M","M","$","M","?","R","M","M","T","M","?","?","M","M","R"],"character_chosen":"THE_SILENT","items_purchased":["Footwork"],"campfire_rested":2,"item_purchase_floors":[20],"current_hp_per_floor":[63,56,56,56,56,56,56,56,56,28,28,28,21,19,55,48,65,51,51,51,44,44,44,27,18,18,12,12,12,12,1,37,0],"gold":290,"neow_bonus":"ONE_RANDOM_RARE_CARD","is_prod":false,"is_daily":false,"chose_seed":false,"campfire_upgraded":4,"win_rate":0,"timestamp":1532648092,"path_taken":["M","M","?","$","M","R","M","R","T","E","?","R","?","E","R","BOSS","M","M","$","M","?","R","M","?","T","M","?","?","M","M","R","BOSS"],"build_version":"2018-07-19v2","purchased_purges":2,"victory":false,"max_hp_per_floor":[70,70,70,70,70,70,70,70,70,70,70,70,70,70,70,70,70,70,70,70,70,70,70,70,70,70,70,70,70,70,70,70,70],"card_choices":[{"not_picked":["Outmaneuver","Accuracy"],"picked":"Noxious Fumes","floor":1},{"not_picked":["Underhanded Strike","All Out Attack"],"picked":"Bane","floor":2},{"not_picked":["Dagger Throw","Slice"],"picked":"Prepared","floor":5},{"not_picked":["Slice","Sucker Punch"],"picked":"Deadly Poison","floor":7},{"not_picked":["Tactician","Predator"],"picked":"Bouncing Flask","floor":10},{"not_picked":["Acrobatics","Quick Slash","Concentrate"],"picked":"SKIP","floor":13},{"not_picked":["Dagger Throw","Riddle With Holes"],"picked":"PiercingWail","floor":14},{"not_picked":["A Thousand Cuts","Doppelganger"],"picked":"After Image","floor":16},{"not_picked":["Quick Slash","Prepared"],"picked":"Setup+1","floor":18},{"not_picked":["Dagger Spray","Bane","Slice"],"picked":"SKIP","floor":19},{"not_picked":["Dodge and Roll","Eviscerate"],"picked":"Deadly Poison","floor":21},{"not_picked":["Calculated Gamble","PiercingWail"],"picked":"Deadly Poison","floor":24},{"not_picked":["Cloak And Dagger","Flying Knee"],"picked":"Malaise","floor":25},{"not_picked":["Dodge and Roll","PiercingWail"],"picked":"Bouncing Flask","floor":27},{"not_picked":["Flechettes+1","Underhanded Strike","Caltrops","Slice"],"picked":"SKIP","floor":31}],"player_experience":210289,"relics_obtained":[{"floor":9,"key":"Darkstone Periapt"},{"floor":10,"key":"Torii"},{"floor":14,"key":"Regal Pillow"},{"floor":26,"key":"MawBank"}],"event_choices":[{"event_name":"The Lab","player_choice":"Got Potions","floor":3,"damage_taken":0},{"event_name":"The Woman in Blue","player_choice":"Bought 0 Potions","floor":11,"damage_taken":0},{"event_name":"Purifier","player_choice":"One Purge","floor":22,"damage_taken":0},{"event_name":"The Mausoleum","player_choice":"Yes","floor":28,"damage_taken":0},{"event_name":"Cursed Tome","player_choice":"Ignored","floor":29,"damage_taken":0}],"is_beta":false,"boss_relics":[{"not_picked":["Fusion Hammer","Cursed Key"],"picked":"Velvet Choker"}],"items_purged_floors":[4,20],"is_endless":false,"potions_floor_spawned":[1,2,5,10,21,25,27,30],"killed_by":"Automaton","ascension_level":6}