{"gold_per_floor":[369,369,369,381,395,395,395,121,176,176,190,8,37,37,37,135,135,152,167,167,167,184,36,66,83,83,93,93,121,121,141,141,237,237,250,263,263,281,79,105,154,154,154,154,164,14,26,40,40,40,40,40,40,68,68],"floor_reached":56,"playtime":2730,"items_purged":["Strike_R","Defend_R","Strike_R","Demon Form+1"],"score":1442,"play_id":"56e53864-4bf0-46e8-b805-49d797a3bf62","local_time":"20190108212445","is_ascension_mode":false,"campfire_choices":[{"data":"Bash","floor":6.0,"key":"SMITH"},{"data":"Shrug It Off","floor":10.0,"key":"SMITH"},{"data":"Finesse","floor":15.0,"key":"SMITH"},{"data":"True Grit","floor":28,"key":"SMITH"},{"data":"Pommel Strike","floor":32,"key":"SMITH"},{"floor":44,"key":"REST"},{"floor":49,"key":"RECALL"},{"data":"Burning Pact","floor":52,"key":"SMITH"}],"neow_cost":"PERCENT_DAMAGE","seed_source_timestamp":7451247838332,"circlet_count":0,"master_deck":["Defend_R","Defend_R","Bash+1","Shrug It Off+1","Finesse+1","Juggernaut","Rupture+1","Dual Wield+1","Limit Break","Pummel","True Grit+1","Pommel Strike+1","Flash of Steel","Burning Pact+1"],"special_seed":0,"relics":["Burning Blood","Sundial","Mercury Hourglass","TheAbacus","Art of War","Regal Pillow","Astrolabe","PreservedInsect","Strawberry","Anchor","Omamori","Nilry\u0027s Codex","Runic Dome","Letter Opener","Ginger","Kunai"],"potions_floor_usage":[24,24,25,29,41,55,55,55],"damage_taken":[{"damage":5.0,"enemies":"2 Louse","floor":1.0,"turns":3.0},{"damage":8.0,"enemies":"Jaw Worm","floor":4.0,"turns":4.0},{"damage":6.0,"enemies":"Cultist","floor":5.0,"turns":3.0},{"damage":0.0,"enemies":"3 Louse","floor":11.0,"turns":3.0},{"damage":2.0,"enemies":"3 Sentries","floor":13.0,"turns":8.0},{"damage":4.0,"enemies":"The Guardian","floor":16.0,"turns":12.0},{"damage":0,"enemies":"Spheric Guardian","floor":18,"turns":5},{"damage":5,"enemies":"Shell Parasite","floor":19,"turns":5},{"damage":28,"enemies":"Snake Plant","floor":22,"turns":4},{"damage":21,"enemies":"Book of Stabbing","floor":24,"turns":4},{"damage":21,"enemies":"3 Cultists","floor":25,"turns":5},{"damage":0,"enemies":"Snecko","floor":27,"turns":5},{"damage":10,"enemies":"Gremlin Leader","floor":29,"turns":6},{"damage":5,"enemies":"Centurion and Healer","floor":31,"turns":8},{"damage":0,"enemies":"Automaton","floor":33,"turns":3},{"damage":0,"enemies":"3 Darklings","floor":35,"turns":4},{"damage":14,"enemies":"Orb Walker","floor":36,"turns":4},{"damage":13,"enemies":"Transient","floor":38,"turns":5},{"damage":0,"enemies":"Nemesis","floor":40,"turns":4},{"damage":75,"enemies":"2 Orb Walkers","floor":41,"turns":6},{"damage":4,"enemies":"Writhing Mass","floor":45,"turns":3},{"damage":0,"enemies":"Sphere and 2 Shapes","floor":47,"turns":3},{"damage":0,"enemies":"Maw","floor":48,"turns":3},{"damage":0,"enemies":"Awakened One","floor":50,"turns":3},{"damage":6,"enemies":"Shield and Spear","floor":54,"turns":2},{"damage":37,"enemies":"The Heart","floor":55,"turns":4}],"seed_played":"-4295436742173952969","potions_obtained":[{"floor":1.0,"key":"Strength Potion"},{"floor":11.0,"key":"Poison Potion"},{"floor":16.0,"key":"Poison Potion"},{"floor":18,"key":"Explosive Potion"},{"floor":24,"key":"LiquidBronze"},{"floor":31,"key":"Strength Potion"},{"floor":33,"key":"GamblersBrew"},{"floor":41,"key":"Explosive Potion"},{"floor":47,"key":"BloodPotion"},{"floor":48,"key":"Energy Potion"},{"floor":54,"key":"GamblersBrew"}],"is_trial":false,"path_per_floor":["M","?","?","M","M","R","T","$","T","R","M","$","E","?","R","B",null,"M","M","?","?","M","$","E","M","T","M","R","E","?","M","R","B",null,"M","M","?","M","$","E","?","?","T","R","M","$","M","M","R","B",null,"R","$","E","B",null],"character_chosen":"IRONCLAD","items_purchased":["TheAbacus","Finesse","PreservedInsect","Burning Pact"],"campfire_rested":1,"item_purchase_floors":[8,12,23,39],"current_hp_per_floor":[57,50,55,53,53,53,53,53,53,53,59,59,63,63,63,65,85,85,85,85,85,63,63,55,40,40,46,46,42,26,27,27,33,92,92,84,84,77,77,83,14,14,14,56,58,58,64,70,70,76,92,92,92,92,61],"gold":68,"neow_bonus":"TWO_FIFTY_GOLD","is_prod":false,"is_daily":false,"chose_seed":false,"campfire_upgraded":6,"win_rate":0,"timestamp":1546953885,"path_taken":["M","?","?","M","M","R","?","$","T","R","?","$","E","?","R","BOSS","M","M","?","?","M","$","E","M","T","M","R","E","?","M","R","BOSS","M","M","?","M","$","E","?","?","T","R","M","$","?","M","R","BOSS","R","$","E","BOSS"],"build_version":"2019-01-03v4","purchased_purges":4,"victory":true,"max_hp_per_floor":[80,80,85,85,85,85,85,85,85,85,85,85,85,85,85,85,85,85,85,85,85,85,85,92,92,92,92,92,92,92,92,92,92,92,92,92,92,92,92,92,92,92,92,92,92,92,92,92,92,92,92,92,92,92,92],"card_choices":[{"not_picked":["Blood for Blood","Rupture","Clothesline"],"picked":"SKIP","floor":1.0},{"not_picked":["Blood for Blood","Clothesline"],"picked":"Rupture","floor":1.0},{"not_picked":["Body Slam","Sword Boomerang","Iron Wave"],"picked":"SKIP","floor":4.0},{"not_picked":["Iron Wave","Cleave"],"picked":"Shrug It Off","floor":5.0},{"not_picked":["Wild Strike","Spot Weakness","Searing Blow"],"picked":"SKIP","floor":11.0},{"not_picked":["Whirlwind","Anger","Infernal Blade"],"picked":"SKIP","floor":13.0},{"not_picked":["Offering","Dark Embrace"],"picked":"Juggernaut","floor":16.0},{"not_picked":["Perfected Strike+1","Reckless Charge+1","Heavy Blade"],"picked":"SKIP","floor":18},{"not_picked":["Heavy Blade","Rupture","Twin Strike"],"picked":"SKIP","floor":19},{"not_picked":["Clothesline","Power Through","Searing Blow+1"],"picked":"SKIP","floor":22},{"not_picked":["Spot Weakness","Thunderclap+1","Perfected Strike+1"],"picked":"SKIP","floor":24},{"not_picked":["Spot Weakness","Thunderclap+1","Perfected Strike+1"],"picked":"SKIP","floor":24},{"not_picked":["Spot Weakness","Thunderclap+1","Perfected Strike+1"],"picked":"SKIP","floor":24},{"not_picked":["Entrench+1","Clash"],"picked":"True Grit","floor":25},{"not_picked":["Perfected Strike","Flex","Reaper"],"picked":"SKIP","floor":27},{"not_picked":["Berserk","Searing Blow+1"],"picked":"Pommel Strike","floor":29},{"not_picked":["Havoc","Body Slam","Ghostly Armor"],"picked":"SKIP","floor":31},{"not_picked":["Cleave","Heavy Blade+1","Anger+1"],"picked":"SKIP","floor":35},{"not_picked":["Heavy Blade+1","Pummel+1","Havoc"],"picked":"SKIP","floor":36},{"not_picked":["Bandage Up","Panache"],"picked":"Flash of Steel","floor":37},{"not_picked":["Perfected Strike+1","Disarm+1","Uppercut+1"],"picked":"SKIP","floor":38},{"not_picked":["Flame Barrier","Demon Form","Perfected Strike"],"picked":"SKIP","floor":40},{"not_picked":["Body Slam","Flex+1","True Grit"],"picked":"SKIP","floor":45},{"not_picked":["Metallicize","Power Through+1","Shrug It Off+1"],"picked":"SKIP","floor":47},{"not_picked":["Flex","Clothesline","Armaments"],"picked":"SKIP","floor":48},{"not_picked":["Warcry","True Grit","Blood for Blood+1"],"picked":"SKIP","floor":54}],"player_experience":2513081,"relics_obtained":[{"floor":7.0,"key":"Mercury Hourglass"},{"floor":9.0,"key":"Art of War"},{"floor":13.0,"key":"Regal Pillow"},{"floor":24,"key":"Strawberry"},{"floor":26,"key":"Anchor"},{"floor":29,"key":"Omamori"},{"floor":30,"key":"Nilry\u0027s Codex"},{"floor":40,"key":"Letter Opener"},{"floor":41,"key":"Ginger"},{"floor":54,"key":"Kunai"}],"event_choices":[{"damage_healed":0.0,"max_hp_gain":0.0,"max_hp_loss":0.0,"gold_gain":0.0,"event_name":"Scrap Ooze","player_choice":"Success","floor":2.0,"gold_loss":0.0,"damage_taken":7.0,"relics_obtained":["Sundial"]},{"damage_healed":0.0,"max_hp_gain":5.0,"max_hp_loss":0.0,"gold_gain":0.0,"event_name":"Big Fish","player_choice":"Donut","floor":3.0,"gold_loss":0.0,"damage_taken":0.0},{"damage_healed":0.0,"max_hp_gain":0.0,"max_hp_loss":0.0,"gold_gain":0.0,"event_name":"Liars Game","player_choice":"Ignored","floor":14.0,"gold_loss":0.0,"damage_taken":0.0},{"damage_healed":0,"gold_gain":0,"player_choice":"Ignored","damage_taken":0,"max_hp_gain":0,"max_hp_loss":0,"event_name":"Vampires","floor":20,"gold_loss":0},{"damage_healed":0,"gold_gain":0,"cards_transformed":["Rupture","Strike_R"],"player_choice":"Became Test Subject","damage_taken":0,"max_hp_gain":0,"max_hp_loss":0,"event_name":"Drug Dealer","floor":21,"gold_loss":0,"cards_obtained":["Limit Break","Pummel"]},{"damage_healed":0,"gold_gain":0,"player_choice":"Obtained Book","damage_taken":16,"max_hp_gain":0,"max_hp_loss":0,"event_name":"Cursed Tome","floor":30,"gold_loss":0},{"damage_healed":0,"gold_gain":0,"player_choice":"Memory 1","damage_taken":0,"max_hp_gain":0,"max_hp_loss":0,"event_name":"SensoryStone","floor":37,"gold_loss":0},{"damage_healed":0,"gold_gain":0,"player_choice":"Fight","damage_taken":0,"max_hp_gain":0,"max_hp_loss":0,"event_name":"Mysterious Sphere","floor":41,"gold_loss":0},{"damage_healed":0,"gold_gain":0,"player_choice":"Bought 0 Potions","damage_taken":0,"max_hp_gain":0,"max_hp_loss":0,"event_name":"The Woman in Blue","floor":42,"gold_loss":0}],"is_beta":false,"boss_relics":[{"not_picked":["Snecko Eye","Ectoplasm"],"picked":"Astrolabe"},{"not_picked":["Sozu","Velvet Choker"],"picked":"Runic Dome"}],"items_purged_floors":[8,12,39,46],"is_endless":false,"potions_floor_spawned":[1,11,16,18,24,31,33,41,47,48,54],"ascension_level":0}