{"gold_per_floor":[109,125,7,0,19,19,19,19,19,19,34,53,67,83,83,161,161,171,171,183,28,40,40,57,69,150,150,163,163,197,217,217,294,294,305,178,178,190,204,204,216,216,216,216,236,80,80,93,93,93],"floor_reached":51,"playtime":3777,"items_purged":["Decay"],"score":1101,"play_id":"cf41392c-47aa-41a8-bffb-a733f4c05f87","local_time":"20180729111049","is_ascension_mode":true,"campfire_choices":[{"data":"Zap","floor":6.0,"key":"SMITH"},{"data":"Rip and Tear","floor":8.0,"key":"SMITH"},{"data":"Rip and Tear","floor":10.0,"key":"SMITH"},{"data":"Capacitor","floor":15.0,"key":"SMITH"},{"data":"Blizzard","floor":23.0,"key":"SMITH"},{"floor":29.0,"key":"REST"},{"floor":32.0,"key":"REST"},{"floor":40,"key":"REST"},{"floor":42,"key":"REST"},{"floor":47,"key":"REST"},{"floor":49,"key":"REST"}],"neow_cost":"","seed_source_timestamp":10008047038180,"circlet_count":0,"master_deck":["Strike_B","Strike_B","Strike_B","Defend_B","Defend_B","Defend_B","Defend_B","Zap+1","Dualcast","AscendersBane","Rip and Tear+1","Coolheaded","Capacitor+1","Leap","Rip and Tear+1","Coolheaded","Coolheaded","Cold Snap","Reinforced Body","Biased Cognition","Ball Lightning","Echo Form","Steam","Chill","Double Energy+1","Glacier+1","Blizzard+1","Capacitor","Steam Power","Consume","Conserve Battery+1","Recycle","Glacier","Force Field","Go for the Eyes","Electrodynamics","Barrage","Hologram","Force Field+1","Leap+1","Capacitor","Go for the Eyes+1"],"special_seed":0,"relics":["Cracked Core","Prayer Wheel","Nuclear Battery","DataDisk","Darkstone Periapt","Symbiotic Virus","Fusion Hammer","Strawberry","Torii"],"potions_floor_usage":[35,45,50,50],"damage_taken":[{"damage":1.0,"enemies":"Cultist","floor":1.0,"turns":3.0},{"damage":4.0,"enemies":"Jaw Worm","floor":2.0,"turns":3.0},{"damage":2.0,"enemies":"Small Slimes","floor":5.0,"turns":3.0},{"damage":4.0,"enemies":"Blue Slaver","floor":11.0,"turns":3.0},{"damage":3.0,"enemies":"2 Fungi Beasts","floor":12.0,"turns":3.0},{"damage":7.0,"enemies":"Exordium Thugs","floor":13.0,"turns":4.0},{"damage":1.0,"enemies":"Large Slime","floor":14.0,"turns":5.0},{"damage":20.0,"enemies":"Slime Boss","floor":16.0,"turns":14.0},{"damage":8.0,"enemies":"3 Byrds","floor":18.0,"turns":5.0},{"damage":2.0,"enemies":"Shell Parasite","floor":20.0,"turns":6.0},{"damage":4.0,"enemies":"3 Cultists","floor":22.0,"turns":6.0},{"damage":11.0,"enemies":"Slaver and Parasite","floor":24.0,"turns":7.0},{"damage":8.0,"enemies":"Snake Plant","floor":25.0,"turns":6.0},{"damage":15.0,"enemies":"Centurion and Healer","floor":28.0,"turns":8.0},{"damage":29.0,"enemies":"Slavers","floor":30.0,"turns":7.0},{"damage":0.0,"enemies":"Slaver and Parasite","floor":31.0,"turns":10.0},{"damage":17,"enemies":"Collector","floor":33,"turns":12},{"damage":12,"enemies":"Orb Walker","floor":35,"turns":3},{"damage":8,"enemies":"Flame Bruiser 1 Orb","floor":38,"turns":4},{"damage":0,"enemies":"4 Shapes","floor":39,"turns":4},{"damage":2,"enemies":"Sphere and 2 Shapes","floor":41,"turns":8},{"damage":0,"floor":44,"turns":5},{"damage":16,"enemies":"Transient","floor":45,"turns":5},{"damage":1,"enemies":"Spire Growth","floor":48,"turns":6},{"damage":14,"enemies":"Donu and Deca","floor":50,"turns":14}],"seed_played":"-8671775446555017746","potions_obtained":[{"floor":2.0,"key":"Dexterity Potion"},{"floor":5.0,"key":"LiquidBronze"},{"floor":11.0,"key":"AttackPotion"},{"floor":30.0,"key":"Poison Potion"},{"floor":33,"key":"AttackPotion"},{"floor":39,"key":"Fire Potion"}],"is_trial":false,"path_per_floor":["M","M","$","?","M","R","?","R","T","R","M","M","M","M","R","B",null,"M","?","M","$","M","R","M","M","T","?","M","R","E","M","R","B",null,"M","$","?","M","M","R","M","R","T","?","M","$","R","M","R","B"],"character_chosen":"DEFECT","items_purchased":["Capacitor","Leap","DataDisk","Dexterity Potion","Capacitor","EssenceOfSteel"],"campfire_rested":6,"item_purchase_floors":[3,3,21,36,46,46],"current_hp_per_floor":[63,59,59,59,57,57,50,50,50,50,46,43,36,35,35,15,57,49,49,47,47,43,43,32,24,24,24,9,30,1,1,22,5,55,43,43,43,35,35,56,54,71,78,78,62,62,78,77,78,64],"gold":93,"neow_bonus":"","is_prod":false,"is_daily":false,"chose_seed":false,"campfire_upgraded":5,"win_rate":0,"timestamp":1532887849,"path_taken":["M","M","$","?","M","R","?","R","T","R","M","M","M","M","R","BOSS","M","?","M","$","M","R","M","M","T","?","M","R","E","M","R","BOSS","M","$","?","M","M","R","M","R","T","?","?","$","R","M","R","BOSS"],"build_version":"2018-07-26","purchased_purges":1,"victory":true,"max_hp_per_floor":[71,71,71,71,71,71,71,71,71,71,71,71,71,71,71,71,71,71,71,71,71,71,71,71,71,71,71,71,71,71,71,71,71,71,71,71,71,71,71,71,71,71,78,78,78,78,78,78,78,78],"card_choices":[{"not_picked":["Leap","Conserve Battery"],"picked":"Rip and Tear","floor":1.0},{"not_picked":["Force Field","Static Discharge"],"picked":"Coolheaded","floor":2.0},{"not_picked":["Gash","Aggregate"],"picked":"Rip and Tear","floor":5.0},{"not_picked":["Hello World","Turbo"],"picked":"Coolheaded","floor":11.0},{"not_picked":["Barrage","Hologram"],"picked":"Coolheaded","floor":11.0},{"not_picked":["Conserve Battery","Force Field"],"picked":"Cold Snap","floor":12.0},{"not_picked":["Cold Snap","Conserve Battery"],"picked":"Reinforced Body","floor":12.0},{"not_picked":["Redo","Turbo"],"picked":"Biased Cognition","floor":13.0},{"not_picked":["Leap","FTL","Redo"],"picked":"SKIP","floor":13.0},{"not_picked":["Streamline","White Noise"],"picked":"Ball Lightning","floor":14.0},{"not_picked":["Go for the Eyes","Tempest","Coolheaded"],"picked":"SKIP","floor":14.0},{"not_picked":["Reboot","Meteor Strike"],"picked":"Echo Form","floor":16.0},{"not_picked":["Go for the Eyes","Stack"],"picked":"Steam","floor":18.0},{"not_picked":["Hologram","Tempest","Sweeping Beam"],"picked":"SKIP","floor":18.0},{"not_picked":["Melter","Storm"],"picked":"Chill","floor":20.0},{"not_picked":["Cold Snap","Gash"],"picked":"Double Energy+1","floor":20.0},{"not_picked":["Go for the Eyes","Streamline"],"picked":"Glacier+1","floor":22.0},{"not_picked":["Ball Lightning","Steam"],"picked":"Blizzard","floor":22.0},{"not_picked":["Aggregate","Go for the Eyes"],"picked":"Capacitor","floor":24.0},{"not_picked":["Echo Form","Stack"],"picked":"Steam Power","floor":24.0},{"not_picked":["Reinforced Body","Coolheaded"],"picked":"Consume","floor":25.0},{"not_picked":["Leap","White Noise","Hello World"],"picked":"SKIP","floor":25.0},{"not_picked":["Self Repair","Fusion"],"picked":"Conserve Battery+1","floor":28.0},{"not_picked":["Beam Cell","Compile Driver"],"picked":"Recycle","floor":28.0},{"not_picked":["Compile Driver","Sweeping Beam"],"picked":"Glacier","floor":30.0},{"not_picked":["Leap","Tempest"],"picked":"Force Field","floor":31.0},{"not_picked":["Self Repair","FTL"],"picked":"Go for the Eyes","floor":31.0},{"not_picked":["Thunder Strike","Buffer"],"picked":"Electrodynamics","floor":33},{"not_picked":["Sweeping Beam","Steam"],"picked":"Barrage","floor":35},{"not_picked":["Turbo+1","Reprogram","Genetic Algorithm"],"picked":"SKIP","floor":35},{"not_picked":["Ball Lightning","Fusion+1","Beam Cell"],"picked":"SKIP","floor":38},{"not_picked":["Barrage","Ball Lightning+1","Streamline+1"],"picked":"SKIP","floor":38},{"not_picked":["Beam Cell","Doom and Gloom"],"picked":"Hologram","floor":39},{"not_picked":["Tempest","Compile Driver+1"],"picked":"Force Field+1","floor":39},{"not_picked":["Stack","Barrage+1"],"picked":"Leap+1","floor":41},{"not_picked":["Conserve Battery","Gash+1","Steam+1"],"picked":"SKIP","floor":41},{"not_picked":["Chaos","Tempest","Sweeping Beam"],"picked":"SKIP","floor":45},{"not_picked":["Turbo","Conserve Battery","Redo"],"picked":"SKIP","floor":45},{"not_picked":["FTL","Heatsinks"],"picked":"Go for the Eyes+1","floor":48},{"not_picked":["Turbo+1","Darkness","Ball Lightning"],"picked":"SKIP","floor":48}],"player_experience":935399,"relics_obtained":[{"floor":9.0,"key":"Prayer Wheel"},{"floor":26.0,"key":"Darkstone Periapt"},{"floor":30.0,"key":"Symbiotic Virus"},{"floor":43,"key":"Strawberry"},{"floor":44,"key":"Torii"}],"event_choices":[{"event_name":"World of Goop","player_choice":"Left","floor":4.0,"damage_taken":0.0},{"event_name":"Golden Wing","player_choice":"Card Removal","floor":7.0,"damage_taken":0.0},{"event_name":"Wheel of Change","player_choice":"Curse","floor":19.0,"damage_taken":0.0},{"event_name":"Drug Dealer","player_choice":"Ignored","floor":27.0,"damage_taken":0.0},{"event_name":"Mysterious Sphere","player_choice":"Ignore","floor":37,"damage_taken":0},{"event_name":"MindBloom","player_choice":"Fight","floor":44,"damage_taken":0}],"is_beta":false,"boss_relics":[{"not_picked":["Pandora\u0027s Box","Tiny House"],"picked":"Nuclear Battery"},{"not_picked":["Snecko Eye","Coffee Dripper"],"picked":"Fusion Hammer"}],"items_purged_floors":[36],"is_endless":false,"potions_floor_spawned":[2,5,11,14,22,24,30,33,39,41],"ascension_level":15}