{"gold_per_floor":[119,138,138,151,170,202,202,234,281,294,325,325,359,359,359,436,436,446,59,59,2,17,17,48,48,96,96,121,138,188,215,215,287,287,302,22,22,32,44,73,73,101,101,128,128,157,157,157,157,157,157,157,157,50,77,77],"floor_reached":57,"playtime":3293,"items_purged":["Pain","Defend_B","Defend_B"],"score":3289,"play_id":"bbe11d7e-f745-41a1-8820-1f5da7120a38","local_time":"20181210190208","is_ascension_mode":true,"campfire_choices":[{"data":"Streamline","floor":7.0,"key":"SMITH"},{"data":"Defragment","floor":15.0,"key":"SMITH"},{"data":"Darkness","floor":23.0,"key":"SMITH"},{"data":"Fission","floor":25.0,"key":"SMITH"},{"data":"Coolheaded","floor":27.0,"key":"SMITH"},{"data":"Capacitor","floor":32.0,"key":"SMITH"},{"data":"Seek","floor":41.0,"key":"SMITH"},{"data":"Consume","floor":45.0,"key":"SMITH"},{"data":"Reinforced Body","floor":47.0,"key":"SMITH"},{"floor":49.0,"key":"RECALL"},{"data":"Multi-Cast","floor":53.0,"key":"SMITH"}],"neow_cost":"NONE","seed_source_timestamp":0,"circlet_count":0,"master_deck":["AscendersBane","Strike_B+1","Defend_B","Zap","Dualcast","Reinforced Body+1","Cold Snap","Barrage","Defragment+1","Streamline+1","Coolheaded+1","Darkness+1","Fission+1","Seek+1","Auto Shields+1","Capacitor+1","Self Repair","Go for the Eyes+1","Consume+1","Sunder","Multi-Cast+1","Echo Form","Tempest","Double Energy"],"special_seed":0,"relics":["Philosopher\u0027s Stone","Bag of Preparation","Meat on the Bone","Happy Flower","Centennial Puzzle","Smiling Mask","Whetstone","WarpedTongs","Coffee Dripper","Incense Burner","Prayer Wheel","Blood Vial","Pen Nib","Gremlin Horn","Empty Cage","Runic Capacitor","Cables","Orichalcum","Mummified Hand","Dodecahedron","Boot","Lantern"],"potions_floor_usage":[56,56],"damage_taken":[{"damage":9.0,"enemies":"2 Louse","floor":1.0,"turns":3.0},{"damage":2.0,"enemies":"Jaw Worm","floor":2.0,"turns":5.0},{"damage":0.0,"enemies":"Small Slimes","floor":4.0,"turns":3.0},{"damage":0.0,"enemies":"Red Slaver","floor":5.0,"turns":5.0},{"damage":22.0,"enemies":"Lagavulin","floor":6.0,"turns":9.0},{"damage":6.0,"enemies":"3 Sentries","floor":8.0,"turns":3.0},{"damage":17.0,"enemies":"Exordium Thugs","floor":10.0,"turns":4.0},{"damage":5.0,"enemies":"Lagavulin","floor":11.0,"turns":6.0},{"damage":10.0,"enemies":"Gremlin Nob","floor":13.0,"turns":3.0},{"damage":34.0,"enemies":"Hexaghost","floor":16.0,"turns":9.0},{"damage":5.0,"enemies":"Shell Parasite","floor":18.0,"turns":4.0},{"damage":0.0,"enemies":"3 Byrds","floor":22.0,"turns":6.0},{"damage":7.0,"enemies":"Slavers","floor":24.0,"turns":4.0},{"damage":0.0,"enemies":"Book of Stabbing","floor":28.0,"turns":6.0},{"damage":4.0,"enemies":"Shelled Parasite and Fungi","floor":29.0,"turns":4.0},{"damage":0.0,"enemies":"Gremlin Leader","floor":31.0,"turns":11.0},{"damage":21.0,"enemies":"Collector","floor":33.0,"turns":11.0},{"damage":2.0,"enemies":"3 Shapes","floor":35.0,"turns":8.0},{"damage":27.0,"enemies":"3 Darklings","floor":38.0,"turns":4.0},{"damage":33.0,"enemies":"Spire Growth","floor":39.0,"turns":4.0},{"damage":0.0,"enemies":"Reptomancer","floor":40.0,"turns":6.0},{"damage":0.0,"enemies":"Giant Head","floor":42.0,"turns":8.0},{"damage":12.0,"enemies":"Nemesis","floor":44.0,"turns":5.0},{"damage":0.0,"enemies":"Reptomancer","floor":46.0,"turns":4.0},{"damage":16.0,"enemies":"Donu and Deca","floor":50.0,"turns":13.0},{"damage":14.0,"enemies":"Time Eater","floor":51.0,"turns":10.0},{"damage":33.0,"enemies":"Shield and Spear","floor":55.0,"turns":5.0},{"damage":53,"enemies":"The Heart","floor":56,"turns":11}],"seed_played":"-1137396797099438701","potions_obtained":[{"floor":4.0,"key":"AttackPotion"},{"floor":5.0,"key":"LiquidBronze"},{"floor":6.0,"key":"PowerPotion"},{"floor":8.0,"key":"FocusPotion"},{"floor":11.0,"key":"Block Potion"},{"floor":22.0,"key":"AttackPotion"},{"floor":24.0,"key":"SpeedPotion"},{"floor":31.0,"key":"FocusPotion"},{"floor":38.0,"key":"LiquidBronze"},{"floor":44.0,"key":"LiquidBronze"}],"is_trial":false,"path_per_floor":["M","M","?","M","M","E","R","E","T","M","E","?","E","?","R","B",null,"M","$","?","$","M","R","E","R","T","R","E","M","?","E","R","B",null,"M","$","T","M","M","E","R","E","T","E","R","E","R","?","R","B","B",null,"R","$","E","B",null],"character_chosen":"DEFECT","items_purchased":["Incense Burner","Block Potion","Runic Capacitor","Block Potion"],"campfire_rested":0,"item_purchase_floors":[19,21,36,54],"current_hp_per_floor":[55,53,71,71,71,49,49,43,43,38,45,34,36,36,36,14,57,52,52,52,52,52,52,45,45,45,45,47,45,45,54,54,47,65,71,71,71,51,39,41,41,53,53,50,50,62,62,62,62,68,63,69,69,69,52,23],"gold":77,"neow_bonus":"BOSS_RELIC","is_prod":false,"is_daily":false,"chose_seed":false,"campfire_upgraded":10,"win_rate":0,"timestamp":1544439728,"path_taken":["M","M","?","M","M","E","R","E","T","M","E","?","E","?","R","BOSS","M","$","?","?","?","R","E","R","T","R","E","M","?","E","R","BOSS","M","?","?","M","M","E","R","E","T","E","R","E","R","?","R","BOSS","BOSS","R","$","E","BOSS"],"build_version":"2018-12-06","purchased_purges":3,"victory":true,"max_hp_per_floor":[71,71,71,71,71,71,71,71,71,71,71,71,71,71,71,71,71,71,71,71,71,71,71,71,71,71,71,71,71,71,71,71,71,71,71,71,71,71,71,71,71,71,71,71,71,71,71,71,71,71,71,71,71,71,71,71],"card_choices":[{"not_picked":["Stack","Beam Cell"],"picked":"Reinforced Body","floor":1.0},{"not_picked":["BootSequence","White Noise"],"picked":"Cold Snap","floor":2.0},{"not_picked":["Hologram","Turbo"],"picked":"Barrage","floor":4.0},{"not_picked":["Cold Snap","Storm"],"picked":"Defragment","floor":5.0},{"not_picked":["Cold Snap","Beam Cell"],"picked":"Streamline","floor":6.0},{"not_picked":["Heatsinks","Doom and Gloom","Sunder"],"picked":"SKIP","floor":8.0},{"not_picked":["Recycle","Redo"],"picked":"Coolheaded","floor":10.0},{"not_picked":["Doom and Gloom","Rebound"],"picked":"Darkness","floor":11.0},{"not_picked":["FTL","Leap"],"picked":"Fission","floor":13.0},{"not_picked":["All For One","Creative AI"],"picked":"Seek","floor":16.0},{"not_picked":["Turbo","Aggregate","Coolheaded"],"picked":"SKIP","floor":18.0},{"not_picked":["Cold Snap","Melter"],"picked":"Auto Shields+1","floor":22.0},{"not_picked":["Darkness","Stack"],"picked":"Capacitor","floor":24.0},{"not_picked":["Hyperbeam","Sweeping Beam","Melter"],"picked":"SKIP","floor":28.0},{"not_picked":["Streamline","Turbo"],"picked":"Self Repair","floor":29.0},{"not_picked":["Stack","Cold Snap"],"picked":"Go for the Eyes+1","floor":29.0},{"not_picked":["Hyperbeam","BootSequence"],"picked":"Consume","floor":31.0},{"not_picked":["Leap","Chill"],"picked":"Sunder","floor":35.0},{"not_picked":["Coolheaded","Conserve Battery","Rip and Tear"],"picked":"SKIP","floor":35.0},{"not_picked":["Hello World","Static Discharge"],"picked":"Multi-Cast","floor":38.0},{"not_picked":["Redo","Stack","Turbo+1"],"picked":"SKIP","floor":38.0},{"not_picked":["Heatsinks","Scrape"],"picked":"Echo Form","floor":39.0},{"not_picked":["Redo","Gash"],"picked":"Tempest","floor":39.0},{"not_picked":["Auto Shields","Tempest","Leap"],"picked":"SKIP","floor":40.0},{"not_picked":["Sunder","Stack","Rebound"],"picked":"SKIP","floor":42.0},{"not_picked":["Melter","Defragment","Darkness"],"picked":"SKIP","floor":44.0},{"not_picked":["Redo","Leap","Ball Lightning"],"picked":"SKIP","floor":46.0},{"not_picked":["Sweeping Beam","Electrodynamics"],"picked":"Double Energy","floor":55.0}],"player_experience":2352572,"relics_obtained":[{"floor":6.0,"key":"Bag of Preparation"},{"floor":8.0,"key":"Meat on the Bone"},{"floor":9.0,"key":"Happy Flower"},{"floor":11.0,"key":"Centennial Puzzle"},{"floor":13.0,"key":"Whetstone"},{"floor":24.0,"key":"Prayer Wheel"},{"floor":26.0,"key":"Blood Vial"},{"floor":28.0,"key":"Pen Nib"},{"floor":31.0,"key":"Gremlin Horn"},{"floor":40.0,"key":"Cables"},{"floor":42.0,"key":"Orichalcum"},{"floor":43.0,"key":"Mummified Hand"},{"floor":44.0,"key":"Dodecahedron"},{"floor":46.0,"key":"Boot"},{"floor":55.0,"key":"Lantern"}],"event_choices":[{"damage_healed":23.0,"max_hp_gain":0.0,"max_hp_loss":0.0,"gold_gain":0.0,"event_name":"Big Fish","player_choice":"Banana","floor":3.0,"gold_loss":0.0,"damage_taken":0.0},{"damage_healed":0.0,"max_hp_gain":0.0,"max_hp_loss":0.0,"gold_gain":0.0,"event_name":"Scrap Ooze","player_choice":"Success","floor":12.0,"gold_loss":0.0,"damage_taken":11.0,"relics_obtained":["Smiling Mask"]},{"damage_healed":0.0,"max_hp_gain":0.0,"max_hp_loss":0.0,"gold_gain":0.0,"event_name":"Accursed Blacksmith","player_choice":"Rummage","floor":14.0,"gold_loss":0.0,"damage_taken":0.0,"relics_obtained":["WarpedTongs"],"cards_obtained":["Pain"]},{"cards_removed":["Strike_B"],"damage_healed":0.0,"max_hp_gain":0.0,"max_hp_loss":0.0,"gold_gain":0.0,"event_name":"Purifier","player_choice":"Purged","floor":20.0,"gold_loss":0.0,"damage_taken":0.0},{"damage_healed":0.0,"max_hp_gain":0.0,"max_hp_loss":0.0,"gold_gain":50.0,"event_name":"Golden Shrine","player_choice":"Pray","floor":30.0,"gold_loss":0.0,"damage_taken":0.0},{"cards_removed":["Strike_B"],"damage_healed":0.0,"max_hp_gain":0.0,"max_hp_loss":0.0,"gold_gain":0.0,"event_name":"Falling","player_choice":"Removed Attack","floor":48.0,"gold_loss":0.0,"damage_taken":0.0}],"is_beta":false,"boss_relics":[{"not_picked":["Snecko Eye","Velvet Choker"],"picked":"Coffee Dripper"},{"not_picked":["Busted Crown","Tiny House"],"picked":"Empty Cage"}],"items_purged_floors":[19,36,54],"is_endless":false,"potions_floor_spawned":[4,5,6,8,11,22,24,31,38,44],"ascension_level":20}