{"gold_per_floor":[110,122,197,197,162,162,177,177,201,201,232,251,251,251,251,322,322,335,335,0,20,0,0,0,16,92,92,92,5,21,39,39,39],"floor_reached":33,"playtime":1038,"items_purged":[],"score":474,"play_id":"fe59f8b5-30f7-4053-9928-d8a9736ea3f0","local_time":"20190506191451","is_ascension_mode":true,"campfire_choices":[{"data":"Body Slam","floor":6.0,"key":"SMITH"},{"data":"Body Slam","floor":8.0,"key":"SMITH"},{"data":"Bash","floor":10.0,"key":"SMITH"},{"floor":13.0,"key":"REST"},{"floor":15.0,"key":"REST"},{"data":"Limit Break","floor":27,"key":"SMITH"},{"floor":32,"key":"REST"}],"neow_cost":"NONE","seed_source_timestamp":0,"circlet_count":0,"master_deck":["AscendersBane","Strike_R","Strike_R","Strike_R","Defend_R","Defend_R","Defend_R","Defend_R","Bash+1","Body Slam+1","Body Slam+1","Shrug It Off","Flame Barrier","Inflame","Limit Break+1","Ghostly Armor","Cleave","Shockwave","Headbutt","True Grit","Ghostly Armor"],"special_seed":0,"relics":["Burning Blood","Orichalcum","Blood Vial","StoneCalendar","Mark of Pain","Shuriken","Pantograph"],"potions_floor_usage":[21,25,25,31,33],"damage_taken":[{"damage":7.0,"enemies":"Small Slimes","floor":1.0,"turns":4.0},{"damage":10.0,"enemies":"2 Louse","floor":2.0,"turns":3.0},{"damage":6.0,"enemies":"Jaw Worm","floor":7.0,"turns":2.0},{"damage":27.0,"enemies":"Lagavulin","floor":11.0,"turns":6.0},{"damage":29.0,"enemies":"Exordium Thugs","floor":12.0,"turns":7.0},{"damage":30.0,"enemies":"Slime Boss","floor":16.0,"turns":10.0},{"damage":1.0,"enemies":"3 Byrds","floor":18.0,"turns":2.0},{"damage":17,"enemies":"Shell Parasite","floor":21,"turns":4},{"damage":0,"enemies":"Centurion and Healer","floor":25,"turns":7},{"damage":28,"enemies":"Shelled Parasite and Fungi","floor":30,"turns":5},{"damage":32,"enemies":"Snake Plant","floor":31,"turns":4},{"damage":82,"enemies":"Collector","floor":33,"turns":6}],"seed_played":"-7489612646714433711","potions_obtained":[{"floor":2.0,"key":"EssenceOfSteel"},{"floor":7.0,"key":"AttackPotion"},{"floor":16.0,"key":"Energy Potion"},{"floor":18.0,"key":"Strength Potion"},{"floor":24,"key":"Swift Potion"},{"floor":24,"key":"Weak Potion"},{"floor":30,"key":"SkillPotion"},{"floor":31,"key":"PowerPotion"}],"is_trial":false,"path_per_floor":["M","M","?","?","?","R","M","R","T","R","E","M","R","?","R","B",null,"M","?","$","M","?","$","?","M","T","R","?","$","M","M","R","B"],"character_chosen":"IRONCLAD","items_purchased":["Shuriken","Cleave","Headbutt","True Grit"],"campfire_rested":3,"item_purchase_floors":[20,20,29,29],"current_hp_per_floor":[67,63,52,41,59,59,59,59,59,59,40,19,41,34,56,34,65,72,72,72,63,63,63,63,71,71,71,60,60,40,16,38,0],"gold":39,"neow_bonus":"REMOVE_CARD","is_prod":false,"is_daily":false,"chose_seed":false,"campfire_upgraded":4,"win_rate":0,"timestamp":1557159291,"path_taken":["M","M","?","?","?","R","M","R","T","R","E","M","R","?","R","BOSS","M","?","?","M","?","?","?","?","T","R","?","$","M","M","R","BOSS"],"build_version":"2019-01-23","purchased_purges":0,"victory":false,"max_hp_per_floor":[75,75,75,75,75,75,75,75,75,75,75,75,75,75,75,75,75,75,75,75,75,75,75,75,75,75,75,75,75,75,75,75,75],"card_choices":[{"not_picked":["Warcry","Burning Pact"],"picked":"Body Slam","floor":1.0},{"not_picked":["Armaments","Reckless Charge"],"picked":"Body Slam","floor":2.0},{"not_picked":["True Grit","Dual Wield"],"picked":"Shrug It Off","floor":7.0},{"not_picked":["Flex","Power Through"],"picked":"Flame Barrier","floor":11.0},{"not_picked":["Thunderclap","Body Slam"],"picked":"Inflame","floor":12.0},{"not_picked":["Exhume","Dark Embrace"],"picked":"Limit Break","floor":16.0},{"not_picked":["Body Slam+1","Sword Boomerang"],"picked":"Ghostly Armor","floor":18.0},{"not_picked":["Anger","Warcry","Thunderclap"],"picked":"SKIP","floor":21},{"not_picked":["Thunderclap+1","True Grit"],"picked":"Shockwave","floor":25},{"not_picked":["Armaments","Clash"],"picked":"Ghostly Armor","floor":30},{"not_picked":["Blood for Blood","Wild Strike","Twin Strike"],"picked":"SKIP","floor":31}],"player_experience":381630,"relics_obtained":[{"floor":9.0,"key":"Blood Vial"},{"floor":11.0,"key":"StoneCalendar"},{"floor":26,"key":"Pantograph"}],"event_choices":[{"damage_healed":0.0,"max_hp_gain":0.0,"max_hp_loss":0.0,"gold_gain":75.0,"event_name":"World of Goop","player_choice":"Gather Gold","floor":3.0,"gold_loss":0.0,"damage_taken":11.0},{"damage_healed":0.0,"max_hp_gain":0.0,"max_hp_loss":0.0,"gold_gain":0.0,"event_name":"Scrap Ooze","player_choice":"Success","floor":4.0,"gold_loss":0.0,"damage_taken":11.0,"relics_obtained":["Orichalcum"]},{"damage_healed":18.0,"max_hp_gain":0.0,"max_hp_loss":0.0,"gold_gain":0.0,"event_name":"The Cleric","player_choice":"Healed","floor":5.0,"gold_loss":35.0,"damage_taken":0.0},{"cards_removed":["Strike_R"],"damage_healed":0.0,"max_hp_gain":0.0,"max_hp_loss":0.0,"gold_gain":0.0,"event_name":"Golden Wing","player_choice":"Card Removal","floor":14.0,"gold_loss":0.0,"damage_taken":7.0},{"damage_healed":0,"gold_gain":0,"player_choice":"Ignored","damage_taken":0,"max_hp_gain":0,"max_hp_loss":0,"event_name":"The Mausoleum","floor":19,"gold_loss":0},{"damage_healed":0,"gold_gain":0,"player_choice":"Paid Fearfully","damage_taken":0,"max_hp_gain":0,"max_hp_loss":0,"event_name":"Masked Bandits","floor":22,"gold_loss":20},{"damage_healed":0,"gold_gain":0,"player_choice":"Got Potions","damage_taken":0,"max_hp_gain":0,"max_hp_loss":0,"event_name":"Lab","floor":24,"gold_loss":0},{"damage_healed":0,"gold_gain":0,"player_choice":"Damaged","damage_taken":11,"max_hp_gain":0,"max_hp_loss":0,"event_name":"Wheel of Change","floor":28,"gold_loss":0}],"is_beta":false,"boss_relics":[{"not_picked":["Empty Cage","Ectoplasm"],"picked":"Mark of Pain"}],"items_purged_floors":[],"is_endless":false,"potions_floor_spawned":[2,7,16,18,30,31],"killed_by":"Collector","ascension_level":19}