{"gold_per_floor":[111,128,428,443,393,424,424,381,381,351,351,379,395,96,126,223,223,240,240,251,166,166,166,196,213,213,213,231,263,63,63,63,162,162,173,188,188,188],"floor_reached":38,"playtime":1846,"items_purged":[],"score":569,"play_id":"03facf22-f867-487e-b579-80bd05a6beaf","local_time":"25611109233343","is_ascension_mode":true,"campfire_choices":[{"floor":7,"key":"DIG"},{"floor":15,"key":"DIG"},{"data":"Consume","floor":23,"key":"SMITH"},{"floor":27,"key":"DIG"},{"floor":32,"key":"REST"}],"neow_cost":"NONE","seed_source_timestamp":28408192360905,"circlet_count":0,"master_deck":["Zap","Dualcast","Turbo","Streamline+1","Gash","Conserve Battery","Blizzard+1","Force Field","Heatsinks","Leap","Auto Shields","Consume+1","Go for the Eyes","Coolheaded","Chill","Reboot","Defragment","Sunder","Buffer","Skim+1","Defragment","Cold Snap+1","Hologram+1","Fusion+1","Hyperbeam+1","Cold Snap+1"],"relics":["Pandora\u0027s Box","Old Coin","Shovel","StoneCalendar","Pocketwatch","Pen Nib","Strawberry","Tiny Chest","Inserter","Sundial","Pantograph","Lantern","Dodecahedron","Oddly Smooth Stone","Singing Bowl","Whetstone","Meat on the Bone","Black Star"],"potions_floor_usage":[6,16,16,29,33,33,38],"damage_taken":[{"damage":9,"enemies":"Cultist","floor":1,"turns":4},{"damage":3,"enemies":"Jaw Worm","floor":2,"turns":5},{"damage":7,"enemies":"2 Louse","floor":4,"turns":3},{"damage":3,"enemies":"Lagavulin","floor":6,"turns":7},{"damage":2,"enemies":"Looter","floor":10,"turns":4},{"damage":18,"enemies":"3 Sentries","floor":12,"turns":7},{"damage":0,"enemies":"2 Fungi Beasts","floor":13,"turns":4},{"damage":8,"enemies":"Hexaghost","floor":16,"turns":7},{"damage":6,"enemies":"Shell Parasite","floor":18,"turns":7},{"damage":0,"enemies":"Chosen","floor":20,"turns":7},{"damage":10,"enemies":"Gremlin Leader","floor":24,"turns":7},{"damage":2,"enemies":"Snake Plant","floor":25,"turns":6},{"damage":0,"enemies":"3 Cultists","floor":28,"turns":6},{"damage":0,"enemies":"Book of Stabbing","floor":29,"turns":7},{"damage":0,"enemies":"Automaton","floor":33,"turns":11},{"damage":12,"enemies":"Orb Walker","floor":35,"turns":5},{"damage":17,"enemies":"3 Shapes","floor":36,"turns":4},{"damage":64,"enemies":"Writhing Mass","floor":38,"turns":5}],"seed_played":"8335054201111337876","potions_obtained":[{"floor":1,"key":"PowerPotion"},{"floor":12,"key":"FearPotion"},{"floor":13,"key":"AttackPotion"},{"floor":16,"key":"Poison Potion"},{"floor":25,"key":"SteroidPotion"},{"floor":28,"key":"FearPotion"},{"floor":29,"key":"Ancient Potion"}],"is_trial":false,"path_per_floor":["M","M","?","M","?","E","R","?","T","M","?","E","M","$","R","B",null,"M","T","M","?","?","R","E","M","T","R","M","E","$","T","R","B",null,"M","M","?","M"],"character_chosen":"DEFECT","items_purchased":["Defragment","Strawberry","Sunder","Whetstone","PowerPotion"],"campfire_rested":1,"item_purchase_floors":[14,14,14,30,30],"current_hp_per_floor":[66,63,63,56,56,53,53,53,53,51,51,33,33,40,40,32,82,76,76,76,76,76,76,66,64,64,64,64,66,66,66,84,84,84,74,57,57,0],"gold":188,"neow_bonus":"BOSS_RELIC","is_prod":false,"is_daily":false,"chose_seed":false,"campfire_upgraded":1,"win_rate":0,"timestamp":1541781223,"path_taken":["M","?","?","M","?","E","R","?","T","M","?","E","M","$","R","BOSS","M","?","M","?","?","R","E","M","T","R","M","E","$","?","R","BOSS","M","M","?","M"],"build_version":"2018-11-08","purchased_purges":0,"victory":false,"max_hp_per_floor":[75,75,75,75,75,75,75,75,75,75,75,75,75,82,82,82,82,82,82,82,82,82,82,82,82,82,82,82,84,84,84,84,84,84,86,86,86,86],"card_choices":[{"not_picked":["Doom and Gloom","Steam Power"],"picked":"Leap","floor":1},{"not_picked":["Hologram","Stack","Gash"],"picked":"SKIP","floor":2},{"not_picked":["Capacitor","Ball Lightning"],"picked":"Auto Shields","floor":4},{"not_picked":["Lockon","Hologram"],"picked":"Consume","floor":6},{"not_picked":["Leap","Coolheaded"],"picked":"Go for the Eyes","floor":10},{"not_picked":["Leap","Barrage"],"picked":"Chill","floor":12},{"not_picked":["Genetic Algorithm","Steam"],"picked":"Reboot","floor":13},{"not_picked":["Multi-Cast","Core Surge"],"picked":"Buffer","floor":16},{"not_picked":["Compile Driver","Sweeping Beam+1"],"picked":"Skim+1","floor":18},{"not_picked":["Hello World+1","Blizzard"],"picked":"Defragment","floor":20},{"not_picked":["Reprogram","Redo"],"picked":"Cold Snap+1","floor":24},{"not_picked":["Capacitor","Ball Lightning"],"picked":"Hologram+1","floor":25},{"not_picked":["Tempest","Double Energy"],"picked":"Fusion+1","floor":28},{"not_picked":["Leap","Doom and Gloom+1","Steam Power"],"picked":"Singing Bowl","floor":29},{"not_picked":["Biased Cognition","Reboot"],"picked":"Hyperbeam","floor":33},{"not_picked":["Hologram","Compile Driver","Force Field+1"],"picked":"Singing Bowl","floor":35},{"not_picked":["Reinforced Body","Melter"],"picked":"Cold Snap+1","floor":36}],"player_experience":93106,"relics_obtained":[{"floor":6,"key":"Shovel"},{"floor":7,"key":"StoneCalendar"},{"floor":9,"key":"Pocketwatch"},{"floor":12,"key":"Pen Nib"},{"floor":15,"key":"Tiny Chest"},{"floor":19,"key":"Sundial"},{"floor":24,"key":"Lantern"},{"floor":26,"key":"Dodecahedron"},{"floor":27,"key":"Oddly Smooth Stone"},{"floor":29,"key":"Singing Bowl"},{"floor":31,"key":"Meat on the Bone"}],"event_choices":[{"damage_healed":0,"gold_gain":0,"player_choice":"Box","damage_taken":0,"relics_obtained":["Old Coin"],"max_hp_gain":0,"max_hp_loss":0,"event_name":"Big Fish","floor":3,"gold_loss":0,"cards_obtained":["Regret"]},{"cards_removed":["Regret"],"damage_healed":0,"gold_gain":0,"player_choice":"Card Removal","damage_taken":0,"max_hp_gain":0,"max_hp_loss":0,"event_name":"The Cleric","floor":5,"gold_loss":50},{"damage_healed":0,"gold_gain":0,"player_choice":"Left Gold","damage_taken":0,"max_hp_gain":0,"max_hp_loss":0,"event_name":"World of Goop","floor":8,"gold_loss":43},{"damage_healed":0,"gold_gain":0,"cards_transformed":["Aggregate"],"player_choice":"Transformed","damage_taken":0,"max_hp_gain":0,"max_hp_loss":0,"event_name":"Transmorgrifier","floor":11,"gold_loss":0,"cards_obtained":["Coolheaded"]},{"damage_healed":0,"gold_gain":0,"player_choice":"Obtained Relic","damage_taken":0,"relics_obtained":["Pantograph"],"max_hp_gain":0,"max_hp_loss":0,"event_name":"Addict","floor":21,"gold_loss":85},{"damage_healed":0,"gold_gain":0,"player_choice":"Ignored","damage_taken":0,"max_hp_gain":0,"max_hp_loss":0,"event_name":"Vampires","floor":22,"gold_loss":0},{"damage_healed":0,"gold_gain":0,"player_choice":"Forge","damage_taken":0,"max_hp_gain":0,"max_hp_loss":0,"event_name":"Accursed Blacksmith","floor":37,"gold_loss":0,"cards_upgraded":["Hyperbeam"]}],"is_beta":false,"boss_relics":[{"not_picked":["Orrery","Cursed Key"],"picked":"Inserter"},{"not_picked":["Runic Pyramid","Fusion Hammer"],"picked":"Black Star"}],"items_purged_floors":[],"is_endless":false,"potions_floor_spawned":[1,12,13,16,25,28,29],"killed_by":"Writhing Mass","ascension_level":3}