{"gold_per_floor":[109,184,204,222,238,238,254,254,254,273,292,292,292,3,3,81,81,96,96,66,83,83,83,83,101,101,118,130,0,0,0],"floor_reached":31,"playtime":1076,"items_purged":[],"score":461,"play_id":"c4293f30-16f7-445b-b2a9-ba0e4c9308ef","local_time":"20180906123738","is_ascension_mode":true,"campfire_choices":[{"data":"Storm of Steel","floor":6.0,"key":"SMITH"},{"data":"Dash","floor":12.0,"key":"SMITH"},{"data":"Neutralize","floor":15.0,"key":"SMITH"},{"floor":23.0,"key":"REST"},{"floor":30,"key":"REST"}],"neow_cost":"TEN_PERCENT_HP_LOSS","seed_source_timestamp":6911603127876,"circlet_count":0,"master_deck":["Defend_G","Defend_G","Defend_G","Defend_G","Defend_G","Strike_G","Strike_G","Strike_G","Strike_G","Strike_G","Survivor","Neutralize+1","AscendersBane","Storm of Steel+1","Dagger Spray","Deflect","Leg Sweep","Accuracy","Dash+1","Corpse Explosion","Prepared","Infinite Blades+1","Finisher","Dagger Throw+1","Endless Agony"],"special_seed":0,"relics":["Ring of the Snake","Orichalcum","Paper Crane","WristBlade","Smiling Mask"],"potions_floor_usage":[24,25,27,28,31],"damage_taken":[{"damage":6.0,"enemies":"Jaw Worm","floor":1.0,"turns":5.0},{"damage":1.0,"enemies":"Small Slimes","floor":3.0,"turns":4.0},{"damage":1.0,"enemies":"Cultist","floor":4.0,"turns":4.0},{"damage":0.0,"enemies":"2 Fungi Beasts","floor":5.0,"turns":2.0},{"damage":4.0,"enemies":"Exordium Thugs","floor":7.0,"turns":2.0},{"damage":3.0,"enemies":"Looter","floor":10.0,"turns":4.0},{"damage":10.0,"enemies":"2 Fungi Beasts","floor":11.0,"turns":3.0},{"damage":33.0,"enemies":"Hexaghost","floor":16.0,"turns":16.0},{"damage":17.0,"enemies":"Spheric Guardian","floor":18.0,"turns":7.0},{"damage":3.0,"enemies":"3 Byrds","floor":21.0,"turns":2.0},{"damage":0,"enemies":"Gremlin Leader","floor":24,"turns":1},{"damage":21,"enemies":"Sentry and Sphere","floor":25,"turns":4},{"damage":12,"enemies":"Snake Plant","floor":27,"turns":4},{"damage":8,"enemies":"Shelled Parasite and Fungi","floor":28,"turns":7},{"damage":24,"enemies":"Sentry and Sphere","floor":31,"turns":5}],"seed_played":"6848647580444442365","potions_obtained":[{"floor":1.0,"key":"Regen Potion"},{"floor":5.0,"key":"AttackPotion"},{"floor":8.0,"key":"Explosive Potion"},{"floor":16.0,"key":"Ancient Potion"},{"floor":20.0,"key":"EntropicBrew"},{"floor":20.0,"key":"EntropicBrew"},{"floor":21.0,"key":"SmokeBomb"},{"floor":27,"key":"AttackPotion"},{"floor":28,"key":"Explosive Potion"}],"is_trial":false,"path_per_floor":["M","?","M","M","M","R","M","?","T","M","M","R","?","$","R","B",null,"M","?","?","M","?","R","E","M","T","M","M","?","R"],"character_chosen":"THE_SILENT","items_purchased":["Paper Crane"],"campfire_rested":2,"item_purchase_floors":[14],"current_hp_per_floor":[53,42,41,40,40,40,36,36,36,33,23,23,23,23,23,5,46,29,29,29,26,26,44,44,23,23,11,3,3,21,0],"gold":0,"neow_bonus":"THREE_RARE_CARDS","is_prod":false,"is_daily":false,"chose_seed":false,"campfire_upgraded":3,"win_rate":0,"timestamp":1536262658,"path_taken":["M","?","M","?","M","R","M","?","T","M","M","R","?","$","R","BOSS","M","?","?","M","?","R","E","M","T","?","M","?","R","M"],"build_version":"2018-08-30","purchased_purges":0,"victory":false,"max_hp_per_floor":[60,60,60,60,60,60,60,60,60,60,60,60,60,60,60,60,60,60,60,60,60,60,60,60,60,60,60,60,60,60,60],"card_choices":[{"not_picked":["Venomology","Grand Finale"],"picked":"Storm of Steel","floor":0.0},{"not_picked":["Eviscerate","Bane"],"picked":"Dagger Spray","floor":1.0},{"not_picked":["Acrobatics","Bane"],"picked":"Deflect","floor":3.0},{"not_picked":["Bane","Slice","Night Terror"],"picked":"SKIP","floor":4.0},{"not_picked":["Backflip","Quick Slash"],"picked":"Leg Sweep","floor":5.0},{"not_picked":["Sucker Punch","Flying Knee"],"picked":"Accuracy","floor":7.0},{"not_picked":["Leg Sweep","Catalyst","Tactician"],"picked":"SKIP","floor":10.0},{"not_picked":["Prepared","PiercingWail"],"picked":"Dash","floor":11.0},{"not_picked":["Wraith Form v2","Unload"],"picked":"Corpse Explosion","floor":16.0},{"not_picked":["Caltrops","Eviscerate"],"picked":"Prepared","floor":18.0},{"not_picked":["Underhanded Strike+1","Acrobatics"],"picked":"Infinite Blades","floor":21.0},{"not_picked":["Acrobatics+1","Poisoned Stab"],"picked":"Finisher","floor":25},{"not_picked":["Concentrate","Setup"],"picked":"Dagger Throw+1","floor":27},{"not_picked":["Backflip","Riddle With Holes"],"picked":"Endless Agony","floor":28}],"player_experience":1077841,"relics_obtained":[{"floor":9.0,"key":"Orichalcum"},{"floor":26,"key":"Smiling Mask"}],"event_choices":[{"event_name":"World of Goop","player_choice":"Gather Gold","floor":2.0,"damage_taken":0.0},{"event_name":"The Lab","player_choice":"Got Potions","floor":8.0,"damage_taken":0.0},{"event_name":"Scrap Ooze","player_choice":"unsuccessful","floor":13.0,"damage_taken":0.0},{"event_name":"Cursed Tome","player_choice":"Ignored","floor":19.0,"damage_taken":0.0},{"event_name":"The Woman in Blue","player_choice":"Bought 2 Potions","floor":20.0,"damage_taken":0.0},{"event_name":"Upgrade Shrine","player_choice":"Upgraded","floor":22.0,"damage_taken":0.0},{"event_name":"Masked Bandits","player_choice":"Paid Fearfully","floor":29,"damage_taken":0}],"is_beta":false,"boss_relics":[{"not_picked":["Runic Dome","Pandora\u0027s Box"],"picked":"WristBlade"}],"items_purged_floors":[],"is_endless":false,"potions_floor_spawned":[1,5,16,21,27,28],"killed_by":"Sentry and Sphere","ascension_level":17}