{"gold_per_floor":[115,129,148,159,48,74,74,109,109,109,121,150,167,92,92,166,166,182,202,102,116,116,116,135,135,135,111,144,144,170,96,96,174,174,185,196,296,296,148,148,148,174,174,174,188,188,10,40,40,40],"floor_reached":51,"playtime":2322,"items_purged":["Strike_R","Strike_R","Berserk"],"score":1303,"play_id":"8cefe785-873e-449d-a287-e5d9f3c5e626","local_time":"20190116203632","is_ascension_mode":true,"campfire_choices":[{"data":"Uppercut","floor":7.0,"key":"SMITH"},{"data":"Uppercut","floor":10.0,"key":"SMITH"},{"data":"Flame Barrier","floor":15.0,"key":"SMITH"},{"floor":23.0,"key":"REST"},{"floor":25.0,"key":"REST"},{"data":"Limit Break","floor":29.0,"key":"SMITH"},{"floor":32.0,"key":"REST"},{"floor":40.0,"key":"REST"},{"floor":46,"key":"REST"},{"data":"Disarm","floor":49,"key":"SMITH"}],"neow_cost":"NONE","seed_source_timestamp":45648086618037,"circlet_count":0,"master_deck":["AscendersBane","Bash","Twin Strike","Uppercut+1","Shrug It Off","Iron Wave","Uppercut+1","Shockwave","Shrug It Off","Flame Barrier+1","Spot Weakness","Limit Break+1","Armaments","Shrug It Off","Battle Trance","Body Slam+1","Havoc","True Grit+1","Whirlwind","Inflame","Double Tap","Pommel Strike","Seeing Red","Perfected Strike","Pummel","True Grit+1","Corruption","Disarm","Ghostly Armor+1","Sword Boomerang","Disarm+1"],"special_seed":0,"relics":["Burning Blood","Ancient Tea Set","Peace Pipe","Regal Pillow","Vajra","Question Card","Sozu","Mercury Hourglass","Juzu Bracelet","Red Mask","Pandora\u0027s Box","Magic Flower","Oddly Smooth Stone","Letter Opener","Pear","Pen Nib"],"potions_floor_usage":[],"damage_taken":[{"damage":1.0,"enemies":"Cultist","floor":1.0,"turns":3.0},{"damage":11.0,"enemies":"Jaw Worm","floor":2.0,"turns":4.0},{"damage":2.0,"enemies":"2 Louse","floor":3.0,"turns":3.0},{"damage":10.0,"enemies":"2 Fungi Beasts","floor":4.0,"turns":3.0},{"damage":16.0,"enemies":"Gremlin Nob","floor":6.0,"turns":3.0},{"damage":31.0,"enemies":"3 Sentries","floor":8.0,"turns":10.0},{"damage":0.0,"enemies":"Looter","floor":11.0,"turns":2.0},{"damage":12.0,"enemies":"Gremlin Nob","floor":12.0,"turns":4.0},{"damage":10.0,"enemies":"Large Slime","floor":13.0,"turns":6.0},{"damage":15.0,"enemies":"Hexaghost","floor":16.0,"turns":9.0},{"damage":15.0,"enemies":"3 Byrds","floor":18.0,"turns":4.0},{"damage":7.0,"enemies":"Spheric Guardian","floor":19.0,"turns":4.0},{"damage":39.0,"enemies":"Shelled Parasite and Fungi","floor":21.0,"turns":9.0},{"damage":17.0,"enemies":"Colosseum Slavers","floor":22.0,"turns":5.0},{"damage":28.0,"enemies":"Sentry and Sphere","floor":24.0,"turns":7.0},{"damage":12.0,"enemies":"Book of Stabbing","floor":28.0,"turns":4.0},{"damage":5.0,"enemies":"Masked Bandits","floor":30.0,"turns":5.0},{"damage":71.0,"enemies":"Automaton","floor":33.0,"turns":10.0},{"damage":40.0,"enemies":"3 Darklings","floor":35.0,"turns":7.0},{"damage":12.0,"enemies":"3 Shapes","floor":36.0,"turns":6.0},{"damage":0.0,"enemies":"Mind Bloom Boss Battle","floor":37.0,"turns":6.0},{"damage":24,"enemies":"Reptomancer","floor":42,"turns":6},{"damage":22,"enemies":"Spire Growth","floor":45,"turns":5},{"damage":0,"enemies":"Nemesis","floor":48,"turns":7},{"damage":27,"enemies":"Awakened One","floor":50,"turns":11}],"seed_played":"2140942680291870314","potions_obtained":[{"floor":4.0,"key":"Fire Potion"},{"floor":6.0,"key":"Swift Potion"},{"floor":11.0,"key":"Regen Potion"}],"is_trial":false,"path_per_floor":["M","M","M","M","$","E","R","E","T","R","M","E","M","?","R","B",null,"M","M","$","M","?","R","M","R","T","$","E","R","?","$","R","B",null,"M","M","?","?","$","R","?","E","T","?","M","R","$","E","R","B",null],"character_chosen":"IRONCLAD","items_purchased":["Uppercut","Havoc","Inflame","Oddly Smooth Stone","Sword Boomerang"],"campfire_rested":5,"item_purchase_floors":[5,27,31,39,47],"current_hp_per_floor":[73,68,72,68,68,58,58,33,33,33,39,33,29,29,29,35,65,56,55,55,22,11,48,26,63,63,63,57,57,58,58,75,10,59,25,19,25,25,25,62,62,47,57,57,44,84,84,85,85,67],"gold":40,"neow_bonus":"RANDOM_COMMON_RELIC","is_prod":false,"is_daily":false,"chose_seed":false,"campfire_upgraded":5,"win_rate":0,"timestamp":1547699792,"path_taken":["M","M","M","?","$","E","R","E","T","R","M","E","M","?","R","BOSS","M","M","$","M","?","R","M","R","T","$","E","R","?","$","R","BOSS","M","M","?","?","$","R","?","E","T","?","M","R","?","E","R","BOSS"],"build_version":"2019-01-10","purchased_purges":3,"victory":true,"max_hp_per_floor":[75,75,75,75,75,75,75,75,75,75,75,75,75,75,75,75,75,75,75,75,75,75,75,75,75,75,75,75,75,75,75,75,75,75,75,75,75,75,75,75,75,75,85,85,85,85,85,85,85,85],"card_choices":[{"not_picked":["True Grit","Shrug It Off"],"picked":"Twin Strike","floor":1.0},{"not_picked":["Sword Boomerang","Flex"],"picked":"Uppercut","floor":2.0},{"not_picked":["Sword Boomerang","Headbutt"],"picked":"Shrug It Off","floor":3.0},{"not_picked":["Havoc","Perfected Strike"],"picked":"Iron Wave","floor":4.0},{"not_picked":["Perfected Strike","Flex"],"picked":"Shockwave","floor":6.0},{"not_picked":["Power Through","Barricade"],"picked":"Shrug It Off","floor":8.0},{"not_picked":["Cleave","Dropkick","Rage"],"picked":"SKIP","floor":11.0},{"not_picked":["Limit Break","Battle Trance"],"picked":"Flame Barrier","floor":12.0},{"not_picked":["Shrug It Off","Clothesline","Wild Strike"],"picked":"Spot Weakness","floor":13.0},{"not_picked":["Feed","Bludgeon","Juggernaut"],"picked":"Limit Break","floor":16.0},{"not_picked":["Wild Strike","Blood for Blood","Pommel Strike"],"picked":"Armaments","floor":18.0},{"not_picked":["Thunderclap","Wild Strike+1","Heavy Blade"],"picked":"Shrug It Off","floor":19.0},{"not_picked":["Clothesline","Exhume","Armaments"],"picked":"Battle Trance","floor":21.0},{"not_picked":["Hemokinesis","Sword Boomerang","Clothesline"],"picked":"Body Slam+1","floor":24.0},{"not_picked":["Headbutt","Heavy Blade","Dropkick"],"picked":"True Grit+1","floor":28.0},{"not_picked":["Clothesline","Sever Soul","Armaments"],"picked":"Whirlwind","floor":30.0},{"not_picked":["Bludgeon","Dark Embrace","Limit Break"],"picked":"Double Tap","floor":33.0},{"not_picked":["Havoc+1","Burning Pact","Warcry"],"picked":"True Grit+1","floor":35.0},{"not_picked":["Thunderclap+1","Searing Blow","Rupture"],"picked":"Corruption","floor":36.0},{"not_picked":["Armaments","Seeing Red","Clothesline+1"],"picked":"Disarm","floor":37.0},{"not_picked":["Sever Soul+1","Perfected Strike","Body Slam"],"picked":"Ghostly Armor+1","floor":42},{"not_picked":["Reckless Charge","Rupture","Iron Wave","Hemokinesis"],"picked":"SKIP","floor":45},{"not_picked":["Sever Soul","Rage+1","Body Slam"],"picked":"Disarm","floor":48}],"player_experience":1993105,"relics_obtained":[{"floor":6.0,"key":"Peace Pipe"},{"floor":8.0,"key":"Regal Pillow"},{"floor":9.0,"key":"Vajra"},{"floor":12.0,"key":"Question Card"},{"floor":26.0,"key":"Mercury Hourglass"},{"floor":28.0,"key":"Juzu Bracelet"},{"floor":30.0,"key":"Red Mask"},{"floor":37.0,"key":"Magic Flower"},{"floor":42,"key":"Letter Opener"},{"floor":43,"key":"Pear"},{"floor":48,"key":"Pen Nib"}],"event_choices":[{"cards_removed":["Strike_R"],"damage_healed":0.0,"max_hp_gain":0.0,"max_hp_loss":0.0,"gold_gain":0.0,"event_name":"The Cleric","player_choice":"Card Removal","floor":14.0,"gold_loss":75.0,"damage_taken":0.0},{"damage_healed":0.0,"max_hp_gain":0.0,"max_hp_loss":0.0,"gold_gain":0.0,"event_name":"Colosseum","player_choice":"Fight","floor":22.0,"gold_loss":0.0,"damage_taken":0.0},{"damage_healed":0.0,"max_hp_gain":0.0,"max_hp_loss":0.0,"gold_gain":0.0,"event_name":"Colosseum","player_choice":"Fled From Nobs","floor":22.0,"gold_loss":0.0,"damage_taken":0.0},{"damage_healed":0.0,"max_hp_gain":0.0,"max_hp_loss":0.0,"gold_gain":0.0,"event_name":"Masked Bandits","player_choice":"Fought Bandits","floor":30.0,"gold_loss":0.0,"damage_taken":0.0},{"damage_healed":0.0,"max_hp_gain":0.0,"max_hp_loss":0.0,"gold_gain":0.0,"event_name":"MindBloom","player_choice":"Fight","floor":37.0,"gold_loss":0.0,"damage_taken":0.0},{"damage_healed":0.0,"max_hp_gain":0.0,"max_hp_loss":0.0,"gold_gain":0.0,"event_name":"Mysterious Sphere","player_choice":"Ignored","floor":38.0,"gold_loss":0.0,"damage_taken":0.0},{"damage_healed":0.0,"max_hp_gain":0.0,"max_hp_loss":0.0,"gold_gain":0.0,"event_name":"SensoryStone","player_choice":"Memory 1","floor":41.0,"gold_loss":0.0,"damage_taken":0.0},{"cards_removed":["Brutality"],"damage_healed":0,"gold_gain":0,"player_choice":"Removed Power","damage_taken":0,"max_hp_gain":0,"max_hp_loss":0,"event_name":"Falling","floor":44,"gold_loss":0}],"is_beta":false,"boss_relics":[{"not_picked":["Lizard Tail","Eternal Feather"],"picked":"Sozu"},{"not_picked":["Runic Cube","Coffee Dripper"],"picked":"Pandora\u0027s Box"}],"items_purged_floors":[5,20,47],"is_endless":false,"potions_floor_spawned":[4,6,11,12,21,24,28,33,35,36,42],"ascension_level":15}