{"gold_per_floor":[119,139,155,166,10,36,53,53,53,88,38,67,86,86],"floor_reached":14,"playtime":629,"items_purged":[],"score":123,"play_id":"b9f583a0-3d6a-402a-86da-24f8a8407d56","local_time":"20190326204408","is_ascension_mode":true,"campfire_choices":[],"neow_cost":"NONE","seed_source_timestamp":994551247888800,"circlet_count":0,"master_deck":["Strike_R","Strike_R","Strike_R","Strike_R","Defend_R","Defend_R","Defend_R","Defend_R","Bash","Headbutt","Spot Weakness","Cleave","Heavy Blade","Headbutt","Inflame","Seeing Red"],"relics":["Burning Blood","Omamori","Mercury Hourglass","Bottled Flame","Pantograph","Paper Frog"],"potions_floor_usage":[6,10,12,14],"damage_taken":[{"damage":4,"enemies":"2 Louse","floor":1,"turns":3},{"damage":0,"enemies":"Small Slimes","floor":2,"turns":3},{"damage":8,"enemies":"Jaw Worm","floor":3,"turns":4},{"damage":17,"enemies":"Large Slime","floor":4,"turns":5},{"damage":29,"enemies":"Gremlin Nob","floor":6,"turns":4},{"damage":8,"enemies":"Red Slaver","floor":7,"turns":4},{"damage":36,"enemies":"Lagavulin","floor":10,"turns":6},{"damage":18,"enemies":"3 Sentries","floor":12,"turns":3},{"damage":7,"enemies":"2 Fungi Beasts","floor":13,"turns":3},{"damage":10,"enemies":"Gremlin Nob","floor":14,"turns":2}],"seed_played":"7081436795407027143","potions_obtained":[{"floor":3,"key":"LiquidBronze"},{"floor":7,"key":"LiquidBronze"},{"floor":10,"key":"SteroidPotion"},{"floor":13,"key":"Swift Potion"}],"is_trial":false,"path_per_floor":["M","M","M","M","$","E","M","?","T","E","?","E","M","E"],"character_chosen":"IRONCLAD","items_purchased":["Omamori"],"campfire_rested":0,"item_purchase_floors":[5],"current_hp_per_floor":[88,88,86,75,75,52,50,50,50,20,20,8,7,0],"gold":86,"neow_bonus":"TEN_PERCENT_HP_BONUS","is_prod":false,"is_daily":false,"chose_seed":false,"campfire_upgraded":0,"win_rate":0,"timestamp":1553625848,"path_taken":["M","M","M","M","$","E","M","?","T","E","?","E","M","E"],"build_version":"2019-01-23","purchased_purges":0,"victory":false,"max_hp_per_floor":[88,88,88,88,88,88,88,88,88,88,88,88,88,88],"card_choices":[{"not_picked":["Perfected Strike","Evolve"],"picked":"Headbutt","floor":1},{"not_picked":["Iron Wave","Wild Strike"],"picked":"Spot Weakness","floor":2},{"not_picked":["Body Slam","Iron Wave"],"picked":"Cleave","floor":3},{"not_picked":["Body Slam","Juggernaut","Infernal Blade"],"picked":"SKIP","floor":4},{"not_picked":["Uppercut","True Grit","Sword Boomerang"],"picked":"SKIP","floor":6},{"not_picked":["Perfected Strike","Rupture"],"picked":"Heavy Blade","floor":7},{"not_picked":["Sever Soul","Flame Barrier"],"picked":"Headbutt","floor":10},{"not_picked":["Sever Soul","True Grit"],"picked":"Inflame","floor":12},{"not_picked":["Combust","Whirlwind"],"picked":"Seeing Red","floor":13}],"player_experience":106321,"relics_obtained":[{"floor":6,"key":"Mercury Hourglass"},{"floor":9,"key":"Bottled Flame"},{"floor":10,"key":"Pantograph"},{"floor":12,"key":"Paper Frog"}],"event_choices":[{"damage_healed":0,"gold_gain":0,"player_choice":"Ignored","damage_taken":0,"max_hp_gain":0,"max_hp_loss":0,"event_name":"Liars Game","floor":8,"gold_loss":0},{"cards_removed":["Strike_R"],"damage_healed":0,"gold_gain":0,"player_choice":"Card Removal","damage_taken":0,"max_hp_gain":0,"max_hp_loss":0,"event_name":"The Cleric","floor":11,"gold_loss":50}],"is_beta":false,"boss_relics":[],"items_purged_floors":[],"is_endless":false,"potions_floor_spawned":[3,7,10,13],"killed_by":"Gremlin Nob","ascension_level":2}