{"gold_per_floor":[119,119,135,161,1,32,32,70,70,70,70,111,124,163,163,262,262,283,183,202,220,145,145,160,160,160,160,175,196,212,253,253,348,348,366,241,241,1240,292,333,357,397,445,445,486,507,525,254,254,254,254,254,254,168,209,209],"floor_reached":57,"playtime":4534,"items_purged":["Strike_B","Strike_B","Zap","Normality"],"score":3196,"play_id":"76af1125-3cd2-417a-b909-aeb9fad1579b","local_time":"20190222212507","is_ascension_mode":true,"campfire_choices":[{"data":"Streamline","floor":7.0,"key":"SMITH"},{"floor":11.0,"key":"REST"},{"data":"Defragment","floor":15.0,"key":"SMITH"},{"data":"Creative AI","floor":23.0,"key":"SMITH"},{"data":"Coolheaded","floor":25.0,"key":"SMITH"},{"data":"Dualcast","floor":27.0,"key":"SMITH"},{"data":"Heatsinks","floor":32.0,"key":"SMITH"},{"floor":49.0,"key":"RECALL"},{"data":"Seek","floor":53.0,"key":"SMITH"}],"neow_cost":"NONE","seed_source_timestamp":0,"circlet_count":0,"master_deck":["AscendersBane","Dualcast+1","Chill","Self Repair","Streamline+1","Coolheaded+1","Defragment+1","Leap","Creative AI+1","Redo+1","Reprogram","Storm","Turbo","Loop","Heatsinks+1","Seek+1","Barrage","Hyperbeam","Chaos","Electrodynamics","BootSequence","Apotheosis","Coolheaded","Force Field+1","Consume+1"],"special_seed":0,"relics":["Cracked Core","NeowsBlessing","Golden Idol","Pen Nib","Bird Faced Urn","Matryoshka","Art of War","Mercury Hourglass","Darkstone Periapt","Centennial Puzzle","Inserter","Boot","Bronze Scales","Incense Burner","Pandora\u0027s Box","Tiny Chest","Kunai","ClockworkSouvenir","Emotion Chip","Omamori","Anchor","Spirit Poop","Ornamental Fan","Dodecahedron","Cables"],"potions_floor_usage":[56],"damage_taken":[{"damage":0.0,"enemies":"Small Slimes","floor":1.0,"turns":1.0},{"damage":0.0,"enemies":"Jaw Worm","floor":3.0,"turns":1.0},{"damage":0.0,"enemies":"Lagavulin","floor":6.0,"turns":1.0},{"damage":54.0,"enemies":"Gremlin Nob","floor":8.0,"turns":5.0},{"damage":12.0,"enemies":"Lagavulin","floor":12.0,"turns":6.0},{"damage":0.0,"enemies":"2 Louse","floor":13.0,"turns":2.0},{"damage":8.0,"enemies":"3 Sentries","floor":14.0,"turns":7.0},{"damage":0.0,"enemies":"The Guardian","floor":16.0,"turns":11.0},{"damage":23.0,"enemies":"Chosen","floor":18.0,"turns":5.0},{"damage":20.0,"enemies":"Shell Parasite","floor":20.0,"turns":11.0},{"damage":14.0,"enemies":"Snecko","floor":21.0,"turns":6.0},{"damage":9.0,"enemies":"Sentry and Sphere","floor":24.0,"turns":7.0},{"damage":10.0,"enemies":"Centurion and Healer","floor":28.0,"turns":6.0},{"damage":13.0,"enemies":"Snake Plant","floor":29.0,"turns":5.0},{"damage":18.0,"enemies":"3 Cultists","floor":30.0,"turns":3.0},{"damage":46.0,"enemies":"Slavers","floor":31.0,"turns":4.0},{"damage":26.0,"enemies":"Champ","floor":33.0,"turns":9.0},{"damage":16.0,"enemies":"Orb Walker","floor":35.0,"turns":3.0},{"damage":33.0,"enemies":"Nemesis","floor":40.0,"turns":7.0},{"damage":35.0,"enemies":"Reptomancer","floor":42.0,"turns":6.0},{"damage":19.0,"enemies":"Nemesis","floor":45.0,"turns":5.0},{"damage":18.0,"enemies":"3 Shapes","floor":46.0,"turns":10.0},{"damage":7.0,"enemies":"Spire Growth","floor":47.0,"turns":5.0},{"damage":0.0,"enemies":"Donu and Deca","floor":50.0,"turns":7.0},{"damage":0.0,"enemies":"Awakened One","floor":51.0,"turns":11.0},{"damage":29,"enemies":"Shield and Spear","floor":55,"turns":6},{"damage":51,"enemies":"The Heart","floor":56,"turns":9}],"seed_played":"-6938786237857455812","potions_obtained":[{"floor":6.0,"key":"Dexterity Potion"},{"floor":8.0,"key":"EssenceOfSteel"},{"floor":13.0,"key":"Strength Potion"},{"floor":24.0,"key":"Ancient Potion"},{"floor":31.0,"key":"Explosive Potion"},{"floor":45.0,"key":"Ancient Potion"}],"is_trial":false,"path_per_floor":["M","?","M","T","$","E","R","E","T","?","R","E","M","E","R","B",null,"M","$","M","M","?","R","M","R","T","R","M","M","M","E","R","B",null,"M","$","?","?","$","E","T","E","T","?","E","M","M","$","R","B","B",null,"R","$","E","B",null],"character_chosen":"DEFECT","items_purchased":["Self Repair","Tiny Chest","Kunai","ClockworkSouvenir","Apotheosis","Dodecahedron","GamblersBrew"],"campfire_rested":1,"item_purchase_floors":[5,39,39,39,39,48,54],"current_hp_per_floor":[64,64,64,64,64,64,64,17,17,17,36,33,42,45,45,56,62,52,52,64,64,64,64,64,64,64,64,64,64,57,30,30,37,57,64,64,64,76,76,64,64,56,56,56,53,73,76,76,76,76,76,76,76,76,76,52],"gold":209,"neow_bonus":"THREE_ENEMY_KILL","is_prod":false,"is_daily":false,"chose_seed":false,"campfire_upgraded":7,"win_rate":0,"timestamp":1550841907,"path_taken":["M","?","M","?","?","E","R","E","T","?","R","E","M","E","R","BOSS","M","$","M","M","?","R","?","R","T","R","M","M","M","E","R","BOSS","M","$","?","?","$","E","?","E","T","?","E","M","?","$","R","BOSS","BOSS","R","$","E","BOSS"],"build_version":"2019-01-23","purchased_purges":4,"victory":true,"max_hp_per_floor":[71,64,64,64,64,64,64,64,64,64,64,64,64,64,64,64,64,64,64,64,64,64,64,64,64,64,64,64,64,64,64,64,64,64,64,64,64,76,76,76,76,76,76,76,76,76,76,76,76,76,76,76,76,76,76,76],"card_choices":[{"not_picked":["Steam","Chaos","Compile Driver"],"picked":"SKIP","floor":1.0},{"not_picked":["Chaos","Coolheaded"],"picked":"Chill","floor":3.0},{"not_picked":["Compile Driver","Tempest"],"picked":"Streamline","floor":6.0},{"not_picked":["Gash","Conserve Battery"],"picked":"Coolheaded","floor":8.0},{"not_picked":["Rainbow","Coolheaded"],"picked":"Defragment","floor":12.0},{"not_picked":["Double Energy","Stack","Leap"],"picked":"SKIP","floor":13.0},{"not_picked":["Double Energy","Stack","Leap"],"picked":"SKIP","floor":13.0},{"not_picked":["Double Energy","Stack"],"picked":"Leap","floor":13.0},{"not_picked":["Self Repair","Ball Lightning","Rebound"],"picked":"SKIP","floor":14.0},{"not_picked":["All For One","Buffer"],"picked":"Creative AI","floor":16.0},{"not_picked":["Skim","Blizzard","Chill+1"],"picked":"SKIP","floor":18.0},{"not_picked":["Genetic Algorithm","Beam Cell"],"picked":"Redo+1","floor":20.0},{"not_picked":["Leap+1","Scrape"],"picked":"Cold Snap","floor":21.0},{"not_picked":["Auto Shields+1","Tempest+1"],"picked":"Turbo","floor":24.0},{"not_picked":["Ball Lightning+1","Cold Snap","Leap"],"picked":"SKIP","floor":28.0},{"not_picked":["Streamline","Beam Cell"],"picked":"Loop","floor":29.0},{"not_picked":["Steam","Redo","Streamline"],"picked":"SKIP","floor":30.0},{"not_picked":["Buffer","Compile Driver"],"picked":"Heatsinks","floor":31.0},{"not_picked":["Buffer","Rainbow"],"picked":"Seek","floor":33.0},{"not_picked":["Storm","Compile Driver"],"picked":"BootSequence","floor":35.0},{"not_picked":["Beam Cell","Stack"],"picked":"Coolheaded","floor":40.0},{"not_picked":["Rebound+1","Genetic Algorithm","Melter+1"],"picked":"SKIP","floor":42.0},{"not_picked":["Melter","Storm","Ball Lightning"],"picked":"SKIP","floor":45.0},{"not_picked":["Stack+1","Genetic Algorithm"],"picked":"Force Field+1","floor":46.0},{"not_picked":["Tempest+1","Ball Lightning","Turbo"],"picked":"SKIP","floor":47.0},{"not_picked":["Steam Power+1","Blizzard+1"],"picked":"Consume+1","floor":55}],"player_experience":2661557,"relics_obtained":[{"floor":4.0,"key":"Pen Nib"},{"floor":6.0,"key":"Bird Faced Urn"},{"floor":8.0,"key":"Matryoshka"},{"floor":9.0,"key":"Art of War"},{"floor":9.0,"key":"Mercury Hourglass"},{"floor":12.0,"key":"Darkstone Periapt"},{"floor":14.0,"key":"Centennial Puzzle"},{"floor":26.0,"key":"Boot"},{"floor":26.0,"key":"Bronze Scales"},{"floor":31.0,"key":"Incense Burner"},{"floor":40.0,"key":"Emotion Chip"},{"floor":42.0,"key":"Omamori"},{"floor":43.0,"key":"Anchor"},{"floor":45.0,"key":"Ornamental Fan"},{"floor":55,"key":"Cables"}],"event_choices":[{"damage_healed":0.0,"max_hp_gain":0.0,"max_hp_loss":7.0,"gold_gain":0.0,"event_name":"Golden Idol","player_choice":"Lose Max HP","floor":2.0,"gold_loss":0.0,"damage_taken":0.0,"relics_obtained":["Golden Idol"]},{"damage_healed":0.0,"max_hp_gain":0.0,"max_hp_loss":0.0,"gold_gain":0.0,"event_name":"Scrap Ooze","player_choice":"Fled","floor":10.0,"gold_loss":0.0,"damage_taken":0.0},{"damage_healed":0.0,"max_hp_gain":0.0,"max_hp_loss":0.0,"gold_gain":0.0,"cards_transformed":["Strike_B","Defend_B"],"event_name":"Designer","player_choice":"Transformed Cards","floor":22.0,"gold_loss":75.0,"damage_taken":0.0,"cards_obtained":["Reprogram","Storm"]},{"cards_removed":["Cold Snap"],"damage_healed":0.0,"max_hp_gain":0.0,"max_hp_loss":0.0,"gold_gain":0.0,"event_name":"Falling","player_choice":"Removed Attack","floor":37.0,"gold_loss":0.0,"damage_taken":0.0},{"damage_healed":0.0,"max_hp_gain":0.0,"max_hp_loss":0.0,"gold_gain":999.0,"event_name":"MindBloom","player_choice":"Gold","floor":38.0,"gold_loss":0.0,"damage_taken":0.0,"cards_obtained":["Normality","Normality"]},{"cards_removed":["Normality"],"damage_healed":0.0,"max_hp_gain":0.0,"max_hp_loss":0.0,"gold_gain":0.0,"event_name":"Bonfire Elementals","player_choice":"Offered Curse","floor":44.0,"gold_loss":0.0,"damage_taken":0.0,"relics_obtained":["Spirit Poop"]}],"is_beta":false,"boss_relics":[{"not_picked":["Fusion Hammer","Velvet Choker"],"picked":"Inserter"},{"not_picked":["White Beast Statue","Calling Bell"],"picked":"Pandora\u0027s Box"}],"items_purged_floors":[5,19,36,39],"is_endless":false,"potions_floor_spawned":[6,8,13,14,24,30,31,35,45],"ascension_level":20}