{"gold_per_floor":[114,114,126,126,11,43,43,43,43,55,74,88,114,14,14,117,117,102,115,115,129,58,58,69,69,69,103,103,123,123,147,147,246,246,261,261,280,380,394,394,405,422,476,493,493,511,511,521,521,521],"floor_reached":51,"playtime":3292,"items_purged":["Strike_G+1","Defend_G"],"score":1023,"play_id":"83b812a8-d033-4c51-b2ee-20518908ef56","local_time":"20190509165937","is_ascension_mode":true,"campfire_choices":[{"data":"Noxious Fumes","floor":7.0,"key":"SMITH"},{"floor":15.0,"key":"REST"},{"data":"Leg Sweep","floor":23,"key":"SMITH"},{"floor":25,"key":"REST"},{"data":"Backflip","floor":30,"key":"SMITH"},{"data":"Defend_G","floor":32,"key":"SMITH"},{"data":"Catalyst","floor":40,"key":"SMITH"},{"floor":45,"key":"REST"},{"data":"Defend_G","floor":49,"key":"SMITH"}],"neow_cost":"NONE","seed_source_timestamp":490735292885882,"circlet_count":0,"master_deck":["Defend_G+1","Defend_G","Defend_G+1","Defend_G+1","Survivor+1","Neutralize","Footwork+1","Noxious Fumes+1","Leg Sweep+1","Backflip+1","Die Die Die+1","Tactician+1","Flechettes+1","Noxious Fumes+1","Noxious Fumes+1","Noxious Fumes+1","Catalyst+1","Catalyst+1","Backflip+1"],"special_seed":0,"relics":["Ring of the Snake","NeowsBlessing","Snake Skull","Frozen Egg 2","Orichalcum","Astrolabe","MutagenicStrength","Bag of Preparation","Ancient Tea Set","Strawberry","Lizard Tail","Thread and Needle","Bag of Marbles"],"potions_floor_usage":[18,19,27,37,37,38,38,42,44,46,46,50],"damage_taken":[{"damage":0.0,"enemies":"2 Louse","floor":1.0,"turns":1.0},{"damage":0.0,"enemies":"Cultist","floor":3.0,"turns":1.0},{"damage":0.0,"enemies":"3 Sentries","floor":6.0,"turns":1.0},{"damage":0.0,"enemies":"Small Slimes","floor":10.0,"turns":5.0},{"damage":5.0,"enemies":"Blue Slaver","floor":11.0,"turns":5.0},{"damage":0.0,"enemies":"Looter","floor":12.0,"turns":5.0},{"damage":10.0,"enemies":"Slime Boss","floor":16.0,"turns":11.0},{"damage":0,"enemies":"2 Thieves","floor":18,"turns":4},{"damage":1,"enemies":"Shell Parasite","floor":19,"turns":6},{"damage":9,"enemies":"Centurion and Healer","floor":21,"turns":8},{"damage":4,"enemies":"Snecko","floor":24,"turns":5},{"damage":19,"enemies":"Gremlin Leader","floor":27,"turns":7},{"damage":0,"enemies":"3 Cultists","floor":29,"turns":4},{"damage":46,"enemies":"Champ","floor":33,"turns":12},{"damage":0,"enemies":"3 Shapes","floor":35,"turns":5},{"damage":0,"enemies":"Orb Walker","floor":37,"turns":1},{"damage":0,"enemies":"Mind Bloom Boss Battle","floor":38,"turns":8},{"damage":0,"enemies":"4 Shapes","floor":39,"turns":5},{"damage":0,"enemies":"Maw","floor":41,"turns":6},{"damage":11,"enemies":"Writhing Mass","floor":42,"turns":6},{"damage":0,"enemies":"Sphere and 2 Shapes","floor":44,"turns":4},{"damage":0,"enemies":"Transient","floor":46,"turns":5},{"damage":9,"enemies":"Jaw Worm Horde","floor":48,"turns":5},{"damage":17,"enemies":"Donu and Deca","floor":50,"turns":8}],"seed_played":"479002802160208623","potions_obtained":[{"floor":6.0,"key":"Fire Potion"},{"floor":10.0,"key":"SkillPotion"},{"floor":16.0,"key":"Block Potion"},{"floor":18,"key":"GamblersBrew"},{"floor":21,"key":"Poison Potion"},{"floor":36,"key":"EntropicBrew"},{"floor":36,"key":"SteroidPotion"},{"floor":36,"key":"Fire Potion"},{"floor":38,"key":"EssenceOfSteel"},{"floor":41,"key":"Poison Potion"},{"floor":42,"key":"Energy Potion"},{"floor":44,"key":"Swift Potion"},{"floor":48,"key":"GhostInAJar"}],"is_trial":false,"path_per_floor":["M","?","M","?","$","E","R","?","T","M","M","M","T","$","R","B",null,"M","M","?","M","$","R","M","R","T","E","$","M","R","T","R","B",null,"M","?","M","?","M","R","M","M","T","M","R","M","?","M","R","B",null],"character_chosen":"THE_SILENT","items_purchased":["Leg Sweep","Noxious Fumes+1"],"campfire_rested":3,"item_purchase_floors":[5,22],"current_hp_per_floor":[63,63,63,49,49,49,49,49,49,49,44,44,44,44,65,55,66,66,65,65,56,56,56,52,70,70,51,51,51,51,58,58,12,61,61,61,61,61,61,61,61,50,50,50,73,73,73,64,64,47],"gold":521,"neow_bonus":"THREE_ENEMY_KILL","is_prod":false,"is_daily":false,"chose_seed":false,"campfire_upgraded":6,"win_rate":0,"timestamp":1557413977,"path_taken":["M","?","?","?","$","E","R","?","T","M","M","M","?","$","R","BOSS","M","M","?","M","$","R","M","R","T","E","$","M","R","?","R","BOSS","M","?","?","?","M","R","M","M","T","M","R","M","?","?","R","BOSS"],"build_version":"2019-01-23","purchased_purges":2,"victory":true,"max_hp_per_floor":[70,70,70,70,70,70,70,70,70,70,70,70,70,70,70,70,70,70,70,70,70,70,70,70,70,70,70,70,70,70,77,77,77,77,77,77,77,77,77,77,77,77,77,77,77,77,77,77,77,77],"card_choices":[{"not_picked":["Slice","PiercingWail"],"picked":"Footwork","floor":1.0},{"not_picked":["Deadly Poison","Leg Sweep"],"picked":"Noxious Fumes","floor":3.0},{"not_picked":["Acrobatics","Dagger Spray"],"picked":"Backflip","floor":6.0},{"not_picked":["Distraction","Cloak And Dagger","Dodge and Roll"],"picked":"SKIP","floor":10.0},{"not_picked":["Cloak And Dagger","Underhanded Strike","Dagger Throw"],"picked":"SKIP","floor":11.0},{"not_picked":["Choke","Dagger Throw","Die Die Die"],"picked":"SKIP","floor":12.0},{"not_picked":["Deflect+1","Flying Knee+1","Cloak And Dagger"],"picked":"SKIP","floor":18},{"not_picked":["Backstab","Underhanded Strike","Outmaneuver"],"picked":"SKIP","floor":19},{"not_picked":["Distraction","Outmaneuver+1","Heel Hook"],"picked":"SKIP","floor":21},{"not_picked":["Predator","Burst","Poisoned Stab"],"picked":"SKIP","floor":24},{"not_picked":["Slice","PiercingWail+1","Sucker Punch"],"picked":"SKIP","floor":27},{"not_picked":["Backstab","Backflip+1"],"picked":"Noxious Fumes+1","floor":29},{"not_picked":["Backstab+1","Sucker Punch+1"],"picked":"Noxious Fumes+1","floor":35},{"not_picked":["Concentrate+1","Poisoned Stab+1","Dagger Spray+1"],"picked":"SKIP","floor":37},{"not_picked":["Masterful Stab+1","Accuracy+1"],"picked":"Catalyst","floor":38},{"not_picked":["Blade Dance","Dodge and Roll","Masterful Stab+1"],"picked":"SKIP","floor":39},{"not_picked":["Dodge and Roll","Underhanded Strike"],"picked":"Catalyst+1","floor":41},{"not_picked":["Slice+1","Dodge and Roll+1"],"picked":"Backflip+1","floor":42},{"not_picked":["After Image+1","Dagger Spray+1","Eviscerate+1"],"picked":"SKIP","floor":44},{"not_picked":["Flying Knee+1","Accuracy+1","Flechettes+1"],"picked":"SKIP","floor":46},{"not_picked":["Acrobatics+1","Dodge and Roll+1","Blade Dance+1"],"picked":"SKIP","floor":48}],"player_experience":438378,"relics_obtained":[{"floor":6.0,"key":"Snake Skull"},{"floor":9.0,"key":"Frozen Egg 2"},{"floor":13.0,"key":"Orichalcum"},{"floor":26,"key":"Bag of Preparation"},{"floor":27,"key":"Ancient Tea Set"},{"floor":31,"key":"Strawberry"},{"floor":38,"key":"Thread and Needle"},{"floor":43,"key":"Bag of Marbles"}],"event_choices":[{"damage_healed":0.0,"max_hp_gain":0.0,"max_hp_loss":0.0,"gold_gain":0.0,"event_name":"Upgrade Shrine","player_choice":"Upgraded","floor":2.0,"gold_loss":0.0,"damage_taken":0.0,"cards_upgraded":["Footwork"]},{"damage_healed":0.0,"max_hp_gain":0.0,"max_hp_loss":0.0,"gold_gain":0.0,"event_name":"Shining Light","player_choice":"Entered Light","floor":4.0,"gold_loss":0.0,"damage_taken":14.0,"cards_upgraded":["Survivor","Strike_G"]},{"cards_removed":["Strike_G"],"damage_healed":0.0,"max_hp_gain":0.0,"max_hp_loss":0.0,"gold_gain":0.0,"event_name":"Living Wall","player_choice":"Forget","floor":8.0,"gold_loss":0.0,"damage_taken":0.0},{"damage_healed":0,"gold_gain":0,"player_choice":"Inject Mutagens","damage_taken":0,"relics_obtained":["MutagenicStrength"],"max_hp_gain":0,"max_hp_loss":0,"event_name":"Drug Dealer","floor":20,"gold_loss":0},{"damage_healed":0,"gold_gain":0,"player_choice":"Got Potions","damage_taken":0,"max_hp_gain":0,"max_hp_loss":0,"event_name":"Lab","floor":36,"gold_loss":0},{"damage_healed":0,"gold_gain":0,"player_choice":"Fight","damage_taken":0,"max_hp_gain":0,"max_hp_loss":0,"event_name":"MindBloom","floor":38,"gold_loss":0},{"damage_healed":0,"gold_gain":0,"player_choice":"Upgraded","damage_taken":0,"max_hp_gain":0,"max_hp_loss":0,"event_name":"Upgrade Shrine","floor":47,"gold_loss":0,"cards_upgraded":["Defend_G"]}],"is_beta":false,"boss_relics":[{"not_picked":["Philosopher\u0027s Stone","Pandora\u0027s Box"],"picked":"Astrolabe"},{"not_picked":["Velvet Choker","Black Star"],"picked":"Lizard Tail"}],"items_purged_floors":[5,14],"is_endless":false,"potions_floor_spawned":[6,10,16,18,21,38,41,42,44,48],"ascension_level":9}