{"gold_per_floor":[14,14,14,33,49,74,74,74,74,74,87,87,119,44,44,117,117,117,17,17,17,17,17,17,17,17,17,17,17,17,17,17,17,17],"floor_reached":34,"playtime":3349,"items_purged":["Pain"],"score":752,"play_id":"dbebb100-fd21-4376-88eb-f7355fec158a","local_time":"20181219224642","is_ascension_mode":true,"campfire_choices":[{"data":"Zap","floor":8,"key":"SMITH"},{"data":"Glacier","floor":10,"key":"SMITH"},{"data":"Go for the Eyes","floor":12,"key":"SMITH"},{"data":"Ball Lightning","floor":15,"key":"SMITH"},{"floor":23,"key":"REST"},{"floor":25,"key":"REST"},{"floor":32,"key":"REST"}],"neow_cost":"NO_GOLD","seed_source_timestamp":446251074595656,"circlet_count":0,"master_deck":["AscendersBane","Strike_B","Defend_B","Defend_B+1","Defend_B","Defend_B+1","Zap+1","Dualcast","Go for the Eyes+1","Glacier+1","Ball Lightning+1","Buffer+1","Hologram","Loop+1","Core Surge"],"relics":["FrozenCore","WarpedTongs","Frozen Egg 2","Mummified Hand","Regal Pillow","War Paint","Ectoplasm","Blue Candle","Letter Opener","Red Mask"],"potions_floor_usage":[11,13,16,31],"damage_taken":[{"damage":0,"enemies":"Small Slimes","floor":1,"turns":4},{"damage":5,"enemies":"Cultist","floor":4,"turns":5},{"damage":4,"enemies":"Jaw Worm","floor":5,"turns":6},{"damage":12,"enemies":"Lagavulin","floor":6,"turns":9},{"damage":2,"enemies":"Lots of Slimes","floor":11,"turns":3},{"damage":13,"enemies":"Gremlin Nob","floor":13,"turns":4},{"damage":6,"enemies":"Hexaghost","floor":16,"turns":10},{"damage":2,"enemies":"3 Byrds","floor":18,"turns":5},{"damage":0,"enemies":"2 Thieves","floor":19,"turns":5},{"damage":59,"enemies":"Slavers","floor":24,"turns":8},{"damage":9,"enemies":"Sentry and Sphere","floor":29,"turns":7},{"damage":0,"enemies":"Snake Plant","floor":30,"turns":5},{"damage":3,"enemies":"Masked Bandits","floor":31,"turns":4},{"damage":48,"enemies":"Collector","floor":33,"turns":20}],"seed_played":"6354265636046963399","potions_obtained":[{"floor":1,"key":"SkillPotion"},{"floor":5,"key":"PowerPotion"},{"floor":6,"key":"AttackPotion"},{"floor":13,"key":"LiquidBronze"},{"floor":19,"key":"SpeedPotion"},{"floor":29,"key":"Poison Potion"},{"floor":31,"key":"Explosive Potion"}],"is_trial":false,"path_per_floor":["M","?","$","M","M","E","T","R","T","R","M","R","E","$","R","B",null,"M","M","?","?","$","R","E","R","T","?","$","M","M","?","R","B",null],"character_chosen":"DEFECT","items_purchased":[],"campfire_rested":3,"item_purchase_floors":[],"current_hp_per_floor":[64,64,64,59,55,43,43,43,43,43,41,41,28,28,28,22,59,57,57,57,37,37,74,15,52,52,31,31,22,22,19,56,8,59],"gold":17,"neow_bonus":"REMOVE_TWO","is_prod":false,"is_daily":false,"chose_seed":false,"campfire_upgraded":4,"win_rate":0,"timestamp":1545277602,"path_taken":["M","?","?","M","M","E","?","R","T","R","M","R","E","$","R","BOSS","M","?","?","?","$","R","E","R","T","?","$","?","M","?","R","BOSS"],"build_version":"2018-12-17","purchased_purges":1,"victory":false,"max_hp_per_floor":[71,71,71,71,71,71,71,71,71,71,71,71,71,71,71,71,71,71,71,71,76,76,76,76,76,76,76,76,76,76,76,76,76,76],"card_choices":[{"not_picked":["Storm","Rebound"],"picked":"Go for the Eyes","floor":1},{"not_picked":["Chill","Turbo"],"picked":"Glacier","floor":4},{"not_picked":["Hologram","Undo"],"picked":"Ball Lightning","floor":5},{"not_picked":["Auto Shields","Steam","Sweeping Beam"],"picked":"SKIP","floor":6},{"not_picked":["Ball Lightning","Chill","Beam Cell"],"picked":"SKIP","floor":11},{"not_picked":["Hyperbeam","Sweeping Beam","Streamline"],"picked":"SKIP","floor":13},{"not_picked":["Meteor Strike","Reboot"],"picked":"Buffer+1","floor":16},{"not_picked":["Ball Lightning","Gash+1"],"picked":"Hologram","floor":18},{"not_picked":["Coolheaded","BootSequence","Conserve Battery"],"picked":"SKIP","floor":19},{"not_picked":["Ball Lightning+1","Hello World+1","Doom and Gloom"],"picked":"SKIP","floor":24},{"not_picked":["Auto Shields","Streamline"],"picked":"Loop+1","floor":29},{"not_picked":["Hologram","Coolheaded","Compile Driver"],"picked":"SKIP","floor":30},{"not_picked":["Machine Learning+1","Buffer+1"],"picked":"Core Surge","floor":33}],"player_experience":1385598,"relics_obtained":[{"floor":6,"key":"Frozen Egg 2"},{"floor":7,"key":"Mummified Hand"},{"floor":9,"key":"Regal Pillow"},{"floor":13,"key":"War Paint"},{"floor":24,"key":"Blue Candle"},{"floor":26,"key":"Letter Opener"},{"floor":31,"key":"Red Mask"}],"event_choices":[{"damage_healed":0,"gold_gain":0,"player_choice":"Rummage","damage_taken":0,"relics_obtained":["WarpedTongs"],"max_hp_gain":0,"max_hp_loss":0,"event_name":"Accursed Blacksmith","floor":2,"gold_loss":0,"cards_obtained":["Pain"]},{"cards_removed":["Strike_B"],"damage_healed":0,"gold_gain":0,"player_choice":"Elegance","damage_taken":0,"max_hp_gain":0,"max_hp_loss":0,"event_name":"Back to Basics","floor":20,"gold_loss":0},{"damage_healed":0,"gold_gain":0,"player_choice":"Shed Blood","damage_taken":25,"max_hp_gain":5,"max_hp_loss":0,"event_name":"Forgotten Altar","floor":21,"gold_loss":0},{"damage_healed":0,"gold_gain":0,"player_choice":"Obtained Book","damage_taken":21,"max_hp_gain":0,"max_hp_loss":0,"event_name":"Cursed Tome","floor":27,"gold_loss":0},{"damage_healed":0,"gold_gain":0,"player_choice":"Fought Bandits","damage_taken":0,"max_hp_gain":0,"max_hp_loss":0,"event_name":"Masked Bandits","floor":31,"gold_loss":0}],"is_beta":true,"boss_relics":[{"not_picked":["White Beast Statue","Lizard Tail"],"picked":"Ectoplasm"},{"not_picked":["Snecko Eye","Fusion Hammer"],"picked":"FrozenCore"}],"items_purged_floors":[14],"is_endless":false,"potions_floor_spawned":[1,5,6,13,19,29,31],"ascension_level":20}