{"gold_per_floor":[17,17,17,28,28,60,60,60,87,100,100,113,113,113,113,113],"floor_reached":16,"playtime":362,"items_purged":[],"score":176,"play_id":"a70f8555-a6e8-4eb1-b6b9-f4da845a606e","local_time":"20190129231023","is_ascension_mode":true,"campfire_choices":[{"data":"Neutralize","floor":7,"key":"SMITH"},{"data":"Footwork","floor":11,"key":"SMITH"},{"floor":15,"key":"REST"}],"neow_cost":"NO_GOLD","seed_source_timestamp":0,"circlet_count":0,"master_deck":["AscendersBane","Defend_G","Defend_G","Defend_G","Defend_G","Strike_G","Strike_G","Strike_G","Strike_G","Survivor","Neutralize+1","Footwork+1","Tactician","Finisher","Infinite Blades"],"relics":["Ring of the Snake","Strawberry","Boot","Golden Idol"],"potions_floor_usage":[10,12],"damage_taken":[{"damage":19,"enemies":"Cultist","floor":1,"turns":6},{"damage":0,"enemies":"Small Slimes","floor":4,"turns":5},{"damage":39,"enemies":"3 Sentries","floor":6,"turns":17},{"damage":0,"enemies":"Jaw Worm","floor":10,"turns":4},{"damage":9,"enemies":"3 Louse","floor":12,"turns":4},{"damage":36,"enemies":"The Guardian","floor":16,"turns":5}],"seed_played":"3838731158","potions_obtained":[{"floor":1,"key":"GamblersBrew"},{"floor":4,"key":"Block Potion"}],"is_trial":false,"path_per_floor":["M","?","?","M","$","E","R","?","T","M","R","M","?","?","R","B"],"character_chosen":"THE_SILENT","items_purchased":[],"campfire_rested":1,"item_purchase_floors":[],"current_hp_per_floor":[40,45,45,45,45,13,13,13,13,13,13,4,4,4,25,0],"gold":113,"neow_bonus":"REMOVE_TWO","is_prod":false,"is_daily":false,"chose_seed":true,"campfire_upgraded":2,"win_rate":0,"timestamp":1548774623,"path_taken":["M","?","?","M","?","E","R","?","T","M","R","?","?","?","R","BOSS"],"build_version":"2019-01-23","purchased_purges":0,"victory":false,"max_hp_per_floor":[66,71,71,71,71,78,78,78,78,78,78,78,78,71,71,71],"card_choices":[{"not_picked":["Calculated Gamble","Eviscerate"],"picked":"Footwork","floor":1},{"not_picked":["Dagger Spray","Expertise"],"picked":"Tactician","floor":4},{"not_picked":["Sucker Punch","Poisoned Stab"],"picked":"Finisher","floor":6},{"not_picked":["Poisoned Stab","Finisher","Dagger Spray"],"picked":"SKIP","floor":10},{"not_picked":["Backstab","Expertise"],"picked":"Infinite Blades","floor":12}],"player_experience":2618287,"relics_obtained":[{"floor":6,"key":"Strawberry"},{"floor":9,"key":"Boot"}],"event_choices":[{"damage_healed":0,"gold_gain":0,"player_choice":"Donut","damage_taken":0,"max_hp_gain":5,"max_hp_loss":0,"event_name":"Big Fish","floor":2,"gold_loss":0},{"damage_healed":0,"gold_gain":0,"player_choice":"Leave","damage_taken":0,"max_hp_gain":0,"max_hp_loss":0,"event_name":"The Cleric","floor":3,"gold_loss":0},{"damage_healed":0,"gold_gain":0,"player_choice":"Ignored","damage_taken":0,"max_hp_gain":0,"max_hp_loss":0,"event_name":"Shining Light","floor":8,"gold_loss":0},{"damage_healed":0,"gold_gain":0,"player_choice":"Ignored","damage_taken":0,"max_hp_gain":0,"max_hp_loss":0,"event_name":"Golden Wing","floor":13,"gold_loss":0},{"damage_healed":0,"gold_gain":0,"player_choice":"Lose Max HP","damage_taken":0,"relics_obtained":["Golden Idol"],"max_hp_gain":0,"max_hp_loss":7,"event_name":"Golden Idol","floor":14,"gold_loss":0}],"is_beta":false,"boss_relics":[],"items_purged_floors":[],"is_endless":false,"potions_floor_spawned":[1,4],"killed_by":"The Guardian","ascension_level":16}