{"gold_per_floor":[113,125,144,63,76,102,102,134,185,217,217,217,49,84,84,162,162,173,192,211,227,207,207,238,238,264,264,277,302,322,340,340,414,414,431,445,445,463,28,28,59,69,115,132,132,146,173,183,183,183,183,183,183,43,68,68],"floor_reached":57,"playtime":6115,"items_purged":["Strike_R","Strike_R"],"score":2822,"play_id":"7cb4e3e9-d068-4d33-942c-37ab13b2e40e","local_time":"20190329055855","is_ascension_mode":true,"campfire_choices":[{"data":"Bash","floor":7.0,"key":"SMITH"},{"floor":15.0,"key":"REST"},{"data":"Disarm","floor":23.0,"key":"SMITH"},{"data":"Feed","floor":25.0,"key":"SMITH"},{"floor":27.0,"key":"REST"},{"floor":32,"key":"REST"},{"data":"True Grit","floor":40,"key":"SMITH"},{"floor":45,"key":"REST"},{"floor":49,"key":"RECALL"},{"floor":53,"key":"REST"}],"neow_cost":"NONE","seed_source_timestamp":773751089002800,"circlet_count":0,"master_deck":["AscendersBane","Strike_R","Strike_R","Strike_R","Defend_R","Defend_R+1","Defend_R+1","Defend_R","Bash+1","Reckless Charge","Offering","Feel No Pain","Spot Weakness","Battle Trance","Inflame","Spot Weakness","Twin Strike","Disarm+1","Feed+1","Sword Boomerang","Feel No Pain","Burning Pact","True Grit+1","Demon Form","Burning Pact","Body Slam+1","Entrench","Shrug It Off","Corruption","Double Tap","Metallicize"],"special_seed":0,"relics":["Burning Blood","Pear","Kunai","Bag of Marbles","Omamori","Boot","WarpedTongs","War Paint","Matryoshka","Runic Pyramid","Calipers","Mercury Hourglass","Blood Vial","The Courier","Philosopher\u0027s Stone","Dead Branch","Oddly Smooth Stone","Strawberry","Orichalcum","Pantograph","Lantern"],"potions_floor_usage":[31,33,47,55,56],"damage_taken":[{"damage":6.0,"enemies":"Cultist","floor":1.0,"turns":3.0},{"damage":0.0,"enemies":"2 Louse","floor":2.0,"turns":3.0},{"damage":6.0,"enemies":"Jaw Worm","floor":3.0,"turns":3.0},{"damage":21.0,"enemies":"Red Slaver","floor":5.0,"turns":5.0},{"damage":25.0,"enemies":"Lagavulin","floor":6.0,"turns":6.0},{"damage":14.0,"enemies":"Gremlin Nob","floor":8.0,"turns":3.0},{"damage":22.0,"enemies":"3 Sentries","floor":10.0,"turns":8.0},{"damage":41.0,"enemies":"Gremlin Nob","floor":14.0,"turns":4.0},{"damage":10.0,"enemies":"Hexaghost","floor":16.0,"turns":7.0},{"damage":15.0,"enemies":"Spheric Guardian","floor":18.0,"turns":5.0},{"damage":15.0,"enemies":"Chosen","floor":19.0,"turns":6.0},{"damage":17.0,"enemies":"Centurion and Healer","floor":20.0,"turns":5.0},{"damage":25.0,"enemies":"Sentry and Sphere","floor":21.0,"turns":7.0},{"damage":24.0,"enemies":"Gremlin Leader","floor":24.0,"turns":6.0},{"damage":9.0,"enemies":"Chosen and Byrds","floor":28.0,"turns":4.0},{"damage":43.0,"enemies":"Book of Stabbing","floor":29.0,"turns":5.0},{"damage":25.0,"enemies":"3 Cultists","floor":30.0,"turns":5.0},{"damage":19,"enemies":"Snake Plant","floor":31,"turns":4},{"damage":40,"enemies":"Automaton","floor":33,"turns":12},{"damage":13,"enemies":"Orb Walker","floor":35,"turns":4},{"damage":0,"enemies":"3 Shapes","floor":36,"turns":7},{"damage":24,"enemies":"Transient","floor":38,"turns":6},{"damage":46,"enemies":"Giant Head","floor":41,"turns":6},{"damage":25,"enemies":"3 Darklings","floor":42,"turns":6},{"damage":28,"enemies":"Sphere and 2 Shapes","floor":44,"turns":16},{"damage":41,"enemies":"Jaw Worm Horde","floor":46,"turns":5},{"damage":14,"enemies":"Reptomancer","floor":47,"turns":5},{"damage":10,"enemies":"3 Darklings","floor":48,"turns":5},{"damage":29,"enemies":"Awakened One","floor":50,"turns":9},{"damage":80,"enemies":"Donu and Deca","floor":51,"turns":11},{"damage":148,"enemies":"Shield and Spear","floor":55,"turns":9},{"damage":62,"enemies":"The Heart","floor":56,"turns":9}],"seed_played":"-8202281858506752271","potions_obtained":[{"floor":1.0,"key":"BloodPotion"},{"floor":5.0,"key":"Regen Potion"},{"floor":10.0,"key":"SpeedPotion"},{"floor":14.0,"key":"Strength Potion"},{"floor":19.0,"key":"Strength Potion"},{"floor":20.0,"key":"Regen Potion"},{"floor":22.0,"key":"FairyPotion"},{"floor":24.0,"key":"Swift Potion"},{"floor":28.0,"key":"SkillPotion"},{"floor":41,"key":"SpeedPotion"},{"floor":42,"key":"AttackPotion"},{"floor":46,"key":"Block Potion"},{"floor":55,"key":"LiquidBronze"}],"is_trial":false,"path_per_floor":["M","M","M","$","M","E","R","E","T","E","?","?","$","E","R","B",null,"M","M","M","M","?","R","E","R","T","R","M","E","M","M","R","B",null,"M","M","?","M","$","R","E","M","T","M","R","M","E","M","R","B","B",null,"R","$","E","B",null],"character_chosen":"IRONCLAD","items_purchased":["Spot Weakness","War Paint","Dead Branch","Oddly Smooth Stone","Metallicize"],"campfire_rested":5,"item_purchase_floors":[4,13,39,39,54],"current_hp_per_floor":[75,81,81,81,74,65,65,57,57,56,51,51,51,16,43,39,79,73,68,61,60,60,60,46,46,46,79,82,51,38,31,69,41,109,108,120,120,104,104,104,77,60,60,44,90,61,59,57,57,69,26,137,174,174,36,7],"gold":68,"neow_bonus":"TEN_PERCENT_HP_BONUS","is_prod":false,"is_daily":false,"chose_seed":false,"campfire_upgraded":4,"win_rate":0,"timestamp":1553839135,"path_taken":["M","M","M","$","M","E","R","E","T","E","?","?","$","E","R","BOSS","M","M","M","?","?","R","E","R","T","R","M","E","M","M","R","BOSS","M","M","?","?","$","R","E","?","T","M","R","M","E","M","R","BOSS","BOSS","R","$","E","BOSS"],"build_version":"2019-01-23","purchased_purges":2,"victory":true,"max_hp_per_floor":[82,82,82,82,82,92,92,92,92,92,92,92,92,92,92,92,92,95,99,103,107,107,107,111,111,111,111,115,119,123,127,127,131,131,135,139,139,139,139,139,150,150,150,154,154,158,162,162,162,170,174,174,174,174,178,178],"card_choices":[{"not_picked":["True Grit","Headbutt"],"picked":"Reckless Charge","floor":1.0},{"not_picked":["Havoc","Sword Boomerang"],"picked":"Offering","floor":2.0},{"not_picked":["Thunderclap","True Grit"],"picked":"Feel No Pain","floor":3.0},{"not_picked":["Cleave","Corruption"],"picked":"Battle Trance","floor":5.0},{"not_picked":["Iron Wave","Hemokinesis"],"picked":"Inflame","floor":6.0},{"not_picked":["Bloodletting","Combust"],"picked":"Spot Weakness","floor":8.0},{"not_picked":["Burning Pact","Pommel Strike"],"picked":"Twin Strike","floor":10.0},{"not_picked":["Cleave","Searing Blow"],"picked":"Disarm","floor":14.0},{"not_picked":["Immolate","Double Tap"],"picked":"Feed","floor":16.0},{"not_picked":["Anger","Clash"],"picked":"Sword Boomerang","floor":18.0},{"not_picked":["Infernal Blade","Flex","Wild Strike"],"picked":"SKIP","floor":19.0},{"not_picked":["Iron Wave","Havoc"],"picked":"Feel No Pain","floor":20.0},{"not_picked":["Perfected Strike","Bludgeon","Anger"],"picked":"SKIP","floor":21.0},{"not_picked":["True Grit","Perfected Strike+1"],"picked":"Burning Pact","floor":24.0},{"not_picked":["Body Slam","Armaments","Headbutt"],"picked":"SKIP","floor":28.0},{"not_picked":["Sword Boomerang","Rage","Cleave"],"picked":"SKIP","floor":29.0},{"not_picked":["Iron Wave","Twin Strike"],"picked":"True Grit","floor":30.0},{"not_picked":["Wild Strike","Juggernaut","Combust"],"picked":"SKIP","floor":31},{"not_picked":["Juggernaut","Bludgeon"],"picked":"Demon Form","floor":33},{"not_picked":["Havoc+1","Headbutt+1"],"picked":"Burning Pact","floor":35},{"not_picked":["Clothesline","Immolate"],"picked":"Body Slam+1","floor":36},{"not_picked":["Headbutt+1","Blood for Blood","Twin Strike"],"picked":"SKIP","floor":38},{"not_picked":["Clothesline","Ghostly Armor"],"picked":"Shrug It Off","floor":41},{"not_picked":["Rupture","Combust","Flex+1"],"picked":"SKIP","floor":42},{"not_picked":["Headbutt","Flex","Clothesline"],"picked":"SKIP","floor":44},{"not_picked":["Infernal Blade","Reckless Charge"],"picked":"Corruption","floor":46},{"not_picked":["Battle Trance","Armaments","Perfected Strike+1"],"picked":"SKIP","floor":47},{"not_picked":["Havoc","Perfected Strike"],"picked":"Double Tap","floor":48},{"not_picked":["Clothesline","Headbutt","Perfected Strike"],"picked":"SKIP","floor":55}],"player_experience":2369029,"relics_obtained":[{"floor":6.0,"key":"Pear"},{"floor":8.0,"key":"Kunai"},{"floor":9.0,"key":"Bag of Marbles"},{"floor":10.0,"key":"Omamori"},{"floor":14.0,"key":"Matryoshka"},{"floor":24.0,"key":"Calipers"},{"floor":26.0,"key":"Mercury Hourglass"},{"floor":26.0,"key":"Blood Vial"},{"floor":29.0,"key":"The Courier"},{"floor":41,"key":"Strawberry"},{"floor":43,"key":"Orichalcum"},{"floor":47,"key":"Pantograph"},{"floor":55,"key":"Lantern"}],"event_choices":[{"damage_healed":0.0,"max_hp_gain":0.0,"max_hp_loss":0.0,"gold_gain":0.0,"event_name":"Scrap Ooze","player_choice":"Success","floor":11.0,"gold_loss":0.0,"damage_taken":5.0,"relics_obtained":["Boot"]},{"damage_healed":0.0,"max_hp_gain":0.0,"max_hp_loss":0.0,"gold_gain":0.0,"event_name":"Accursed Blacksmith","player_choice":"Rummage","floor":12.0,"gold_loss":0.0,"damage_taken":0.0,"relics_obtained":["WarpedTongs"],"cards_obtained":["Pain"]},{"damage_healed":0.0,"max_hp_gain":0.0,"max_hp_loss":0.0,"gold_gain":0.0,"event_name":"The Woman in Blue","player_choice":"Bought 1 Potion","floor":22.0,"gold_loss":0.0,"damage_taken":0.0},{"damage_healed":0,"gold_gain":0,"player_choice":"1 cards matched","damage_taken":0,"max_hp_gain":0,"max_hp_loss":0,"event_name":"Match and Keep!","floor":37,"gold_loss":0,"cards_obtained":["Entrench"]}],"is_beta":false,"boss_relics":[{"not_picked":["Coffee Dripper","Black Blood"],"picked":"Runic Pyramid"},{"not_picked":["Black Star","Calling Bell"],"picked":"Philosopher\u0027s Stone"}],"items_purged_floors":[39,54],"is_endless":false,"potions_floor_spawned":[1,5,10,14,19,20,24,28,29,41,42,46,55],"ascension_level":20}