{"gold_per_floor":[113,113,213,231,47,81,93,122,122,122,135,166,176,187,187,260,260,280,294,47,47,6,6],"floor_reached":23,"playtime":878,"items_purged":["Strike_R"],"score":472,"play_id":"e359d3d1-fbea-4c9e-ac1f-59e2c0f089ff","local_time":"20190409222207","is_ascension_mode":true,"campfire_choices":[{"data":"Whirlwind","floor":10,"key":"SMITH"},{"data":"Immolate","floor":15,"key":"SMITH"}],"neow_cost":"NONE","seed_source_timestamp":1784832398033000,"circlet_count":0,"master_deck":["AscendersBane","Strike_R","Strike_R","Strike_R","Strike_R","Defend_R","Defend_R","Defend_R","Defend_R","Bash+1","Thunderclap","Inflame","Immolate+1","Shrug It Off","Reckless Charge","Evolve","Whirlwind+1","Pommel Strike","Burning Pact","Twin Strike","Exhume","Corruption"],"relics":["Burning Blood","NeowsBlessing","Ancient Tea Set","Blue Candle","Strawberry","Blood Vial","Eternal Feather","Orichalcum"],"potions_floor_usage":[8,23,23],"damage_taken":[{"damage":0,"enemies":"Small Slimes","floor":1,"turns":1},{"damage":0,"enemies":"Jaw Worm","floor":4,"turns":1},{"damage":0,"enemies":"Gremlin Nob","floor":6,"turns":1},{"damage":0,"enemies":"Cultist","floor":7,"turns":2},{"damage":17,"enemies":"3 Sentries","floor":8,"turns":5},{"damage":8,"enemies":"Blue Slaver","floor":11,"turns":3},{"damage":35,"enemies":"Lagavulin","floor":12,"turns":7},{"damage":0,"enemies":"2 Fungi Beasts","floor":13,"turns":2},{"damage":7,"enemies":"3 Louse","floor":14,"turns":2},{"damage":7,"enemies":"Slime Boss","floor":16,"turns":6},{"damage":22,"enemies":"2 Thieves","floor":18,"turns":2},{"damage":43,"enemies":"Chosen","floor":19,"turns":5},{"damage":30,"enemies":"Book of Stabbing","floor":23,"turns":4}],"seed_played":"-5447720548353653794","potions_obtained":[{"floor":1,"key":"Ancient Potion"},{"floor":6,"key":"Energy Potion"},{"floor":12,"key":"PowerPotion"},{"floor":16,"key":"Swift Potion"}],"is_trial":false,"path_per_floor":["M","?","?","M","$","E","M","E","T","R","M","E","M","M","R","B",null,"M","M","$","?","$","E"],"character_chosen":"IRONCLAD","items_purchased":["Immolate","Shrug It Off","Orichalcum","Corruption"],"campfire_rested":0,"item_purchase_floors":[5,5,20,22],"current_hp_per_floor":[74,74,74,75,75,75,75,64,71,71,69,40,48,49,49,50,74,60,25,25,25,25,0],"gold":6,"neow_bonus":"THREE_ENEMY_KILL","is_prod":false,"is_daily":false,"chose_seed":false,"campfire_upgraded":2,"win_rate":0,"timestamp":1554844927,"path_taken":["M","?","?","M","$","E","?","E","T","R","M","E","M","M","R","BOSS","M","M","$","?","$","E"],"build_version":"2019-01-23","purchased_purges":1,"victory":false,"max_hp_per_floor":[75,75,75,75,75,75,75,75,82,82,82,82,82,82,82,82,82,82,82,82,82,82,82],"card_choices":[{"not_picked":["Rupture","Headbutt"],"picked":"Thunderclap","floor":1},{"not_picked":["Headbutt","Bloodletting"],"picked":"Inflame","floor":4},{"not_picked":["Thunderclap","Clothesline"],"picked":"Reckless Charge","floor":6},{"not_picked":["Blood for Blood","Metallicize"],"picked":"Evolve","floor":7},{"not_picked":["Flex","Cleave"],"picked":"Whirlwind","floor":8},{"not_picked":["Perfected Strike","Cleave"],"picked":"Pommel Strike","floor":11},{"not_picked":["Clash","Cleave"],"picked":"Burning Pact","floor":12},{"not_picked":["Anger","Perfected Strike"],"picked":"Twin Strike","floor":13},{"not_picked":["Anger","Iron Wave","Body Slam"],"picked":"SKIP","floor":14},{"not_picked":["Barricade","Berserk"],"picked":"Exhume","floor":16},{"not_picked":["Iron Wave+1","Dropkick","Sword Boomerang"],"picked":"SKIP","floor":18},{"not_picked":["Clash+1","Entrench","Headbutt"],"picked":"SKIP","floor":19}],"player_experience":2645302,"relics_obtained":[{"floor":6,"key":"Ancient Tea Set"},{"floor":8,"key":"Blue Candle"},{"floor":9,"key":"Strawberry"},{"floor":12,"key":"Blood Vial"}],"event_choices":[{"damage_healed":0,"gold_gain":0,"player_choice":"Grow","damage_taken":0,"max_hp_gain":0,"max_hp_loss":0,"event_name":"Living Wall","floor":2,"gold_loss":0,"cards_upgraded":["Bash"]},{"damage_healed":0,"gold_gain":100,"player_choice":"Gold","damage_taken":0,"max_hp_gain":0,"max_hp_loss":0,"event_name":"Wheel of Change","floor":3,"gold_loss":0},{"damage_healed":0,"gold_gain":0,"player_choice":"Ignored","damage_taken":0,"max_hp_gain":0,"max_hp_loss":0,"event_name":"Beggar","floor":21,"gold_loss":0}],"is_beta":false,"boss_relics":[{"not_picked":["Coffee Dripper","Tiny House"],"picked":"Eternal Feather"}],"items_purged_floors":[20],"is_endless":false,"potions_floor_spawned":[1,6,12,13,16,19],"killed_by":"Book of Stabbing","ascension_level":20}