{"gold_per_floor":[11,29,39,50,150,150,75,75,100,100,134,134,60,80,80,177,177,189,221,271,287,301,301,329,329,382,382,399,416,225,225],"floor_reached":31,"playtime":1661,"items_purged":["Strike_R"],"score":316,"play_id":"b79f5376-bb22-47fc-8245-31f2b312a319","local_time":"20181205230007","is_ascension_mode":true,"campfire_choices":[{"data":"Combust","floor":6.0,"key":"SMITH"},{"data":"True Grit","floor":10.0,"key":"SMITH"},{"data":"Rampage","floor":12.0,"key":"SMITH"},{"data":"Combust","floor":15.0,"key":"SMITH"},{"floor":23.0,"key":"REST"}],"neow_cost":"NO_GOLD","seed_source_timestamp":762784720885090,"circlet_count":0,"master_deck":["Strike_R","Strike_R","Strike_R","Strike_R","Defend_R","Defend_R","Defend_R","Bash","Metallicize","Combust+1","Wild Strike","True Grit+1","Rampage+1","Combust+1","Disarm","Demon Form","Spot Weakness+1","Ghostly Armor+1","Metallicize+1","Evolve","Sword Boomerang","Metallicize+1"],"special_seed":0,"relics":["Black Blood","Bag of Marbles","Bag of Preparation","Odd Mushroom","Red Mask","Blood Vial","MutagenicStrength","Red Skull","DollysMirror"],"potions_floor_usage":[27],"damage_taken":[{"damage":8.0,"enemies":"Jaw Worm","floor":1.0,"turns":5.0},{"damage":2.0,"enemies":"Cultist","floor":2.0,"turns":4.0},{"damage":13.0,"enemies":"2 Louse","floor":3.0,"turns":3.0},{"damage":7.0,"enemies":"Blue Slaver","floor":4.0,"turns":4.0},{"damage":15.0,"enemies":"3 Sentries","floor":11.0,"turns":6.0},{"damage":11.0,"enemies":"The Mushroom Lair","floor":14.0,"turns":5.0},{"damage":15.0,"enemies":"Slime Boss","floor":16.0,"turns":6.0},{"damage":15.0,"enemies":"Chosen","floor":18.0,"turns":8.0},{"damage":39.0,"enemies":"Masked Bandits","floor":19.0,"turns":4.0},{"damage":35.0,"enemies":"Spheric Guardian","floor":21.0,"turns":6.0},{"damage":20.0,"enemies":"3 Cultists","floor":22.0,"turns":4.0},{"damage":17,"enemies":"Gremlin Leader","floor":24,"turns":7},{"damage":30,"enemies":"Colosseum Slavers","floor":27,"turns":6},{"damage":15,"enemies":"Snecko","floor":28,"turns":5},{"damage":38,"enemies":"Centurion and Healer","floor":29,"turns":5},{"damage":16,"enemies":"Slavers","floor":31,"turns":2}],"seed_played":"-4970392458861906928","potions_obtained":[{"floor":1.0,"key":"GamblersBrew"},{"floor":3.0,"key":"Energy Potion"},{"floor":4.0,"key":"Ancient Potion"},{"floor":19.0,"key":"Regen Potion"},{"floor":22.0,"key":"Fire Potion"},{"floor":28,"key":"Poison Potion"}],"is_trial":false,"path_per_floor":["M","M","M","M","?","R","$","?","T","R","E","R","$","?","R","B",null,"M","?","?","M","M","R","E","?","T","?","M","M","$","E"],"character_chosen":"IRONCLAD","items_purchased":["Combust","DollysMirror"],"campfire_rested":1,"item_purchase_floors":[13,30],"current_hp_per_floor":[94,96,89,88,88,88,88,81,81,81,72,72,72,67,67,58,96,91,62,62,49,39,67,60,60,60,42,39,13,13,0],"gold":225,"neow_bonus":"TWENTY_PERCENT_HP_BONUS","is_prod":false,"is_daily":false,"chose_seed":false,"campfire_upgraded":4,"win_rate":0,"timestamp":1544047207,"path_taken":["M","M","M","M","?","R","?","?","T","R","E","R","?","?","R","BOSS","M","?","?","?","M","R","E","?","T","?","M","M","$","E"],"build_version":"2018-12-05","purchased_purges":1,"victory":false,"max_hp_per_floor":[96,96,96,96,96,96,96,96,96,96,96,96,96,96,96,96,96,96,96,96,96,96,96,96,96,96,96,96,96,96,96],"card_choices":[{"not_picked":["Pummel","Headbutt"],"picked":"Metallicize","floor":1.0},{"not_picked":["Reckless Charge","Bloodletting"],"picked":"Combust","floor":2.0},{"not_picked":["Clash","Sever Soul"],"picked":"Wild Strike","floor":3.0},{"not_picked":["Pommel Strike","Heavy Blade"],"picked":"True Grit","floor":4.0},{"not_picked":["Clothesline","Anger"],"picked":"Rampage","floor":11.0},{"not_picked":["Sword Boomerang","Hemokinesis"],"picked":"Disarm","floor":14.0},{"not_picked":["Reaper","Bludgeon"],"picked":"Demon Form","floor":16.0},{"not_picked":["Heavy Blade+1","Hemokinesis"],"picked":"Spot Weakness+1","floor":18.0},{"not_picked":["Heavy Blade+1","Clash"],"picked":"Ghostly Armor+1","floor":19.0},{"not_picked":["Blood for Blood","Carnage","Body Slam"],"picked":"SKIP","floor":21.0},{"not_picked":["Burning Pact","Armaments"],"picked":"Metallicize+1","floor":22.0},{"not_picked":["Anger","Shrug It Off"],"picked":"Evolve","floor":24},{"not_picked":["Clothesline","Warcry"],"picked":"Sword Boomerang","floor":28},{"not_picked":["Sever Soul","Wild Strike","Demon Form"],"picked":"SKIP","floor":29}],"player_experience":245874,"relics_obtained":[{"floor":9.0,"key":"Bag of Marbles"},{"floor":11.0,"key":"Bag of Preparation"},{"floor":14.0,"key":"Odd Mushroom"},{"floor":19.0,"key":"Red Mask"},{"floor":24,"key":"Blood Vial"},{"floor":26,"key":"Red Skull"}],"event_choices":[{"damage_healed":0.0,"max_hp_gain":0.0,"max_hp_loss":0.0,"gold_gain":100.0,"event_name":"Golden Shrine","player_choice":"Pray","floor":5.0,"gold_loss":0.0,"damage_taken":0.0},{"cards_removed":["Defend_R"],"damage_healed":0.0,"max_hp_gain":0.0,"max_hp_loss":0.0,"gold_gain":0.0,"event_name":"Golden Wing","player_choice":"Card Removal","floor":8.0,"gold_loss":0.0,"damage_taken":7.0},{"damage_healed":0.0,"max_hp_gain":0.0,"max_hp_loss":0.0,"gold_gain":0.0,"event_name":"Mushrooms","player_choice":"Fought Mushrooms","floor":14.0,"gold_loss":0.0,"damage_taken":0.0},{"damage_healed":0.0,"max_hp_gain":0.0,"max_hp_loss":0.0,"gold_gain":0.0,"event_name":"Masked Bandits","player_choice":"Fought Bandits","floor":19.0,"gold_loss":0.0,"damage_taken":0.0},{"damage_healed":0.0,"max_hp_gain":0.0,"max_hp_loss":0.0,"gold_gain":100.0,"event_name":"The Joust","player_choice":"Bet on Murderer","floor":20.0,"gold_loss":50.0,"damage_taken":0.0},{"damage_healed":0,"gold_gain":0,"player_choice":"Inject Mutagens","damage_taken":0,"relics_obtained":["MutagenicStrength"],"max_hp_gain":0,"max_hp_loss":0,"event_name":"Drug Dealer","floor":25,"gold_loss":0},{"damage_healed":0,"gold_gain":0,"player_choice":"Fight","damage_taken":0,"max_hp_gain":0,"max_hp_loss":0,"event_name":"Colosseum","floor":27,"gold_loss":0},{"damage_healed":0,"gold_gain":0,"player_choice":"Fled From Nobs","damage_taken":0,"max_hp_gain":0,"max_hp_loss":0,"event_name":"Colosseum","floor":27,"gold_loss":0}],"is_beta":true,"boss_relics":[{"not_picked":["Black Star","Empty Cage"],"picked":"Black Blood"}],"items_purged_floors":[7],"is_endless":false,"potions_floor_spawned":[1,3,4,19,22,27,28],"killed_by":"Slavers","ascension_level":3}