{"gold_per_floor":[117,128,128,53,67,67,99,99,99,99,2,2,21,49,61,144,206,237,249,184,184,106,106,137,137,162,162,193,209,209,236,236,313,313,326,326,342,360,39,67,67,92,92,92,92,92,112,11,11,11],"floor_reached":51,"playtime":2435,"items_purged":["Regret"],"score":1519,"play_id":"eed4e7e3-d97f-4227-bc9b-d1335f52ca1b","local_time":"20190318032929","is_ascension_mode":true,"campfire_choices":[{"data":"Zap","floor":6.0,"key":"SMITH"},{"floor":8.0,"key":"REST"},{"data":"1","floor":10.0,"key":"LIFT"},{"data":"2","floor":12.0,"key":"LIFT"},{"floor":15.0,"key":"REST"},{"data":"Fission","floor":23.0,"key":"SMITH"},{"floor":25.0,"key":"REST"},{"data":"Defragment","floor":27.0,"key":"SMITH"},{"floor":32.0,"key":"REST"},{"floor":41.0,"key":"REST"},{"data":"Echo Form","floor":44.0,"key":"SMITH"},{"floor":46.0,"key":"REST"},{"data":"Hologram","floor":49.0,"key":"SMITH"}],"neow_cost":"NONE","seed_source_timestamp":305827941553092,"circlet_count":0,"master_deck":["AscendersBane","Strike_B+1","Strike_B+1","Defend_B+1","Defend_B+1","Defend_B+1","Defend_B+1","Zap+1","Dualcast","Ball Lightning","Chill","Go for the Eyes+1","Gash","Gash","Capacitor","Fission+1","Gash","All For One","Gash","Cold Snap","Defragment+1","Gash","Leap","Gash","Doom and Gloom","Gash","Glacier+1","Echo Form+1","Go for the Eyes","Defragment","Hologram+1","Go for the Eyes","Beam Cell","Go for the Eyes","Go for the Eyes","Coolheaded"],"special_seed":0,"relics":["Cracked Core","NeowsBlessing","Girya","WingedGreaves","Nunchaku","MawBank","Tiny House","Ornamental Fan","Regal Pillow","Anchor","Omamori","Calling Bell","Pen Nib","Question Card","Shovel","Unceasing Top","Oddly Smooth Stone","Boot","Pear"],"potions_floor_usage":[50,50],"damage_taken":[{"damage":0.0,"enemies":"2 Louse","floor":1.0,"turns":1.0},{"damage":0.0,"enemies":"Jaw Worm","floor":2.0,"turns":1.0},{"damage":0.0,"enemies":"Small Slimes","floor":5.0,"turns":1.0},{"damage":35.0,"enemies":"Gremlin Nob","floor":7.0,"turns":4.0},{"damage":5.0,"enemies":"Red Slaver","floor":13.0,"turns":2.0},{"damage":23.0,"enemies":"Lagavulin","floor":14.0,"turns":6.0},{"damage":32.0,"enemies":"Hexaghost","floor":16.0,"turns":9.0},{"damage":13.0,"enemies":"Chosen","floor":18.0,"turns":4.0},{"damage":5.0,"enemies":"Gremlin Leader","floor":24.0,"turns":4.0},{"damage":21.0,"enemies":"Slavers","floor":28.0,"turns":5.0},{"damage":0.0,"enemies":"Shell Parasite","floor":29.0,"turns":3.0},{"damage":20.0,"enemies":"Book of Stabbing","floor":31.0,"turns":5.0},{"damage":40.0,"enemies":"Collector","floor":33.0,"turns":9.0},{"damage":4.0,"enemies":"Orb Walker","floor":35.0,"turns":3.0},{"damage":8.0,"enemies":"3 Shapes","floor":37.0,"turns":6.0},{"damage":12.0,"enemies":"Spire Growth","floor":38.0,"turns":4.0},{"damage":4.0,"enemies":"Nemesis","floor":40.0,"turns":5.0},{"damage":39.0,"enemies":"Giant Head","floor":42.0,"turns":8.0},{"damage":8.0,"enemies":"3 Darklings","floor":47.0,"turns":4.0},{"damage":49,"enemies":"Awakened One","floor":50,"turns":9}],"seed_played":"5482069658183939767","potions_obtained":[{"floor":5.0,"key":"PowerPotion"},{"floor":14.0,"key":"Block Potion"},{"floor":16.0,"key":"SteroidPotion"},{"floor":17.0,"key":"EntropicBrew"},{"floor":31.0,"key":"Strength Potion"},{"floor":33.0,"key":"Regen Potion"},{"floor":35.0,"key":"SpeedPotion"},{"floor":40.0,"key":"PowerPotion"}],"is_trial":false,"path_per_floor":["M","M","?","?","M","R","E","R","T","R","$","R","M","E","R","B",null,"M","?","$","?","$","R","E","R","T","R","E","M","?","E","R","B",null,"M","?","M","M","$","E","R","E","T","R","?","R","M","$","R","B",null],"character_chosen":"DEFECT","items_purchased":["Gash","Capacitor","Defragment","Gash","Leap","Unceasing Top","Coolheaded"],"campfire_rested":6,"item_purchase_floors":[11,11,20,22,22,39,48],"current_hp_per_floor":[64,64,64,64,64,64,29,50,50,50,50,50,45,22,43,11,61,48,48,48,48,48,48,43,65,65,65,44,44,44,24,61,21,62,58,58,50,38,38,34,71,32,42,42,42,82,74,74,74,39],"gold":11,"neow_bonus":"THREE_ENEMY_KILL","is_prod":false,"is_daily":false,"chose_seed":false,"campfire_upgraded":5,"win_rate":0,"timestamp":1552876169,"path_taken":["M","M","?","?","?","R","E","R","T","R","$","R","M","E","R","BOSS","M","?","$","?","$","R","E","R","T","R","E","M","?","E","R","BOSS","M","?","M","M","$","E","R","E","T","R","?","R","?","$","R","BOSS"],"build_version":"2019-01-23","purchased_purges":1,"victory":true,"max_hp_per_floor":[71,71,71,71,71,71,71,71,71,71,71,71,71,71,71,71,76,76,76,76,76,76,76,76,76,76,76,76,76,76,76,76,76,76,76,76,76,76,76,76,76,76,86,86,86,86,86,86,86,86],"card_choices":[{"not_picked":["Hologram","Streamline"],"picked":"Ball Lightning","floor":1.0},{"not_picked":["Skim","Turbo"],"picked":"Chill","floor":2.0},{"not_picked":["Coolheaded","Barrage"],"picked":"Go for the Eyes","floor":5.0},{"not_picked":["Leap","Melter"],"picked":"Gash","floor":7.0},{"not_picked":["Skim","Beam Cell"],"picked":"Fission","floor":13.0},{"not_picked":["Leap","Compile Driver"],"picked":"Gash","floor":14.0},{"not_picked":["Fission","Meteor Strike"],"picked":"All For One","floor":16.0},{"not_picked":["Barrage","Leap"],"picked":"Gash","floor":17.0},{"not_picked":["Steam","Leap"],"picked":"Cold Snap","floor":18.0},{"not_picked":["FTL","Leap"],"picked":"Gash","floor":24.0},{"not_picked":["Reprogram","Ball Lightning"],"picked":"Doom and Gloom","floor":28.0},{"not_picked":["Hello World","Sweeping Beam"],"picked":"Gash","floor":29.0},{"not_picked":["Rip and Tear","Undo"],"picked":"Glacier+1","floor":31.0},{"not_picked":["Creative AI","Rainbow"],"picked":"Echo Form","floor":33.0},{"not_picked":["Rip and Tear","Gash","Leap"],"picked":"Go for the Eyes","floor":35.0},{"not_picked":["Genetic Algorithm","Melter","Gash"],"picked":"Defragment","floor":37.0},{"not_picked":["Blizzard","Steam","Streamline+1"],"picked":"Hologram","floor":38.0},{"not_picked":["Skim","Rainbow","Fusion"],"picked":"Go for the Eyes","floor":40.0},{"not_picked":["Turbo","Heatsinks","Chaos"],"picked":"Beam Cell","floor":42.0},{"not_picked":["Ball Lightning","Leap+1","Rebound+1"],"picked":"Go for the Eyes","floor":47.0}],"player_experience":629992,"relics_obtained":[{"floor":7.0,"key":"WingedGreaves"},{"floor":9.0,"key":"Nunchaku"},{"floor":14.0,"key":"MawBank"},{"floor":24.0,"key":"Ornamental Fan"},{"floor":26.0,"key":"Regal Pillow"},{"floor":28.0,"key":"Anchor"},{"floor":31.0,"key":"Omamori"},{"floor":34.0,"key":"Pen Nib"},{"floor":34.0,"key":"Question Card"},{"floor":34.0,"key":"Shovel"},{"floor":40.0,"key":"Oddly Smooth Stone"},{"floor":42.0,"key":"Boot"},{"floor":43.0,"key":"Pear"}],"event_choices":[{"damage_healed":0.0,"max_hp_gain":0.0,"max_hp_loss":0.0,"gold_gain":0.0,"event_name":"Big Fish","player_choice":"Box","floor":3.0,"gold_loss":0.0,"damage_taken":0.0,"relics_obtained":["Girya"],"cards_obtained":["Regret"]},{"cards_removed":["Regret"],"damage_healed":0.0,"max_hp_gain":0.0,"max_hp_loss":0.0,"gold_gain":0.0,"event_name":"The Cleric","player_choice":"Card Removal","floor":4.0,"gold_loss":75.0,"damage_taken":0.0},{"damage_healed":0.0,"max_hp_gain":0.0,"max_hp_loss":0.0,"gold_gain":0.0,"event_name":"Cursed Tome","player_choice":"Ignored","floor":19.0,"gold_loss":0.0,"damage_taken":0.0},{"damage_healed":0.0,"max_hp_gain":0.0,"max_hp_loss":0.0,"gold_gain":0.0,"event_name":"Back to Basics","player_choice":"Simplicity","floor":21.0,"gold_loss":0.0,"damage_taken":0.0,"cards_upgraded":["Strike_B","Strike_B","Strike_B","Strike_B","Defend_B","Defend_B","Defend_B","Defend_B"]},{"cards_removed":["Strike_B"],"damage_healed":0.0,"max_hp_gain":0.0,"max_hp_loss":0.0,"gold_gain":0.0,"event_name":"Bonfire Elementals","player_choice":"Offered Basic","floor":30.0,"gold_loss":0.0,"damage_taken":0.0},{"damage_healed":0.0,"max_hp_gain":0.0,"max_hp_loss":0.0,"gold_gain":0.0,"event_name":"Mysterious Sphere","player_choice":"Ignored","floor":36.0,"gold_loss":0.0,"damage_taken":0.0},{"damage_healed":0.0,"max_hp_gain":0.0,"max_hp_loss":0.0,"gold_gain":0.0,"cards_transformed":["Strike_B"],"event_name":"Transmorgrifier","player_choice":"Transformed","floor":45.0,"gold_loss":0.0,"damage_taken":0.0,"cards_obtained":["Go for the Eyes"]}],"is_beta":false,"boss_relics":[{"not_picked":["Ectoplasm","Eternal Feather"],"picked":"Tiny House"},{"not_picked":["Snecko Eye","Black Star"],"picked":"Calling Bell"}],"items_purged_floors":[48],"is_endless":false,"potions_floor_spawned":[5,14,16,31,33,35,40],"ascension_level":19}