{"gold_per_floor":[117,14,77,87,107,107,136,136,162,162],"floor_reached":10,"playtime":309,"items_purged":[],"score":182,"play_id":"da539ff3-8d48-49bd-b91e-7a00261d74e8","local_time":"20190220112049","is_ascension_mode":true,"campfire_choices":[{"data":"Neutralize","floor":6.0,"key":"SMITH"}],"neow_cost":"","seed_source_timestamp":0,"circlet_count":0,"master_deck":["AscendersBane","Defend_G","Defend_G","Defend_G","Defend_G","Defend_G","Strike_G","Strike_G","Strike_G","Strike_G","Strike_G","Survivor","Neutralize+1","Expertise","Masterful Stab","Deflect","Backstab","Choke"],"special_seed":0,"relics":["Ring of the Snake","Turnip","Torii","Bag of Preparation"],"potions_floor_usage":[],"damage_taken":[{"damage":0.0,"enemies":"2 Louse","floor":1.0,"turns":3.0},{"damage":0.0,"enemies":"Jaw Worm","floor":4.0,"turns":4.0},{"damage":0.0,"enemies":"Cultist","floor":5.0,"turns":3.0},{"damage":0.0,"enemies":"Lagavulin","floor":7.0,"turns":5.0},{"damage":8,"enemies":"Large Slime","floor":10,"turns":2}],"seed_played":"8977479476107336936","potions_obtained":[{"floor":4.0,"key":"GamblersBrew"},{"floor":5.0,"key":"GhostInAJar"},{"floor":7.0,"key":"Regen Potion"}],"is_trial":true,"path_per_floor":["M","$","?","M","M","R","E","T","T","M"],"character_chosen":"THE_SILENT","items_purchased":["Masterful Stab","Deflect"],"campfire_rested":0,"item_purchase_floors":[2,2],"current_hp_per_floor":[1,1,1,1,1,1,1,1,1,0],"gold":162,"neow_bonus":"","is_prod":false,"is_daily":false,"chose_seed":false,"campfire_upgraded":1,"win_rate":0,"timestamp":1550632849,"path_taken":["M","$","?","M","M","R","E","?","T","?"],"build_version":"2019-01-23","purchased_purges":0,"victory":false,"max_hp_per_floor":[1,1,1,1,1,1,1,1,1,1],"card_choices":[{"not_picked":["Blade Dance","Underhanded Strike"],"picked":"Expertise","floor":1.0},{"not_picked":["Calculated Gamble","Crippling Poison"],"picked":"Backstab","floor":4.0},{"not_picked":["Dodge and Roll","Sucker Punch"],"picked":"Choke","floor":5.0},{"not_picked":["Outmaneuver","Tools of the Trade","Distraction"],"picked":"SKIP","floor":7.0}],"player_experience":2641834,"relics_obtained":[{"floor":7.0,"key":"Turnip"},{"floor":8.0,"key":"Torii"},{"floor":9.0,"key":"Bag of Preparation"}],"event_choices":[{"damage_healed":0.0,"max_hp_gain":0.0,"max_hp_loss":0.0,"gold_gain":63.0,"event_name":"Golden Wing","player_choice":"Gained Gold","floor":3.0,"gold_loss":0.0,"damage_taken":0.0}],"is_beta":false,"boss_relics":[],"items_purged_floors":[],"is_endless":false,"potions_floor_spawned":[4,5,7],"killed_by":"Large Slime","ascension_level":20}