{"gold_per_floor":[117,132,132,32,45,45,76,76,76,101,113,113,113,130,130,207,207,225,184,184,184,196,196,225,225,225,12,26,26,26,37,37,37],"floor_reached":33,"playtime":1498,"items_purged":["Parasite"],"score":596,"play_id":"60fdea18-5b98-4a2b-a9a6-49efd570be61","local_time":"20190318015757","is_ascension_mode":true,"campfire_choices":[{"data":"Gash","floor":6.0,"key":"SMITH"},{"data":"Conserve Battery","floor":8.0,"key":"SMITH"},{"data":"Defragment","floor":13.0,"key":"SMITH"},{"data":"Go for the Eyes","floor":15.0,"key":"SMITH"},{"floor":23.0,"key":"REST"},{"data":"White Noise","floor":25.0,"key":"SMITH"},{"data":"Streamline","floor":30.0,"key":"SMITH"},{"floor":32.0,"key":"REST"}],"neow_cost":"CURSE","seed_source_timestamp":300441687656985,"circlet_count":0,"master_deck":["AscendersBane","Strike_B","Strike_B","Strike_B","Defend_B","Defend_B","Defend_B","Defend_B","Zap+1","Dualcast","Sweeping Beam","Conserve Battery+1","Ball Lightning","Gash+1","Leap","Defragment+1","Go for the Eyes+1","Streamline+1","Echo Form","Rebound+1","White Noise+1","Undo+1","Conserve Battery+1","Force Field","Seek","Double Energy+1"],"special_seed":0,"relics":["FrozenCore","Happy Flower","Question Card","Ornamental Fan","Strawberry","Gremlin Horn","Oddly Smooth Stone"],"potions_floor_usage":[33],"damage_taken":[{"damage":2.0,"enemies":"Cultist","floor":1.0,"turns":4.0},{"damage":2.0,"enemies":"Jaw Worm","floor":2.0,"turns":3.0},{"damage":5.0,"enemies":"2 Louse","floor":5.0,"turns":3.0},{"damage":4.0,"enemies":"3 Sentries","floor":7.0,"turns":6.0},{"damage":2.0,"enemies":"Gremlin Nob","floor":10.0,"turns":3.0},{"damage":3.0,"enemies":"Blue Slaver","floor":11.0,"turns":3.0},{"damage":20.0,"enemies":"Gremlin Gang","floor":14.0,"turns":4.0},{"damage":16.0,"enemies":"Hexaghost","floor":16.0,"turns":8.0},{"damage":15.0,"enemies":"Spheric Guardian","floor":18.0,"turns":6.0},{"damage":10.0,"enemies":"2 Thieves","floor":22.0,"turns":4.0},{"damage":14.0,"enemies":"Book of Stabbing","floor":24.0,"turns":7.0},{"damage":12.0,"enemies":"Snake Plant","floor":28.0,"turns":6.0},{"damage":0.0,"enemies":"Gremlin Leader","floor":29.0,"turns":2.0},{"damage":2.0,"enemies":"Snecko","floor":31.0,"turns":7.0},{"damage":98,"enemies":"Collector","floor":33,"turns":6}],"seed_played":"2055280263479106337","potions_obtained":[{"floor":5.0,"key":"Dexterity Potion"},{"floor":7.0,"key":"PowerPotion"},{"floor":10.0,"key":"PowerPotion"},{"floor":16.0,"key":"SmokeBomb"},{"floor":18.0,"key":"SteroidPotion"},{"floor":31.0,"key":"Regen Potion"}],"is_trial":false,"path_per_floor":["M","M","?","$","M","R","E","R","T","E","M","?","R","M","R","B",null,"M","$","?","?","M","R","E","R","T","$","M","E","R","M","R","B"],"character_chosen":"DEFECT","items_purchased":["Ball Lightning","White Noise","Oddly Smooth Stone","Force Field"],"campfire_rested":2,"item_purchase_floors":[4,19,27,27],"current_hp_per_floor":[76,74,74,74,69,69,65,65,65,63,60,65,65,45,45,29,73,58,58,58,58,48,74,67,67,67,67,55,55,55,53,81,0],"gold":37,"neow_bonus":"TWENTY_PERCENT_HP_BONUS","is_prod":false,"is_daily":false,"chose_seed":false,"campfire_upgraded":6,"win_rate":0,"timestamp":1552870677,"path_taken":["M","M","?","$","?","R","E","R","T","E","M","?","R","M","R","BOSS","M","$","?","?","M","R","E","R","T","$","M","E","R","?","R","BOSS"],"build_version":"2019-01-23","purchased_purges":1,"victory":false,"max_hp_per_floor":[85,85,85,82,82,82,82,82,82,82,82,87,87,87,87,87,87,87,87,87,87,87,87,94,94,94,94,94,94,94,94,94,94],"card_choices":[{"not_picked":["Gash","Hologram"],"picked":"Sweeping Beam","floor":1.0},{"not_picked":["Reprogram","Aggregate"],"picked":"Conserve Battery","floor":2.0},{"not_picked":["Scrape","Turbo"],"picked":"Gash","floor":5.0},{"not_picked":["Coolheaded","Auto Shields"],"picked":"Leap","floor":7.0},{"not_picked":["Melter","Barrage","Loop"],"picked":"Defragment","floor":10.0},{"not_picked":["Reprogram","Compile Driver","Storm"],"picked":"Go for the Eyes","floor":11.0},{"not_picked":["Redo","Sunder","Consume"],"picked":"Streamline","floor":14.0},{"not_picked":["Creative AI","All For One","Hyperbeam"],"picked":"Echo Form","floor":16.0},{"not_picked":["FTL","Hello World","Steam"],"picked":"Rebound+1","floor":18.0},{"not_picked":["Redo","Go for the Eyes","Steam"],"picked":"Undo+1","floor":22.0},{"not_picked":["Leap","Fusion","Turbo"],"picked":"Conserve Battery+1","floor":24.0},{"not_picked":["Double Energy","Aggregate+1","Go for the Eyes"],"picked":"Seek","floor":28.0},{"not_picked":["Beam Cell","Compile Driver","Rip and Tear"],"picked":"Double Energy+1","floor":31.0}],"player_experience":628334,"relics_obtained":[{"floor":7.0,"key":"Happy Flower"},{"floor":9.0,"key":"Question Card"},{"floor":10.0,"key":"Ornamental Fan"},{"floor":24.0,"key":"Strawberry"},{"floor":26.0,"key":"Gremlin Horn"}],"event_choices":[{"damage_healed":0.0,"max_hp_gain":0.0,"max_hp_loss":0.0,"gold_gain":0.0,"event_name":"Upgrade Shrine","player_choice":"Upgraded","floor":3.0,"gold_loss":0.0,"damage_taken":0.0,"cards_upgraded":["Zap"]},{"damage_healed":0.0,"max_hp_gain":5.0,"max_hp_loss":0.0,"gold_gain":0.0,"event_name":"Big Fish","player_choice":"Donut","floor":12.0,"gold_loss":0.0,"damage_taken":0.0},{"damage_healed":0.0,"max_hp_gain":0.0,"max_hp_loss":0.0,"gold_gain":0.0,"event_name":"Vampires","player_choice":"Ignored","floor":20.0,"gold_loss":0.0,"damage_taken":0.0},{"cards_removed":["Strike_B"],"damage_healed":0.0,"max_hp_gain":0.0,"max_hp_loss":0.0,"gold_gain":0.0,"event_name":"Bonfire Elementals","player_choice":"Offered Basic","floor":21.0,"gold_loss":0.0,"damage_taken":0.0}],"is_beta":false,"boss_relics":[{"not_picked":["Runic Dome","Runic Pyramid"],"picked":"FrozenCore"}],"items_purged_floors":[4],"is_endless":false,"potions_floor_spawned":[5,7,10,16,18,29,31],"killed_by":"Collector","ascension_level":19}