{"gold_per_floor":[110,84,97,97,97,97,131,48,71,71,89,89,116,127,127,127],"floor_reached":16,"playtime":518,"items_purged":[],"score":266,"play_id":"ab8df2d8-99f2-4bcc-9999-62c7e1675b60","local_time":"25620127134756","is_ascension_mode":true,"campfire_choices":[{"data":"infinitespire:OneForAll","floor":10.0,"key":"SMITH"},{"data":"Metallicize","floor":12.0,"key":"SMITH"},{"data":"strawberrySpire:Taunt","floor":15.0,"key":"SMITH"}],"neow_cost":"NONE","seed_source_timestamp":4922438566923,"circlet_count":0,"master_deck":["AscendersBane","Strike_R+1","Strike_R","Strike_R","Strike_R","Strike_R+1","Defend_R","Defend_R+1","Defend_R","Defend_R","Bash+1","Pommel Strike","strawberrySpire:ZonePlayer","Decay","infinitespire:OneForAll+1","Metallicize+1","strawberrySpire:DebrisPile","strawberrySpire:Taunt+1"],"special_seed":0,"relics":["Burning Blood","NeowsBlessing","GoodDreamPillow","strawberrySpire:KineticCharger","Oddly Smooth Stone","Letter Opener"],"potions_floor_usage":[16,16],"damage_taken":[{"damage":0.0,"enemies":"Jaw Worm","floor":1.0,"turns":1.0},{"damage":0.0,"enemies":"Cultist","floor":3.0,"turns":1.0},{"damage":0.0,"enemies":"Gremlin Nob","floor":7.0,"turns":1.0},{"damage":5.0,"enemies":"2 Louse","floor":11.0,"turns":3.0},{"damage":31.0,"enemies":"3 Sentries","floor":13.0,"turns":14.0},{"damage":8.0,"enemies":"Looter","floor":14.0,"turns":4.0},{"damage":33,"enemies":"Slime Boss","floor":16,"turns":10}],"seed_played":"-4656689101827884070","potions_obtained":[{"floor":3.0,"key":"PowerPotion"},{"floor":13.0,"key":"GamblersBrew"},{"floor":14.0,"key":"CalmPotion"}],"is_trial":false,"path_per_floor":["M","?","M","?","?","R","E","$","T","R","M","R","E","M","R","B"],"character_chosen":"IRONCLAD","items_purchased":["Metallicize"],"campfire_rested":0,"item_purchase_floors":[8],"current_hp_per_floor":[74,74,75,75,75,75,75,75,75,75,75,75,50,48,48,15],"gold":127,"neow_bonus":"THREE_ENEMY_KILL","is_prod":false,"is_daily":false,"chose_seed":false,"campfire_upgraded":3,"win_rate":0,"timestamp":1548571676,"path_taken":["M","?","?","?","?","R","E","$","T","R","M","R","E","M","R","BOSS"],"build_version":"2019-01-23","purchased_purges":0,"victory":false,"max_hp_per_floor":[75,75,75,75,75,75,75,75,75,75,75,75,75,75,75,75],"card_choices":[{"not_picked":["Thunderclap","Metallicize"],"picked":"Pommel Strike","floor":1.0},{"not_picked":["Sever Soul","Replay:Undeath\u0027s Touch"],"picked":"strawberrySpire:ZonePlayer","floor":3.0},{"not_picked":["Thunderclap","Clash"],"picked":"infinitespire:OneForAll","floor":7.0},{"not_picked":["Anger","Sword Boomerang","infinitespire:OneForAll"],"picked":"SKIP","floor":11.0},{"not_picked":["Defy Death","Wild Strike"],"picked":"strawberrySpire:DebrisPile","floor":13.0},{"not_picked":["Warcry","Demonic Infusion"],"picked":"strawberrySpire:Taunt","floor":14.0}],"player_experience":315329,"relics_obtained":[{"floor":7.0,"key":"strawberrySpire:KineticCharger"},{"floor":9.0,"key":"Oddly Smooth Stone"},{"floor":13.0,"key":"Letter Opener"}],"event_choices":[{"damage_healed":0.0,"max_hp_gain":0.0,"max_hp_loss":0.0,"gold_gain":0.0,"event_name":"Wheel of Change","player_choice":"Cursed","floor":5.0,"gold_loss":0.0,"damage_taken":0.0,"cards_obtained":["Decay"]}],"is_beta":false,"boss_relics":[],"items_purged_floors":[],"is_endless":false,"potions_floor_spawned":[3,13,14],"killed_by":"Slime Boss","ascension_level":20}