{"gold_per_floor":[110,121,131,143,68,103,103,120,120,130,130,130,30,105,105,105],"floor_reached":16,"playtime":513,"items_purged":["Strike_B","Strike_B"],"score":153,"play_id":"ac2d1411-4037-4263-ade1-4dbc33de3cee","local_time":"20181110014025","is_ascension_mode":true,"campfire_choices":[{"floor":7,"key":"REST"},{"floor":11,"key":"REST"},{"data":"Defragment","floor":15,"key":"SMITH"}],"neow_cost":"NONE","seed_source_timestamp":359275308911628,"circlet_count":0,"master_deck":["AscendersBane","Strike_B","Strike_B","Defend_B","Defend_B","Defend_B","Defend_B","Zap","Dualcast","Double Energy","Gash","Turbo","Capacitor","Reinforced Body","Defragment+1","Fusion"],"relics":["Cracked Core","Boot","Oddly Smooth Stone","Darkstone Periapt"],"potions_floor_usage":[6,10,16],"damage_taken":[{"damage":0,"enemies":"2 Louse","floor":1,"turns":2},{"damage":7,"enemies":"Jaw Worm","floor":2,"turns":3},{"damage":5,"enemies":"Small Slimes","floor":3,"turns":3},{"damage":22,"enemies":"Gremlin Gang","floor":4,"turns":5},{"damage":30,"enemies":"Lagavulin","floor":6,"turns":7},{"damage":3,"enemies":"3 Louse","floor":8,"turns":4},{"damage":19,"enemies":"Exordium Wildlife","floor":10,"turns":6},{"damage":24,"enemies":"Hexaghost","floor":16,"turns":9}],"seed_played":"-2613773665864415309","potions_obtained":[{"floor":4,"key":"AttackPotion"},{"floor":8,"key":"PowerPotion"},{"floor":10,"key":"GamblersBrew"}],"is_trial":false,"path_per_floor":["M","M","M","M","$","E","R","M","T","M","R","?","$","?","R","B"],"character_chosen":"DEFECT","items_purchased":[],"campfire_rested":2,"item_purchase_floors":[],"current_hp_per_floor":[68,61,56,34,34,4,26,23,23,4,26,31,31,20,20,0],"gold":105,"neow_bonus":"RANDOM_COMMON_RELIC","is_prod":false,"is_daily":false,"chose_seed":false,"campfire_upgraded":1,"win_rate":0,"timestamp":1541810425,"path_taken":["M","M","M","M","$","E","R","M","T","M","R","?","$","?","R","BOSS"],"build_version":"2018-11-08","purchased_purges":2,"victory":false,"max_hp_per_floor":[75,75,75,75,75,75,75,75,75,75,75,80,80,80,80,80],"card_choices":[{"not_picked":["Coolheaded","Beam Cell"],"picked":"Double Energy","floor":1},{"not_picked":["Lockon","Turbo"],"picked":"Gash","floor":2},{"not_picked":["Redo","Doom and Gloom"],"picked":"Turbo","floor":3},{"not_picked":["Hologram","Blizzard"],"picked":"Capacitor","floor":4},{"not_picked":["Undo","Genetic Algorithm"],"picked":"Reinforced Body","floor":6},{"not_picked":["Recycle","Sweeping Beam"],"picked":"Defragment","floor":8},{"not_picked":["Rebound","Barrage"],"picked":"Fusion","floor":10}],"player_experience":326078,"relics_obtained":[{"floor":6,"key":"Oddly Smooth Stone"},{"floor":9,"key":"Darkstone Periapt"}],"event_choices":[{"damage_healed":0,"gold_gain":0,"player_choice":"Donut","damage_taken":0,"max_hp_gain":5,"max_hp_loss":0,"event_name":"Big Fish","floor":12,"gold_loss":0},{"damage_healed":0,"gold_gain":75,"player_choice":"Gather Gold","damage_taken":11,"max_hp_gain":0,"max_hp_loss":0,"event_name":"World of Goop","floor":14,"gold_loss":0}],"is_beta":false,"boss_relics":[],"items_purged_floors":[5,13],"is_endless":false,"potions_floor_spawned":[4,8,10],"killed_by":"Hexaghost","ascension_level":10}