{"gold_per_floor":[361,373,373,2,20,20,47,47,95,129,139,159,192,42,42,144,144,164,164,180,199,199,231,231,260,286,316,331,357,457,467,467,571,571,582,592,642,59,159,194,44,75,75,102,102,102,114,114,114,114],"floor_reached":50,"playtime":3076,"items_purged":["Strike_R","Strike_R","Defend_R","Defend_R"],"score":837,"play_id":"9808044d-7453-42ae-b383-6524e555a3bc","local_time":"20190329165424","is_ascension_mode":true,"campfire_choices":[{"data":"Flex","floor":6,"key":"SMITH"},{"data":"Double Tap","floor":8,"key":"SMITH"},{"data":"Heavy Blade","floor":15,"key":"SMITH"},{"data":"Seeing Red","floor":24,"key":"SMITH"},{"data":"Cleave","floor":32,"key":"SMITH"},{"floor":46,"key":"RECALL"},{"data":"Pummel","floor":49,"key":"SMITH"}],"neow_cost":"PERCENT_DAMAGE","seed_source_timestamp":1233917918821600,"circlet_count":0,"master_deck":["Strike_R+1","Strike_R","Defend_R+1","Bash+1","Cleave+1","Flex+1","Double Tap+1","Reaper","Seeing Red+1","Heavy Blade+1","Feed","Pummel+1","Pummel+1","Impervious","PanicButton","Rampage+1","Armaments+1"],"relics":["Burning Blood","Red Skull","Ancient Tea Set","Bronze Scales","Strawberry","Mercury Hourglass","Orichalcum","Coffee Dripper","War Paint","Vajra","Red Mask","Whetstone","Lizard Tail","Nunchaku","ClockworkSouvenir","Anchor","Calipers","Prayer Wheel","Pen Nib","Blood Vial","Potion Belt","Darkstone Periapt"],"potions_floor_usage":[12,12,13,16,18,21,25,29,33,37,39,42,42,44],"damage_taken":[{"damage":5,"enemies":"Small Slimes","floor":1,"turns":4},{"damage":13,"enemies":"Jaw Worm","floor":2,"turns":4},{"damage":0,"enemies":"2 Louse","floor":5,"turns":2},{"damage":31,"enemies":"Lagavulin","floor":7,"turns":8},{"damage":0,"enemies":"3 Sentries","floor":10,"turns":3},{"damage":0,"enemies":"Gremlin Gang","floor":11,"turns":1},{"damage":6,"enemies":"Exordium Wildlife","floor":12,"turns":2},{"damage":18,"enemies":"Gremlin Nob","floor":13,"turns":3},{"damage":27,"enemies":"Hexaghost","floor":16,"turns":8},{"damage":32,"enemies":"2 Thieves","floor":18,"turns":4},{"damage":6,"enemies":"Chosen","floor":20,"turns":3},{"damage":11,"enemies":"Centurion and Healer","floor":21,"turns":4},{"damage":24,"enemies":"Gremlin Leader","floor":23,"turns":4},{"damage":32,"enemies":"Book of Stabbing","floor":25,"turns":4},{"damage":4,"enemies":"Masked Bandits","floor":27,"turns":3},{"damage":12,"enemies":"Snake Plant","floor":28,"turns":2},{"damage":13,"enemies":"Gremlin Leader","floor":29,"turns":3},{"damage":4,"enemies":"Snecko","floor":31,"turns":3},{"damage":87,"enemies":"Automaton","floor":33,"turns":7},{"damage":8,"enemies":"3 Shapes","floor":35,"turns":7},{"damage":6,"enemies":"Orb Walker","floor":36,"turns":2},{"damage":51,"enemies":"2 Orb Walkers","floor":37,"turns":5},{"damage":0,"enemies":"Mind Bloom Boss Battle","floor":39,"turns":3},{"damage":7,"enemies":"Giant Head","floor":40,"turns":4},{"damage":107,"enemies":"Nemesis","floor":42,"turns":9},{"damage":83,"enemies":"Giant Head","floor":44,"turns":8},{"damage":12,"enemies":"Spire Growth","floor":47,"turns":2},{"damage":32,"enemies":"Time Eater","floor":50,"turns":5}],"seed_played":"-3483776534731608952","potions_obtained":[{"floor":2,"key":"Swift Potion"},{"floor":5,"key":"LiquidBronze"},{"floor":10,"key":"SkillPotion"},{"floor":16,"key":"Fruit Juice"},{"floor":20,"key":"Explosive Potion"},{"floor":23,"key":"Regen Potion"},{"floor":27,"key":"Regen Potion"},{"floor":31,"key":"SkillPotion"},{"floor":35,"key":"LiquidBronze"},{"floor":37,"key":"AttackPotion"},{"floor":39,"key":"LiquidBronze"},{"floor":40,"key":"SpeedPotion"},{"floor":42,"key":"FearPotion"}],"is_trial":false,"path_per_floor":["M","M","?","$","M","R","E","R","T","E","M","M","E","$","R","B",null,"M","?","M","M","?","E","R","E","T","?","M","E","?","M","R","B",null,"M","M","?","$","?","E","$","E","T","E","T","R","M","?","R","B"],"character_chosen":"IRONCLAD","items_purchased":["Red Skull","Ancient Tea Set","Block Potion","ClockworkSouvenir","Anchor","PanicButton"],"campfire_rested":0,"item_purchase_floors":[4,4,14,38,38,38],"current_hp_per_floor":[57,50,50,50,56,56,31,31,38,44,50,51,49,49,49,38,87,77,77,93,91,91,83,83,78,78,104,98,101,101,103,103,32,104,107,107,67,67,73,81,81,59,59,10,10,10,14,14,14,0],"gold":114,"neow_bonus":"TWO_FIFTY_GOLD","is_prod":false,"is_daily":false,"chose_seed":false,"campfire_upgraded":6,"win_rate":0,"timestamp":1553867664,"path_taken":["M","M","?","$","M","R","E","R","T","E","M","M","E","$","R","BOSS","M","?","M","M","?","E","R","E","T","?","M","E","?","M","R","BOSS","M","?","?","$","?","E","?","E","T","E","?","R","?","?","R","BOSS"],"build_version":"2019-01-23","purchased_purges":4,"victory":false,"max_hp_per_floor":[80,80,80,80,80,80,80,80,87,87,87,87,87,87,87,87,87,95,95,95,98,98,101,101,104,104,104,104,104,104,104,104,104,104,107,107,107,107,107,107,107,107,107,107,107,107,107,107,107,107],"card_choices":[{"not_picked":["Anger","Feel No Pain"],"picked":"Cleave","floor":1},{"not_picked":["Clash","Disarm"],"picked":"Flex","floor":2},{"not_picked":["Perfected Strike","Infernal Blade","Armaments"],"picked":"SKIP","floor":5},{"not_picked":["Evolve","Headbutt"],"picked":"Double Tap","floor":7},{"not_picked":["Shrug It Off","Cleave"],"picked":"Reaper","floor":10},{"not_picked":["True Grit","Clash"],"picked":"Seeing Red","floor":11},{"not_picked":["Rampage","Havoc"],"picked":"Heavy Blade","floor":12},{"not_picked":["Intimidate","Sword Boomerang","Barricade"],"picked":"SKIP","floor":13},{"not_picked":["Fiend Fire","Brutality"],"picked":"Feed","floor":16},{"not_picked":["True Grit","Sword Boomerang"],"picked":"Pummel","floor":18},{"not_picked":["Warcry","Cleave"],"picked":"Pummel+1","floor":20},{"not_picked":["Evolve+1","Infernal Blade","Havoc"],"picked":"SKIP","floor":21},{"not_picked":["Dark Embrace","Clothesline+1","Ghostly Armor"],"picked":"SKIP","floor":23},{"not_picked":["Wild Strike+1","Metallicize","Sword Boomerang+1"],"picked":"SKIP","floor":25},{"not_picked":["Clash","Bloodletting","Anger"],"picked":"SKIP","floor":28},{"not_picked":["Carnage","Sword Boomerang+1","Fiend Fire"],"picked":"SKIP","floor":29},{"not_picked":["Iron Wave","Clothesline+1","Combust"],"picked":"SKIP","floor":31},{"not_picked":["Dark Embrace","Double Tap"],"picked":"Impervious","floor":33},{"not_picked":["Combust+1","Flex","Heavy Blade+1"],"picked":"SKIP","floor":35},{"not_picked":["Heavy Blade","Whirlwind","Wild Strike+1"],"picked":"SKIP","floor":36},{"not_picked":["Anger","Berserk","Body Slam"],"picked":"SKIP","floor":40},{"not_picked":["Sever Soul","Blood for Blood","Iron Wave+1"],"picked":"SKIP","floor":42},{"not_picked":["Sentinel+1","Havoc+1"],"picked":"Rampage+1","floor":44},{"not_picked":["Sword Boomerang","True Grit"],"picked":"Armaments+1","floor":47},{"not_picked":["Rampage+1","Burning Pact","Brutality"],"picked":"SKIP","floor":47}],"player_experience":123664,"relics_obtained":[{"floor":7,"key":"Bronze Scales"},{"floor":9,"key":"Strawberry"},{"floor":10,"key":"Mercury Hourglass"},{"floor":13,"key":"Orichalcum"},{"floor":23,"key":"War Paint"},{"floor":25,"key":"Vajra"},{"floor":27,"key":"Red Mask"},{"floor":29,"key":"Whetstone"},{"floor":37,"key":"Nunchaku"},{"floor":39,"key":"Calipers"},{"floor":40,"key":"Prayer Wheel"},{"floor":42,"key":"Pen Nib"},{"floor":43,"key":"Blood Vial"},{"floor":44,"key":"Potion Belt"},{"floor":45,"key":"Darkstone Periapt"}],"event_choices":[{"cards_removed":["Strike_R"],"damage_healed":0,"gold_gain":0,"player_choice":"Forget","damage_taken":0,"max_hp_gain":0,"max_hp_loss":0,"event_name":"Living Wall","floor":3,"gold_loss":0},{"damage_healed":0,"gold_gain":0,"player_choice":"Ignored","damage_taken":0,"max_hp_gain":0,"max_hp_loss":0,"event_name":"Ghosts","floor":19,"gold_loss":0},{"damage_healed":0,"gold_gain":0,"player_choice":"Ignored","damage_taken":0,"max_hp_gain":0,"max_hp_loss":0,"event_name":"Vampires","floor":22,"gold_loss":0},{"damage_healed":0,"gold_gain":0,"player_choice":"Fought Bandits","damage_taken":0,"max_hp_gain":0,"max_hp_loss":0,"event_name":"Masked Bandits","floor":27,"gold_loss":0},{"damage_healed":0,"gold_gain":100,"player_choice":"Pray","damage_taken":0,"max_hp_gain":0,"max_hp_loss":0,"event_name":"Golden Shrine","floor":30,"gold_loss":0},{"damage_healed":0,"gold_gain":0,"player_choice":"Fight","damage_taken":0,"max_hp_gain":0,"max_hp_loss":0,"event_name":"Mysterious Sphere","floor":37,"gold_loss":0},{"damage_healed":0,"gold_gain":0,"player_choice":"Fight","damage_taken":0,"max_hp_gain":0,"max_hp_loss":0,"event_name":"MindBloom","floor":39,"gold_loss":0},{"cards_removed":["Defend_R"],"damage_healed":0,"gold_gain":0,"player_choice":"Removed Skill","damage_taken":0,"max_hp_gain":0,"max_hp_loss":0,"event_name":"Falling","floor":48,"gold_loss":0}],"is_beta":false,"boss_relics":[{"not_picked":["Orrery","White Beast Statue"],"picked":"Coffee Dripper"},{"not_picked":["Black Blood","Mark of Pain"],"picked":"Lizard Tail"}],"items_purged_floors":[4,14,38,41],"is_endless":false,"potions_floor_spawned":[2,5,10,16,20,23,27,31,35,37,39,40,42],"killed_by":"Time Eater","ascension_level":4}