{"gold_per_floor":[215,235,248,248,248,277,277,291,369,369,381,108,140,140,140,218,218,233,333,382,382,395,395,405,422,422,447,447,279,296,331,331,410,460,471,471,481,501,501,501,554,554,554,554,581,51,78,94,94,94],"floor_reached":51,"playtime":2265,"items_purged":["Strike_R","Strike_R","Strike_R"],"score":1330,"play_id":"38252f57-db92-40c9-8fcb-5e67b93cea90","local_time":"20190317174310","is_ascension_mode":true,"campfire_choices":[{"floor":10.0,"key":"REST"},{"data":"Armaments","floor":15.0,"key":"SMITH"},{"floor":23.0,"key":"REST"},{"floor":28.0,"key":"REST"},{"data":"Inflame","floor":32.0,"key":"SMITH"},{"data":"Spot Weakness","floor":40.0,"key":"SMITH"},{"floor":42,"key":"REST"},{"data":"Limit Break","floor":44,"key":"SMITH"},{"floor":49,"key":"REST"}],"neow_cost":"NONE","seed_source_timestamp":74805888336084,"circlet_count":0,"master_deck":["AscendersBane","Strike_R+1","Defend_R","Defend_R+1","Defend_R","Defend_R","Bash","Clothesline","Armaments+1","Pommel Strike+1","Shockwave","Shrug It Off+1","Shrug It Off","Battle Trance","Offering+1","Fiend Fire","Corruption","Flame Barrier","Spot Weakness+1","Shrug It Off","Inflame+1","Headbutt","Sword Boomerang+1","Limit Break+1","Entrench+1","PanicButton","Sword Boomerang+1","Shrug It Off","Heavy Blade+1"],"special_seed":0,"relics":["Burning Blood","Ginger","Question Card","Whetstone","Strawberry","Velvet Choker","Unceasing Top","Singing Bowl","Regal Pillow","Incense Burner","Blue Candle","Gambling Chip","Tiny House","Self Forming Clay","Pocketwatch","Ornamental Fan","Molten Egg 2","Ancient Tea Set","Meat on the Bone"],"potions_floor_usage":[41,50,50],"damage_taken":[{"damage":2.0,"enemies":"Jaw Worm","floor":1.0,"turns":3.0},{"damage":0.0,"enemies":"2 Louse","floor":2.0,"turns":3.0},{"damage":5.0,"enemies":"Small Slimes","floor":3.0,"turns":4.0},{"damage":46.0,"enemies":"Gremlin Nob","floor":6.0,"turns":5.0},{"damage":17.0,"enemies":"Blue Slaver","floor":8.0,"turns":5.0},{"damage":1.0,"enemies":"Large Slime","floor":11.0,"turns":6.0},{"damage":15.0,"enemies":"Lagavulin","floor":13.0,"turns":10.0},{"damage":11.0,"enemies":"Hexaghost","floor":16.0,"turns":8.0},{"damage":8.0,"enemies":"Shell Parasite","floor":18.0,"turns":4.0},{"damage":19.0,"enemies":"Colosseum Slavers","floor":19.0,"turns":5.0},{"damage":32.0,"enemies":"Colosseum Nobs","floor":19.0,"turns":8.0},{"damage":23.0,"enemies":"Spheric Guardian","floor":22.0,"turns":4.0},{"damage":10.0,"enemies":"Shelled Parasite and Fungi","floor":24.0,"turns":4.0},{"damage":8.0,"enemies":"Cultist and Chosen","floor":25.0,"turns":6.0},{"damage":25.0,"enemies":"Slavers","floor":27.0,"turns":6.0},{"damage":6.0,"enemies":"Snecko","floor":30.0,"turns":5.0},{"damage":11.0,"enemies":"Gremlin Leader","floor":31.0,"turns":5.0},{"damage":64.0,"enemies":"Collector","floor":33.0,"turns":12.0},{"damage":11.0,"enemies":"Orb Walker","floor":35.0,"turns":3.0},{"damage":12.0,"enemies":"3 Darklings","floor":37.0,"turns":6.0},{"damage":5.0,"enemies":"Maw","floor":38.0,"turns":7.0},{"damage":39,"enemies":"2 Orb Walkers","floor":41,"turns":4},{"damage":22,"enemies":"Nemesis","floor":45,"turns":5},{"damage":33,"enemies":"Giant Head","floor":47,"turns":7},{"damage":14,"enemies":"Transient","floor":48,"turns":5},{"damage":53,"enemies":"Awakened One","floor":50,"turns":7}],"seed_played":"-5027707380242122789","potions_obtained":[{"floor":1.0,"key":"FearPotion"},{"floor":6.0,"key":"PowerPotion"},{"floor":24.0,"key":"BloodPotion"},{"floor":25.0,"key":"FearPotion"},{"floor":27.0,"key":"Strength Potion"},{"floor":33.0,"key":"Explosive Potion"},{"floor":34.0,"key":"Energy Potion"},{"floor":37.0,"key":"Fruit Juice"}],"is_trial":false,"path_per_floor":["M","M","M","?","?","E","?","M","T","R","M","$","E","?","R","B",null,"M","?","T","?","M","R","M","M","T","E","R","$","M","E","R","B",null,"M","?","M","M","?","R","?","R","T","R","E","$","E","M","R","B",null],"character_chosen":"IRONCLAD","items_purchased":["Whetstone","Shrug It Off","Inflame","PanicButton","SpeedPotion","LiquidBronze","Ancient Tea Set","Sword Boomerang+1"],"campfire_rested":5,"item_purchase_floors":[12,12,29,46,46,46,46,46],"current_hp_per_floor":[72,75,75,80,80,40,40,29,29,53,58,58,56,30,30,25,72,70,33,33,33,16,57,53,51,51,40,81,81,81,78,78,22,80,75,75,69,77,79,79,46,93,93,93,79,79,52,56,103,68],"gold":94,"neow_bonus":"HUNDRED_GOLD","is_prod":false,"is_daily":false,"chose_seed":false,"campfire_upgraded":4,"win_rate":0,"timestamp":1552869790,"path_taken":["M","M","M","?","?","E","?","M","T","R","M","?","E","?","R","BOSS","M","?","?","?","?","R","M","M","T","E","R","$","M","E","R","BOSS","M","?","?","M","?","R","?","R","T","R","E","$","E","M","R","BOSS"],"build_version":"2019-01-23","purchased_purges":3,"victory":true,"max_hp_per_floor":[75,75,75,80,80,80,80,80,80,80,80,80,87,87,87,87,87,87,89,89,89,89,89,89,89,89,89,89,89,89,91,91,93,98,98,98,98,105,107,107,107,107,107,107,109,109,109,109,109,109],"card_choices":[{"not_picked":["Corruption","Body Slam"],"picked":"Clothesline","floor":1.0},{"not_picked":["Wild Strike","Fire Breathing"],"picked":"Armaments","floor":2.0},{"not_picked":["Clash","Armaments","Dropkick"],"picked":"SKIP","floor":3.0},{"not_picked":["Perfected Strike","Havoc"],"picked":"Pommel Strike","floor":6.0},{"not_picked":["Heavy Blade","Hemokinesis"],"picked":"Shockwave","floor":8.0},{"not_picked":["Whirlwind","Twin Strike","Uppercut"],"picked":"Shrug It Off","floor":11.0},{"not_picked":["Whirlwind","Power Through","Ghostly Armor"],"picked":"Battle Trance","floor":13.0},{"not_picked":["Reaper","Brutality","Double Tap"],"picked":"Offering","floor":16.0},{"not_picked":["Clothesline","Hemokinesis","Sentinel","Uppercut"],"picked":"SKIP","floor":18.0},{"not_picked":["Dual Wield","Entrench","Heavy Blade","Sever Soul"],"picked":"Singing Bowl","floor":19.0},{"not_picked":["Second Wind","Body Slam","Iron Wave"],"picked":"Corruption","floor":22.0},{"not_picked":["Barricade","Rupture","Thunderclap"],"picked":"Flame Barrier","floor":24.0},{"not_picked":["Body Slam","Sever Soul","Anger"],"picked":"Spot Weakness","floor":25.0},{"not_picked":["Pommel Strike","Dual Wield","Infernal Blade"],"picked":"Shrug It Off","floor":27.0},{"not_picked":["Thunderclap","Body Slam","Whirlwind"],"picked":"Dropkick+1","floor":30.0},{"not_picked":["Blood for Blood","Ghostly Armor","Offering","Sentinel"],"picked":"Singing Bowl","floor":31.0},{"not_picked":["Double Tap","Demon Form","Fiend Fire","Bludgeon"],"picked":"Singing Bowl","floor":33.0},{"not_picked":["Iron Wave","Twin Strike","Seeing Red"],"picked":"Headbutt","floor":34.0},{"not_picked":["Metallicize+1","Rage+1","Headbutt"],"picked":"Sword Boomerang+1","floor":35.0},{"not_picked":["Ghostly Armor","Warcry+1","Second Wind"],"picked":"Limit Break","floor":37.0},{"not_picked":["Armaments","Perfected Strike+1","Infernal Blade","Havoc"],"picked":"Singing Bowl","floor":38.0},{"not_picked":["Swift Strike","Metamorphosis","Deep Breath","Good Instincts"],"picked":"Singing Bowl","floor":39.0},{"not_picked":["Searing Blow+1","Sword Boomerang","True Grit"],"picked":"Entrench+1","floor":41},{"not_picked":["Sever Soul+1","Inflame","Iron Wave","Thunderclap"],"picked":"Singing Bowl","floor":45},{"not_picked":["Shockwave","Iron Wave+1","Wild Strike+1"],"picked":"Shrug It Off","floor":47},{"not_picked":["Burning Pact","Perfected Strike+1","Iron Wave+1"],"picked":"Heavy Blade+1","floor":48}],"player_experience":2359280,"relics_obtained":[{"floor":6.0,"key":"Ginger"},{"floor":9.0,"key":"Question Card"},{"floor":13.0,"key":"Strawberry"},{"floor":19.0,"key":"Unceasing Top"},{"floor":19.0,"key":"Singing Bowl"},{"floor":20.0,"key":"Regal Pillow"},{"floor":26.0,"key":"Incense Burner"},{"floor":27.0,"key":"Blue Candle"},{"floor":31.0,"key":"Gambling Chip"},{"floor":41,"key":"Pocketwatch"},{"floor":43,"key":"Ornamental Fan"},{"floor":45,"key":"Molten Egg 2"},{"floor":47,"key":"Meat on the Bone"}],"event_choices":[{"damage_healed":0.0,"max_hp_gain":5.0,"max_hp_loss":0.0,"gold_gain":0.0,"event_name":"Big Fish","player_choice":"Donut","floor":4.0,"gold_loss":0.0,"damage_taken":0.0},{"damage_healed":0.0,"max_hp_gain":0.0,"max_hp_loss":0.0,"gold_gain":0.0,"event_name":"The Cleric","player_choice":"Leave","floor":5.0,"gold_loss":0.0,"damage_taken":0.0},{"damage_healed":0.0,"max_hp_gain":0.0,"max_hp_loss":0.0,"gold_gain":0.0,"event_name":"Scrap Ooze","player_choice":"Fled","floor":7.0,"gold_loss":0.0,"damage_taken":0.0},{"damage_healed":0.0,"max_hp_gain":0.0,"max_hp_loss":0.0,"gold_gain":0.0,"event_name":"Shining Light","player_choice":"Entered Light","floor":14.0,"gold_loss":0.0,"damage_taken":26.0,"cards_upgraded":["Defend_R","Shrug It Off"]},{"damage_healed":0.0,"max_hp_gain":0.0,"max_hp_loss":0.0,"gold_gain":0.0,"event_name":"Colosseum","player_choice":"Fight","floor":19.0,"gold_loss":0.0,"damage_taken":0.0},{"damage_healed":0.0,"max_hp_gain":0.0,"max_hp_loss":0.0,"gold_gain":0.0,"event_name":"Colosseum","player_choice":"Fought Nobs","floor":19.0,"gold_loss":0.0,"damage_taken":0.0},{"damage_healed":0.0,"max_hp_gain":0.0,"max_hp_loss":0.0,"gold_gain":0.0,"cards_transformed":["Strike_R"],"event_name":"Transmorgrifier","player_choice":"Transformed","floor":21.0,"gold_loss":0.0,"damage_taken":0.0,"cards_obtained":["Fiend Fire"]},{"cards_removed":["Dropkick"],"damage_healed":0.0,"max_hp_gain":0.0,"max_hp_loss":0.0,"gold_gain":0.0,"event_name":"WeMeetAgain","player_choice":"Gave Card","floor":36.0,"gold_loss":0.0,"damage_taken":0.0,"relics_obtained":["Self Forming Clay"]},{"damage_healed":0.0,"max_hp_gain":0.0,"max_hp_loss":0.0,"gold_gain":0.0,"event_name":"SensoryStone","player_choice":"Memory 1","floor":39.0,"gold_loss":0.0,"damage_taken":0.0},{"damage_healed":0,"gold_gain":0,"player_choice":"Fight","damage_taken":0,"max_hp_gain":0,"max_hp_loss":0,"event_name":"Mysterious Sphere","floor":41,"gold_loss":0}],"is_beta":false,"boss_relics":[{"not_picked":["Calling Bell","Orrery"],"picked":"Velvet Choker"},{"not_picked":["Eternal Feather","Runic Dome"],"picked":"Tiny House"}],"items_purged_floors":[12,29,46],"is_endless":false,"potions_floor_spawned":[1,6,11,24,25,27,30,33,35,37,47],"ascension_level":15}