{"gold_per_floor":[110,110,110,123,48,48,68,68,95,122,155,167,317,351,351,428,428,446,446,457,107,107,107,136,186,186,202,215,140,167,182,182,259,259,270,322,422,433,448,448,481,481,505,505,118,118,130,159,159,159],"floor_reached":51,"playtime":2880,"items_purged":["Regret","Doubt","Cold Snap"],"score":1393,"play_id":"3e92f0f6-5b60-4b71-b07d-ca01118cb8c9","local_time":"20190414120453","is_ascension_mode":true,"campfire_choices":[{"data":"Undo","floor":6.0,"key":"SMITH"},{"data":"Sweeping Beam","floor":8.0,"key":"SMITH"},{"data":"Double Energy","floor":15.0,"key":"SMITH"},{"data":"Turbo","floor":23.0,"key":"SMITH"},{"data":"Machine Learning","floor":32.0,"key":"SMITH"},{"floor":40.0,"key":"REST"},{"floor":44.0,"key":"REST"},{"floor":49.0,"key":"REST"}],"neow_cost":"NONE","seed_source_timestamp":54993633247923,"circlet_count":0,"master_deck":["AscendersBane","Zap","Double Energy+1","Redo","Biased Cognition+1","Ball Lightning","Undo+1","Meteor Strike","Chill","Rebound","Hologram","Sweeping Beam+1","Echo Form","Turbo+1","Hologram","Meteor Strike","Self Repair","Echo Form","Go for the Eyes","Undo","Machine Learning+1","Leap+1","Electrodynamics","Chill+1","Defragment+1","Madness","Madness","Panache","Tempest","Echo Form","Static Discharge+1"],"special_seed":0,"relics":["Pandora\u0027s Box","Vajra","PreservedInsect","Oddly Smooth Stone","Dream Catcher","Bronze Scales","Sozu","Blood Vial","MutagenicStrength","Girya","Prayer Wheel","Shuriken","Lizard Tail","Unceasing Top","Torii","Gremlin Horn","Art of War","Kunai","Potion Belt"],"potions_floor_usage":[],"damage_taken":[{"damage":0.0,"enemies":"Jaw Worm","floor":1.0,"turns":2.0},{"damage":5.0,"enemies":"2 Louse","floor":4.0,"turns":2.0},{"damage":0.0,"enemies":"Cultist","floor":7.0,"turns":3.0},{"damage":20.0,"enemies":"3 Sentries","floor":11.0,"turns":3.0},{"damage":0.0,"enemies":"Large Slime","floor":12.0,"turns":3.0},{"damage":0.0,"enemies":"Lagavulin","floor":14.0,"turns":5.0},{"damage":13.0,"enemies":"Slime Boss","floor":16.0,"turns":7.0},{"damage":0.0,"enemies":"Spheric Guardian","floor":18.0,"turns":3.0},{"damage":0.0,"enemies":"Chosen","floor":20.0,"turns":3.0},{"damage":31.0,"enemies":"Slavers","floor":24.0,"turns":4.0},{"damage":21.0,"enemies":"Sentry and Sphere","floor":27.0,"turns":4.0},{"damage":8.0,"enemies":"Snecko","floor":28.0,"turns":5.0},{"damage":14.0,"enemies":"Gremlin Leader","floor":30.0,"turns":3.0},{"damage":0.0,"enemies":"Centurion and Healer","floor":31.0,"turns":4.0},{"damage":1.0,"enemies":"Automaton","floor":33.0,"turns":7.0},{"damage":21.0,"enemies":"3 Darklings","floor":35.0,"turns":5.0},{"damage":28.0,"enemies":"2 Orb Walkers","floor":36.0,"turns":3.0},{"damage":0.0,"enemies":"Mind Bloom Boss Battle","floor":37.0,"turns":5.0},{"damage":0.0,"enemies":"3 Shapes","floor":38.0,"turns":5.0},{"damage":29.0,"enemies":"Jaw Worm Horde","floor":39.0,"turns":3.0},{"damage":35.0,"enemies":"Reptomancer","floor":41.0,"turns":6.0},{"damage":15.0,"enemies":"Spire Growth","floor":47.0,"turns":5.0},{"damage":42.0,"enemies":"Nemesis","floor":48.0,"turns":5.0},{"damage":30,"enemies":"Time Eater","floor":50,"turns":6}],"seed_played":"8411788856587483235","potions_obtained":[{"floor":4.0,"key":"AttackPotion"},{"floor":7.0,"key":"SkillPotion"},{"floor":16.0,"key":"PowerPotion"}],"is_trial":false,"path_per_floor":["M","?","?","M","$","R","M","R","T","T","E","M","?","E","R","B",null,"M","?","M","$","?","R","E","?","T","M","M","?","E","M","R","B",null,"M","?","?","M","M","R","E","?","T","R","$","T","M","E","R","B",null],"character_chosen":"DEFECT","items_purchased":["Echo Form","Blood Vial","Panache","Tempest"],"campfire_rested":3,"item_purchase_floors":[21,21,45,45],"current_hp_per_floor":[64,64,64,59,59,59,59,59,59,59,39,39,39,39,39,26,60,60,60,67,67,67,67,45,45,45,40,41,41,36,52,52,60,68,63,37,53,62,35,56,37,24,24,45,45,45,46,13,34,6],"gold":159,"neow_bonus":"BOSS_RELIC","is_prod":false,"is_daily":false,"chose_seed":false,"campfire_upgraded":5,"win_rate":0,"timestamp":1555236293,"path_taken":["M","?","?","?","$","R","M","R","T","?","E","M","?","E","R","BOSS","M","?","M","$","?","R","E","?","T","M","M","?","E","M","R","BOSS","M","?","?","M","M","R","E","?","T","R","?","?","?","E","R","BOSS"],"build_version":"2019-01-23","purchased_purges":3,"victory":true,"max_hp_per_floor":[71,71,71,71,71,71,71,71,71,71,71,71,71,71,71,71,71,71,71,71,71,71,71,71,71,71,71,71,71,71,71,71,71,71,71,71,71,71,71,71,71,71,71,71,71,71,71,71,71,71],"card_choices":[{"not_picked":["Steam","Scrape"],"picked":"Rebound","floor":1.0},{"not_picked":["Compile Driver","Chaos"],"picked":"Hologram","floor":4.0},{"not_picked":["Double Energy","Barrage"],"picked":"Sweeping Beam","floor":7.0},{"not_picked":["Turbo","Streamline"],"picked":"Echo Form","floor":11.0},{"not_picked":["Steam","Hologram"],"picked":"Turbo","floor":12.0},{"not_picked":["Coolheaded","Beam Cell"],"picked":"Hologram","floor":14.0},{"not_picked":["Reboot","Rainbow"],"picked":"Meteor Strike","floor":16.0},{"not_picked":["Steam","Barrage"],"picked":"Self Repair","floor":18.0},{"not_picked":["Cold Snap","Barrage","Conserve Battery"],"picked":"SKIP","floor":20.0},{"not_picked":["Undo","Redo"],"picked":"Go for the Eyes","floor":24.0},{"not_picked":["BootSequence","Auto Shields","Darkness"],"picked":"SKIP","floor":27.0},{"not_picked":["Scrape","Streamline","Cold Snap"],"picked":"SKIP","floor":27.0},{"not_picked":["Sunder","Coolheaded"],"picked":"Undo","floor":28.0},{"not_picked":["Stack","Streamline","Doom and Gloom"],"picked":"SKIP","floor":28.0},{"not_picked":["Turbo","Auto Shields"],"picked":"Machine Learning","floor":30.0},{"not_picked":["Rebound","Aggregate"],"picked":"Leap+1","floor":31.0},{"not_picked":["Beam Cell","Go for the Eyes","Blizzard"],"picked":"SKIP","floor":31.0},{"not_picked":["Biased Cognition","Amplify"],"picked":"Electrodynamics","floor":33.0},{"not_picked":["Leap+1","Redo","Steam"],"picked":"SKIP","floor":35.0},{"not_picked":["Rip and Tear","Gash","Consume"],"picked":"SKIP","floor":35.0},{"not_picked":["Compile Driver","Hologram","Go for the Eyes"],"picked":"SKIP","floor":38.0},{"not_picked":["Beam Cell+1","Darkness","Go for the Eyes"],"picked":"SKIP","floor":38.0},{"not_picked":["Hello World","Hologram"],"picked":"Chill+1","floor":39.0},{"not_picked":["Sunder+1","Blizzard","Doom and Gloom"],"picked":"SKIP","floor":39.0},{"not_picked":["Barrage+1","Gash"],"picked":"Defragment+1","floor":41.0},{"not_picked":["Barrage+1","Cold Snap"],"picked":"Echo Form","floor":47.0},{"not_picked":["Rebound","Fusion+1","Cold Snap+1"],"picked":"SKIP","floor":47.0},{"not_picked":["Fusion+1","Sweeping Beam"],"picked":"Static Discharge+1","floor":48.0}],"player_experience":536919,"relics_obtained":[{"floor":9.0,"key":"PreservedInsect"},{"floor":10.0,"key":"Oddly Smooth Stone"},{"floor":11.0,"key":"Dream Catcher"},{"floor":14.0,"key":"Bronze Scales"},{"floor":24.0,"key":"Girya"},{"floor":26.0,"key":"Prayer Wheel"},{"floor":30.0,"key":"Shuriken"},{"floor":36.0,"key":"Unceasing Top"},{"floor":37.0,"key":"Torii"},{"floor":41.0,"key":"Gremlin Horn"},{"floor":43.0,"key":"Art of War"},{"floor":46.0,"key":"Kunai"},{"floor":48.0,"key":"Potion Belt"}],"event_choices":[{"damage_healed":0.0,"max_hp_gain":0.0,"max_hp_loss":0.0,"gold_gain":0.0,"event_name":"Big Fish","player_choice":"Box","floor":2.0,"gold_loss":0.0,"damage_taken":0.0,"relics_obtained":["Vajra"],"cards_obtained":["Regret"]},{"damage_healed":0.0,"max_hp_gain":0.0,"max_hp_loss":0.0,"gold_gain":0.0,"event_name":"Living Wall","player_choice":"Grow","floor":3.0,"gold_loss":0.0,"damage_taken":0.0,"cards_upgraded":["Biased Cognition"]},{"damage_healed":0.0,"max_hp_gain":0.0,"max_hp_loss":0.0,"gold_gain":150.0,"event_name":"Liars Game","player_choice":"AGREE","floor":13.0,"gold_loss":0.0,"damage_taken":0.0,"cards_obtained":["Doubt"]},{"damage_healed":0.0,"max_hp_gain":0.0,"max_hp_loss":0.0,"gold_gain":0.0,"event_name":"Vampires","player_choice":"Ignored","floor":19.0,"gold_loss":0.0,"damage_taken":0.0},{"damage_healed":0.0,"max_hp_gain":0.0,"max_hp_loss":0.0,"gold_gain":0.0,"event_name":"Drug Dealer","player_choice":"Inject Mutagens","floor":22.0,"gold_loss":0.0,"damage_taken":0.0,"relics_obtained":["MutagenicStrength"]},{"damage_healed":0.0,"max_hp_gain":0.0,"max_hp_loss":0.0,"gold_gain":50.0,"event_name":"Nest","player_choice":"Stole From Cult","floor":25.0,"gold_loss":0.0,"damage_taken":0.0},{"cards_removed":["Dualcast"],"damage_healed":0.0,"max_hp_gain":0.0,"max_hp_loss":0.0,"gold_gain":0.0,"event_name":"Beggar","player_choice":"Gave Gold","floor":29.0,"gold_loss":75.0,"damage_taken":0.0},{"damage_healed":0.0,"max_hp_gain":0.0,"max_hp_loss":0.0,"gold_gain":0.0,"event_name":"Mysterious Sphere","player_choice":"Fight","floor":36.0,"gold_loss":0.0,"damage_taken":0.0},{"damage_healed":0.0,"max_hp_gain":0.0,"max_hp_loss":0.0,"gold_gain":0.0,"event_name":"MindBloom","player_choice":"Fight","floor":37.0,"gold_loss":0.0,"damage_taken":0.0},{"damage_healed":0.0,"max_hp_gain":0.0,"max_hp_loss":0.0,"gold_gain":0.0,"event_name":"Winding Halls","player_choice":"Embrace Madness","floor":42.0,"gold_loss":0.0,"damage_taken":13.0,"cards_obtained":["Madness","Madness"]}],"is_beta":false,"boss_relics":[{"not_picked":["Tiny House","Cursed Key"],"picked":"Sozu"},{"not_picked":["Astrolabe","Velvet Choker"],"picked":"Lizard Tail"}],"items_purged_floors":[5,21,45],"is_endless":false,"potions_floor_spawned":[4,7,16,18,20,27,33,35,38,41],"ascension_level":17}