{"gold_per_floor":[112,112,124,74,85,85,116,116,116,116,129,160,3,14,14,92,92,104,104,104,122,147,147,147],"floor_reached":24,"playtime":1782,"items_purged":["Defend_G"],"score":347,"play_id":"840ac57d-34a4-4aad-b03a-cac306860c03","local_time":"20180713074035","is_ascension_mode":true,"campfire_choices":[{"data":"Dash","floor":6.0,"key":"SMITH"},{"floor":8.0,"key":"DIG"},{"floor":10.0,"key":"DIG"},{"floor":15.0,"key":"REST"},{"floor":23,"key":"REST"}],"neow_cost":"","seed_source_timestamp":0,"circlet_count":0,"master_deck":["Defend_G","Defend_G","Defend_G","Defend_G","Strike_G","Strike_G+1","Strike_G","Strike_G","Survivor","Neutralize+1","AscendersBane","Dash+1","Dagger Throw","Deflect","Acrobatics","Underhanded Strike","Malaise","Quick Slash","Tactician","Dagger Throw","Madness","Writhe","Dagger Throw"],"special_seed":0,"relics":["Ring of the Snake","Shovel","Bag of Preparation","Tingsha","Orichalcum","Potion Belt","Runic Pyramid","Unceasing Top","Oddly Smooth Stone"],"potions_floor_usage":[],"damage_taken":[{"damage":1.0,"enemies":"Jaw Worm","floor":1.0,"turns":7.0},{"damage":4.0,"enemies":"2 Louse","floor":3.0,"turns":4.0},{"damage":0.0,"enemies":"Cultist","floor":5.0,"turns":4.0},{"damage":24.0,"enemies":"Lagavulin","floor":7.0,"turns":10.0},{"damage":0.0,"enemies":"2 Fungi Beasts","floor":11.0,"turns":4.0},{"damage":3.0,"enemies":"Gremlin Nob","floor":12.0,"turns":5.0},{"damage":0.0,"enemies":"3 Louse","floor":14.0,"turns":3.0},{"damage":1.0,"enemies":"Hexaghost","floor":16.0,"turns":14.0},{"damage":15,"enemies":"3 Byrds","floor":18,"turns":7},{"damage":13,"enemies":"Spheric Guardian","floor":21,"turns":4},{"damage":48,"enemies":"Gremlin Leader","floor":24,"turns":9}],"seed_played":"2939098995809061895","potions_obtained":[{"floor":1.0,"key":"Weak Potion"},{"floor":7.0,"key":"Fire Potion"},{"floor":12.0,"key":"SkillPotion"},{"floor":16.0,"key":"Strength Potion"}],"is_trial":false,"path_per_floor":["M","?","M","?","M","R","E","R","T","R","M","E","$","M","R","B",null,"M","?","?","M","T","R"],"character_chosen":"THE_SILENT","items_purchased":["Malaise"],"campfire_rested":2,"item_purchase_floors":[13],"current_hp_per_floor":[58,45,41,41,41,41,17,17,17,17,17,14,14,14,33,32,58,43,31,31,18,18,37,0],"gold":147,"neow_bonus":"","is_prod":false,"is_daily":false,"chose_seed":false,"campfire_upgraded":1,"win_rate":0,"timestamp":1531492835,"path_taken":["M","?","M","?","M","R","E","R","T","R","M","E","$","M","R","BOSS","M","?","?","M","?","R","E"],"build_version":"2018-07-12","purchased_purges":1,"victory":false,"max_hp_per_floor":[66,66,66,66,66,66,66,66,66,66,66,66,66,66,66,66,66,66,66,66,66,66,66,66],"card_choices":[{"not_picked":["Choke","Poisoned Stab"],"picked":"Dash","floor":1.0},{"not_picked":["Flying Knee","Accuracy"],"picked":"Dagger Throw","floor":3.0},{"not_picked":["Bane","Flying Knee"],"picked":"Deflect","floor":5.0},{"not_picked":["Bane","Flying Knee","Underhanded Strike"],"picked":"SKIP","floor":7.0},{"not_picked":["Catalyst","Endless Agony"],"picked":"Acrobatics","floor":11.0},{"not_picked":["Setup","Well Laid Plans"],"picked":"Underhanded Strike","floor":12.0},{"not_picked":["Riddle With Holes","Flying Knee"],"picked":"Quick Slash","floor":14.0},{"not_picked":["Doppelganger","Night Terror"],"picked":"Tactician","floor":16.0},{"not_picked":["Accuracy","Masterful Stab"],"picked":"Dagger Throw","floor":18},{"not_picked":["Poisoned Stab","Predator+1"],"picked":"Dagger Throw","floor":21}],"player_experience":745990,"relics_obtained":[{"floor":7.0,"key":"Shovel"},{"floor":8.0,"key":"Bag of Preparation"},{"floor":9.0,"key":"Tingsha"},{"floor":10.0,"key":"Orichalcum"},{"floor":12.0,"key":"Potion Belt"},{"floor":22,"key":"Oddly Smooth Stone"}],"event_choices":[{"event_name":"Shining Light","player_choice":"Entered Light","floor":2.0,"damage_taken":0.0},{"event_name":"The Cleric","player_choice":"Card Removal","floor":4.0,"damage_taken":0.0},{"event_name":"Knowing Skull","player_choice":"CARD ","floor":19,"damage_taken":0},{"event_name":"The Mausoleum","player_choice":"Yes","floor":20,"damage_taken":0}],"boss_relics":[{"not_picked":["Black Star","Tiny House"],"picked":"Runic Pyramid"}],"items_purged_floors":[13],"is_endless":false,"potions_floor_spawned":[1,7,12,16],"killed_by":"Gremlin Leader","ascension_level":14}