{"gold_per_floor":[109,109,184,24,24,24,35,67,91,103,103],"floor_reached":11,"playtime":456,"items_purged":[],"score":85,"play_id":"026606c5-cef1-4d06-b150-12e6ea34c798","local_time":"20190508201723","is_ascension_mode":true,"campfire_choices":[{"data":"Defragment","floor":6,"key":"SMITH"}],"neow_cost":"NONE","seed_source_timestamp":3476853370214658,"circlet_count":0,"master_deck":["Strike_B","Strike_B","Strike_B","Strike_B","Defend_B","Defend_B","Defend_B","Defend_B","Zap","Dualcast","Sunder","Defragment+1","Trip","Go for the Eyes","Capacitor","BootSequence"],"relics":["Cracked Core","Vajra","Happy Flower","Bag of Preparation"],"potions_floor_usage":[10,11],"damage_taken":[{"damage":12,"enemies":"Small Slimes","floor":1,"turns":2},{"damage":3,"enemies":"2 Louse","floor":7,"turns":2},{"damage":30,"enemies":"3 Sentries","floor":8,"turns":5},{"damage":0,"enemies":"Jaw Worm","floor":10,"turns":1},{"damage":33,"enemies":"Gremlin Nob","floor":11,"turns":3}],"seed_played":"5368830813643684576","potions_obtained":[{"floor":1,"key":"SteroidPotion"},{"floor":8,"key":"SkillPotion"}],"is_trial":false,"path_per_floor":["M","?","?","$","$","R","M","E","T","M","E"],"character_chosen":"DEFECT","items_purchased":["Defragment","Trip"],"campfire_rested":0,"item_purchase_floors":[4,4],"current_hp_per_floor":[63,63,52,52,52,52,49,19,19,19,0],"gold":103,"neow_bonus":"RANDOM_COMMON_RELIC","is_prod":false,"is_daily":false,"chose_seed":false,"campfire_upgraded":1,"win_rate":0,"timestamp":1557361043,"path_taken":["M","?","?","?","$","R","M","E","T","?","E"],"build_version":"2019-01-23","purchased_purges":0,"victory":false,"max_hp_per_floor":[75,75,75,75,75,75,75,75,75,75,75],"card_choices":[{"not_picked":["Recycle","Coolheaded"],"picked":"Sunder","floor":1},{"not_picked":["Skim","Cold Snap"],"picked":"Go for the Eyes","floor":7},{"not_picked":["Cold Snap","BootSequence"],"picked":"Capacitor","floor":8},{"not_picked":["Steam","Gash"],"picked":"BootSequence","floor":10}],"player_experience":226241,"relics_obtained":[{"floor":8,"key":"Happy Flower"},{"floor":9,"key":"Bag of Preparation"}],"event_choices":[{"damage_healed":0,"gold_gain":0,"player_choice":"Leave","damage_taken":0,"max_hp_gain":0,"max_hp_loss":0,"event_name":"The Cleric","floor":2,"gold_loss":0},{"damage_healed":0,"gold_gain":75,"player_choice":"Gather Gold","damage_taken":11,"max_hp_gain":0,"max_hp_loss":0,"event_name":"World of Goop","floor":3,"gold_loss":0}],"is_beta":false,"boss_relics":[],"items_purged_floors":[],"is_endless":false,"potions_floor_spawned":[1,8],"killed_by":"Gremlin Nob","ascension_level":4}