{"gold_per_floor":[119,136,152,152,77,112,112,124,150,168,182,199,199,211,211,308,308,322,333,333,349,349,349,349],"floor_reached":24,"playtime":1738,"items_purged":["Regret"],"score":328,"play_id":"f4a7efe2-81f1-4415-9274-f6affbda592d","local_time":"20190115030524","is_ascension_mode":true,"campfire_choices":[{"floor":7.0,"key":"REST"},{"data":"Metallicize","floor":13.0,"key":"SMITH"},{"data":"Metallicize","floor":15.0,"key":"SMITH"},{"floor":23,"key":"REST"}],"neow_cost":"CURSE","seed_source_timestamp":267520726221612,"circlet_count":0,"master_deck":["AscendersBane","Strike_R","Strike_R","Strike_R","Strike_R","Strike_R","Defend_R","Defend_R+1","Defend_R","Defend_R","Bash+1","Sword Boomerang","Carnage","Metallicize+1","Metallicize+1","Dual Wield","Seeing Red","Impervious","Whirlwind","Barricade+1","Shrug It Off+1","Flame Barrier"],"special_seed":0,"relics":["Burning Blood","Strawberry","Red Skull","Black Star","CultistMask"],"potions_floor_usage":[],"damage_taken":[{"damage":9.0,"enemies":"Cultist","floor":1.0,"turns":5.0},{"damage":11.0,"enemies":"2 Louse","floor":2.0,"turns":3.0},{"damage":11.0,"enemies":"Jaw Worm","floor":3.0,"turns":4.0},{"damage":23.0,"enemies":"Gremlin Nob","floor":6.0,"turns":4.0},{"damage":23.0,"enemies":"Lots of Slimes","floor":8.0,"turns":6.0},{"damage":6.0,"enemies":"Blue Slaver","floor":10.0,"turns":5.0},{"damage":13.0,"enemies":"Red Slaver","floor":11.0,"turns":4.0},{"damage":0.0,"enemies":"2 Fungi Beasts","floor":12.0,"turns":3.0},{"damage":0.0,"enemies":"3 Louse","floor":14.0,"turns":4.0},{"damage":37.0,"enemies":"The Guardian","floor":16.0,"turns":14.0},{"damage":6.0,"enemies":"3 Byrds","floor":18.0,"turns":7.0},{"damage":33.0,"enemies":"Shell Parasite","floor":19.0,"turns":10.0},{"damage":33.0,"enemies":"Shelled Parasite and Fungi","floor":21.0,"turns":8.0},{"damage":64,"enemies":"Book of Stabbing","floor":24,"turns":5}],"seed_played":"-7138264081103608887","potions_obtained":[{"floor":10.0,"key":"Poison Potion"},{"floor":11.0,"key":"Fire Potion"},{"floor":12.0,"key":"LiquidBronze"},{"floor":14.0,"key":"SteroidPotion"}],"is_trial":false,"path_per_floor":["M","M","M","?","$","E","R","M","T","M","M","M","R","M","R","B",null,"M","M","?","M","?","R","E"],"character_chosen":"IRONCLAD","items_purchased":[],"campfire_rested":2,"item_purchase_floors":[],"current_hp_per_floor":[85,80,75,56,56,46,76,59,59,59,52,58,58,64,64,33,86,86,59,59,32,32,62,0],"gold":349,"neow_bonus":"TWENTY_PERCENT_HP_BONUS","is_prod":false,"is_daily":false,"chose_seed":false,"campfire_upgraded":2,"win_rate":0,"timestamp":1547517924,"path_taken":["M","M","?","?","$","E","R","M","T","M","M","M","R","M","R","BOSS","M","M","?","?","?","R","E"],"build_version":"2019-01-10","purchased_purges":1,"victory":false,"max_hp_per_floor":[96,96,96,96,96,103,103,103,103,103,103,103,103,103,103,103,103,103,103,103,103,103,103,103],"card_choices":[{"not_picked":["Pommel Strike","Seeing Red"],"picked":"Sword Boomerang","floor":1.0},{"not_picked":["Entrench","Body Slam"],"picked":"Carnage","floor":2.0},{"not_picked":["True Grit","Sword Boomerang"],"picked":"Metallicize","floor":3.0},{"not_picked":["Iron Wave","Heavy Blade"],"picked":"Metallicize","floor":6.0},{"not_picked":["Clothesline","Sword Boomerang","Flex"],"picked":"SKIP","floor":8.0},{"not_picked":["Sword Boomerang","Corruption"],"picked":"Dual Wield","floor":10.0},{"not_picked":["Pommel Strike","Feel No Pain"],"picked":"Seeing Red","floor":11.0},{"not_picked":["Wild Strike","Thunderclap"],"picked":"Impervious","floor":12.0},{"not_picked":["Clothesline","Armaments"],"picked":"Whirlwind","floor":14.0},{"not_picked":["Reaper","Offering"],"picked":"Barricade","floor":16.0},{"not_picked":["Wild Strike","Second Wind","Havoc"],"picked":"SKIP","floor":18.0},{"not_picked":["Armaments","Heavy Blade"],"picked":"Shrug It Off+1","floor":19.0},{"not_picked":["Pommel Strike+1","Heavy Blade"],"picked":"Flame Barrier","floor":21.0}],"player_experience":466283,"relics_obtained":[{"floor":6.0,"key":"Strawberry"},{"floor":9.0,"key":"Red Skull"}],"event_choices":[{"damage_healed":0.0,"max_hp_gain":0.0,"max_hp_loss":0.0,"gold_gain":0.0,"event_name":"Shining Light","player_choice":"Entered Light","floor":4.0,"gold_loss":0.0,"damage_taken":19.0,"cards_upgraded":["Defend_R","Bash"]},{"damage_healed":0.0,"max_hp_gain":0.0,"max_hp_loss":0.0,"gold_gain":0.0,"event_name":"FaceTrader","player_choice":"Trade","floor":20.0,"gold_loss":0.0,"damage_taken":0.0,"relics_obtained":["CultistMask"]},{"damage_healed":0,"gold_gain":0,"player_choice":"Forge","damage_taken":0,"max_hp_gain":0,"max_hp_loss":0,"event_name":"Accursed Blacksmith","floor":22,"gold_loss":0,"cards_upgraded":["Barricade"]}],"is_beta":false,"boss_relics":[{"not_picked":["Mark of Pain","Philosopher\u0027s Stone"],"picked":"Black Star"}],"items_purged_floors":[5],"is_endless":false,"potions_floor_spawned":[10,11,12,14],"killed_by":"Book of Stabbing","ascension_level":10}