{"gold_per_floor":[213,228,240,48,58,58,89,18,70,70,82,82,117,132,132,206,206,218,66,66,76,95,95,107,135,135,66,81,81,81,115,115,186,186,196,212,1211,331,346,346,677,677,703,722,722,742,760,760,760,760],"floor_reached":50,"playtime":2260,"items_purged":["Strike_B","Normality"],"score":1036,"play_id":"d06c5cc1-624c-4408-b5e6-d1b4edeb74be","local_time":"20190204201225","is_ascension_mode":true,"campfire_choices":[{"data":"Streamline","floor":6.0,"key":"SMITH"},{"data":"Zap","floor":15.0,"key":"SMITH"},{"data":"Fission","floor":23.0,"key":"SMITH"},{"floor":30.0,"key":"REST"},{"floor":32.0,"key":"REST"},{"data":"Heatsinks","floor":40.0,"key":"SMITH"},{"floor":49,"key":"REST"}],"neow_cost":"NONE","seed_source_timestamp":42861192804112,"circlet_count":0,"master_deck":["AscendersBane","Strike_B","Strike_B","Strike_B","Defend_B","Defend_B","Defend_B","Defend_B","Zap+1","Dualcast","Streamline+1","Beam Cell","Cold Snap","Steam","Cold Snap","Storm","Leap","Ball Lightning","Glacier","Biased Cognition","Hologram","Loop","Fission+1","Amplify","Ball Lightning+1","Electrodynamics","Static Discharge","Hologram","Barrage+1","Core Surge+1","Reinforced Body","Fusion","Normality","Echo Form","Sunder+1","Leap","Parasite","Heatsinks+1","Leap","Writhe","Coolheaded+1","Seek","Storm"],"special_seed":0,"relics":["Cracked Core","Runic Capacitor","Mummified Hand","Lantern","Vajra","Snecko Eye","Molten Egg 2","Gremlin Horn","Emotion Chip","Nuclear Battery","Chemical X","Centennial Puzzle","Bag of Marbles","Old Coin","Orichalcum","Darkstone Periapt"],"potions_floor_usage":[50],"damage_taken":[{"damage":0.0,"enemies":"Cultist","floor":1.0,"turns":4.0},{"damage":3.0,"enemies":"2 Louse","floor":2.0,"turns":3.0},{"damage":3.0,"enemies":"Small Slimes","floor":3.0,"turns":3.0},{"damage":13.0,"enemies":"Blue Slaver","floor":5.0,"turns":3.0},{"damage":19.0,"enemies":"3 Sentries","floor":7.0,"turns":7.0},{"damage":13.0,"enemies":"3 Louse","floor":11.0,"turns":3.0},{"damage":7.0,"enemies":"Lagavulin","floor":13.0,"turns":5.0},{"damage":0.0,"enemies":"Gremlin Gang","floor":14.0,"turns":2.0},{"damage":28.0,"enemies":"The Guardian","floor":16.0,"turns":12.0},{"damage":1.0,"enemies":"Chosen","floor":18.0,"turns":4.0},{"damage":10.0,"enemies":"2 Thieves","floor":21.0,"turns":4.0},{"damage":11.0,"enemies":"Centurion and Healer","floor":22.0,"turns":7.0},{"damage":0.0,"enemies":"Shelled Parasite and Fungi","floor":24.0,"turns":3.0},{"damage":0.0,"enemies":"Gremlin Leader","floor":25.0,"turns":8.0},{"damage":12.0,"enemies":"3 Cultists","floor":28.0,"turns":3.0},{"damage":27.0,"enemies":"Slavers","floor":31.0,"turns":3.0},{"damage":26.0,"enemies":"Champ","floor":33.0,"turns":8.0},{"damage":1.0,"enemies":"3 Shapes","floor":35.0,"turns":3.0},{"damage":4.0,"enemies":"3 Darklings","floor":36.0,"turns":3.0},{"damage":2.0,"enemies":"Writhing Mass","floor":39.0,"turns":5.0},{"damage":37,"enemies":"Reptomancer","floor":41,"turns":5},{"damage":0,"enemies":"Jaw Worm Horde","floor":44,"turns":2},{"damage":0,"enemies":"Maw","floor":46,"turns":5},{"damage":0,"enemies":"3 Darklings","floor":47,"turns":4},{"damage":51,"enemies":"Awakened One","floor":50,"turns":15}],"seed_played":"5968684079924939341","potions_obtained":[{"floor":3.0,"key":"Poison Potion"},{"floor":11.0,"key":"Explosive Potion"},{"floor":14.0,"key":"LiquidBronze"},{"floor":16.0,"key":"SteroidPotion"},{"floor":21.0,"key":"Dexterity Potion"},{"floor":22.0,"key":"PowerPotion"},{"floor":28.0,"key":"Swift Potion"},{"floor":31.0,"key":"FearPotion"},{"floor":41,"key":"EssenceOfSteel"},{"floor":47,"key":"SteroidPotion"}],"is_trial":false,"path_per_floor":["M","M","M","$","M","R","E","$","T","?","M","?","E","M","R","B",null,"M","$","?","M","M","R","M","E","T","$","M","?","R","E","R","B",null,"M","M","?","$","M","R","E","?","T","M","?","M","M","T","R","B"],"character_chosen":"DEFECT","items_purchased":["Runic Capacitor","Storm","Loop","Static Discharge","Echo Form","Chemical X","Centennial Puzzle","Sunder+1","Leap","Bag of Marbles"],"campfire_rested":3,"item_purchase_floors":[4,8,19,27,38,38,38,38,38,38],"current_hp_per_floor":[64,61,58,58,45,45,26,26,26,49,36,36,29,29,29,1,54,53,53,53,43,32,32,32,32,32,32,20,20,41,14,35,9,56,55,51,51,51,49,49,12,26,26,26,26,26,26,26,47,0],"gold":760,"neow_bonus":"HUNDRED_GOLD","is_prod":false,"is_daily":false,"chose_seed":false,"campfire_upgraded":4,"win_rate":0,"timestamp":1549339945,"path_taken":["M","M","M","?","M","R","E","$","T","?","M","?","E","M","R","BOSS","M","$","?","?","M","R","M","E","T","$","M","?","R","E","R","BOSS","M","M","?","$","M","R","E","?","T","M","?","M","M","?","R","BOSS"],"build_version":"2019-01-23","purchased_purges":2,"victory":false,"max_hp_per_floor":[71,71,71,71,71,71,71,71,71,71,71,71,71,71,71,71,71,71,71,71,71,71,71,71,71,71,71,71,71,71,71,71,71,71,71,71,71,71,71,71,71,71,71,71,71,71,71,71,71,71],"card_choices":[{"not_picked":["Hello World","Static Discharge"],"picked":"Streamline","floor":1.0},{"not_picked":["Rebound","Melter"],"picked":"Beam Cell","floor":2.0},{"not_picked":["Conserve Battery","Hologram"],"picked":"Cold Snap","floor":3.0},{"not_picked":["Rebound","Sunder"],"picked":"Steam","floor":5.0},{"not_picked":["Coolheaded","Compile Driver"],"picked":"Cold Snap","floor":7.0},{"not_picked":["Rebound","Compile Driver"],"picked":"Leap","floor":11.0},{"not_picked":["Meteor Strike","Stack"],"picked":"Ball Lightning","floor":13.0},{"not_picked":["Reprogram","FTL"],"picked":"Glacier","floor":14.0},{"not_picked":["Core Surge","Reboot"],"picked":"Biased Cognition","floor":16.0},{"not_picked":["Leap","Skim"],"picked":"Hologram","floor":18.0},{"not_picked":["Streamline","Steam","Turbo"],"picked":"SKIP","floor":21.0},{"not_picked":["Steam","Redo"],"picked":"Amplify","floor":22.0},{"not_picked":["FTL","Gash"],"picked":"Ball Lightning+1","floor":24.0},{"not_picked":["Recycle","Leap"],"picked":"Electrodynamics","floor":25.0},{"not_picked":["Stack","Streamline+1"],"picked":"Hologram","floor":28.0},{"not_picked":["Rip and Tear+1","Darkness"],"picked":"Barrage+1","floor":31.0},{"not_picked":["Electrodynamics","Multi-Cast"],"picked":"Core Surge+1","floor":33.0},{"not_picked":["Turbo","Streamline+1"],"picked":"Reinforced Body","floor":35.0},{"not_picked":["Redo","Rebound+1"],"picked":"Fusion","floor":36.0},{"not_picked":["Beam Cell+1","Rip and Tear+1"],"picked":"Heatsinks","floor":39.0},{"not_picked":["Hologram+1","Sunder+1"],"picked":"Leap","floor":41},{"not_picked":["Double Energy","Fusion"],"picked":"Coolheaded+1","floor":44},{"not_picked":["Ball Lightning+1","Chaos"],"picked":"Seek","floor":46},{"not_picked":["Ball Lightning+1","Sweeping Beam+1"],"picked":"Storm","floor":47}],"player_experience":2151272,"relics_obtained":[{"floor":7.0,"key":"Mummified Hand"},{"floor":9.0,"key":"Lantern"},{"floor":13.0,"key":"Vajra"},{"floor":25.0,"key":"Molten Egg 2"},{"floor":26.0,"key":"Gremlin Horn"},{"floor":31.0,"key":"Emotion Chip"},{"floor":41,"key":"Old Coin"},{"floor":43,"key":"Orichalcum"},{"floor":48,"key":"Darkstone Periapt"}],"event_choices":[{"damage_healed":23.0,"max_hp_gain":0.0,"max_hp_loss":0.0,"gold_gain":0.0,"event_name":"Big Fish","player_choice":"Banana","floor":10.0,"gold_loss":0.0,"damage_taken":0.0},{"damage_healed":0.0,"max_hp_gain":0.0,"max_hp_loss":0.0,"gold_gain":0.0,"event_name":"Scrap Ooze","player_choice":"Fled","floor":12.0,"gold_loss":0.0,"damage_taken":0.0},{"damage_healed":0.0,"max_hp_gain":0.0,"max_hp_loss":0.0,"gold_gain":0.0,"event_name":"Match and Keep!","player_choice":"1 cards matched","floor":20.0,"gold_loss":0.0,"damage_taken":0.0,"cards_obtained":["Fission"]},{"damage_healed":0.0,"max_hp_gain":0.0,"max_hp_loss":0.0,"gold_gain":0.0,"event_name":"Cursed Tome","player_choice":"Ignored","floor":29.0,"gold_loss":0.0,"damage_taken":0.0},{"damage_healed":0.0,"max_hp_gain":0.0,"max_hp_loss":0.0,"gold_gain":999.0,"event_name":"MindBloom","player_choice":"Gold","floor":37.0,"gold_loss":0.0,"damage_taken":0.0,"cards_obtained":["Normality","Normality"]},{"damage_healed":14,"gold_gain":0,"player_choice":"Writhe","damage_taken":0,"max_hp_gain":0,"max_hp_loss":0,"event_name":"Winding Halls","floor":42,"gold_loss":0,"cards_obtained":["Writhe"]},{"damage_healed":0,"gold_gain":0,"player_choice":"Ignored","damage_taken":0,"max_hp_gain":0,"max_hp_loss":0,"event_name":"Mysterious Sphere","floor":45,"gold_loss":0}],"is_beta":false,"boss_relics":[{"not_picked":["Cursed Key","Coffee Dripper"],"picked":"Snecko Eye"},{"not_picked":["Eternal Feather","Inserter"],"picked":"Nuclear Battery"}],"items_purged_floors":[19,38],"is_endless":false,"potions_floor_spawned":[3,11,14,16,21,22,28,31,41,47],"killed_by":"Awakened One","ascension_level":15}