{"gold_per_floor":[114,132,16,26,26,61,81,81,108,149,149,210,210,210,210,306,306,331,356,371,386,160,160,183,183,183,217,241,241,40,53,53,53],"floor_reached":33,"playtime":1529,"items_purged":["Strike_R","Strike_R","Strike_R"],"score":554,"play_id":"ddc47330-e0df-4684-b473-a6935df271c2","local_time":"20190427212054","is_ascension_mode":true,"campfire_choices":[{"data":"Uppercut","floor":8.0,"key":"SMITH"},{"data":"Dual Wield","floor":11.0,"key":"SMITH"},{"data":"Pommel Strike","floor":13.0,"key":"SMITH"},{"data":"Feel No Pain","floor":15.0,"key":"SMITH"},{"floor":23.0,"key":"REST"},{"floor":29.0,"key":"REST"},{"data":"Second Wind","floor":32.0,"key":"SMITH"}],"neow_cost":"NONE","seed_source_timestamp":5757439010700,"circlet_count":0,"master_deck":["AscendersBane","Strike_R","Defend_R","Defend_R","Defend_R","Defend_R","Bash+1","Uppercut+1","Second Wind+1","Pommel Strike+1","Fiend Fire+1","Dual Wield+1","Feel No Pain+1","Impervious","Parasite","Injury","Writhe","Warcry+1","Finesse","Body Slam+1","Perfected Strike+1","Dropkick+1"],"special_seed":0,"relics":["Burning Blood","Golden Idol","Bronze Scales","Potion Belt","Dream Catcher","Art of War","Calling Bell","Bag of Preparation","Molten Egg 2","Magic Flower","The Courier","Bottled Lightning"],"potions_floor_usage":[33],"damage_taken":[{"damage":1.0,"enemies":"Cultist","floor":1.0,"turns":3.0},{"damage":6.0,"enemies":"Jaw Worm","floor":2.0,"turns":4.0},{"damage":0.0,"enemies":"2 Louse","floor":4.0,"turns":3.0},{"damage":6.0,"enemies":"Gremlin Nob","floor":6.0,"turns":3.0},{"damage":2.0,"enemies":"Large Slime","floor":7.0,"turns":6.0},{"damage":35.0,"enemies":"Lagavulin","floor":10.0,"turns":4.0},{"damage":20.0,"enemies":"3 Sentries","floor":12.0,"turns":8.0},{"damage":5.0,"enemies":"Hexaghost","floor":16.0,"turns":9.0},{"damage":38.0,"enemies":"Shell Parasite","floor":18.0,"turns":6.0},{"damage":11.0,"enemies":"Spheric Guardian","floor":19.0,"turns":5.0},{"damage":0.0,"enemies":"Snake Plant","floor":20.0,"turns":1.0},{"damage":15.0,"enemies":"Cultist and Chosen","floor":21.0,"turns":7.0},{"damage":4.0,"enemies":"Snecko","floor":24.0,"turns":5.0},{"damage":37.0,"enemies":"Book of Stabbing","floor":27.0,"turns":6.0},{"damage":25.0,"enemies":"Sentry and Sphere","floor":28.0,"turns":7.0},{"damage":15.0,"enemies":"Centurion and Healer","floor":31.0,"turns":5.0},{"damage":21,"enemies":"Automaton","floor":33,"turns":6}],"seed_played":"-3439439837942850644","potions_obtained":[{"floor":1.0,"key":"Energy Potion"},{"floor":4.0,"key":"BloodPotion"},{"floor":6.0,"key":"Dexterity Potion"},{"floor":12.0,"key":"EssenceOfSteel"},{"floor":18.0,"key":"Poison Potion"},{"floor":19.0,"key":"Poison Potion"},{"floor":20.0,"key":"Strength Potion"},{"floor":31.0,"key":"SkillPotion"}],"is_trial":false,"path_per_floor":["M","M","$","M","?","E","M","R","T","E","R","?","R","?","R","B",null,"M","M","M","M","$","R","M","?","T","E","M","R","$","M","R","B"],"character_chosen":"IRONCLAD","items_purchased":["Second Wind","Finesse","Body Slam+1","Perfected Strike+1","Dropkick+1"],"campfire_rested":2,"item_purchase_floors":[3,22,22,30,30],"current_hp_per_floor":[73,73,73,75,49,56,60,60,60,31,31,17,17,17,17,18,61,32,30,39,33,33,55,60,60,60,32,16,38,38,32,32,11],"gold":53,"neow_bonus":"UPGRADE_CARD","is_prod":false,"is_daily":false,"chose_seed":false,"campfire_upgraded":5,"win_rate":0,"timestamp":1556371254,"path_taken":["M","M","$","?","?","E","M","R","T","E","R","?","R","?","R","BOSS","M","?","M","M","$","R","M","?","T","E","M","R","$","M","R","BOSS"],"build_version":"2019-04-23","purchased_purges":3,"victory":false,"max_hp_per_floor":[75,75,75,75,75,75,75,75,75,75,75,75,75,75,75,75,75,75,75,75,75,75,75,75,75,75,75,75,75,75,75,75,75],"card_choices":[{"not_picked":["Bloodletting","Anger"],"picked":"Uppercut","floor":1.0},{"not_picked":["Fire Breathing","Heavy Blade","Body Slam"],"picked":"SKIP","floor":2.0},{"not_picked":["Perfected Strike","True Grit"],"picked":"Pommel Strike","floor":4.0},{"not_picked":["Headbutt","Carnage"],"picked":"Fiend Fire","floor":6.0},{"not_picked":["Warcry","Metallicize"],"picked":"Dual Wield","floor":7.0},{"not_picked":["Searing Blow","Perfected Strike"],"picked":"Feel No Pain","floor":10.0},{"not_picked":["Exhume","Limit Break"],"picked":"Impervious","floor":16.0},{"not_picked":["Combust","Armaments","Body Slam+1"],"picked":"SKIP","floor":18.0},{"not_picked":["Heavy Blade+1","Headbutt+1","Corruption"],"picked":"SKIP","floor":19.0},{"not_picked":["Carnage+1","Perfected Strike+1"],"picked":"Warcry+1","floor":20.0},{"not_picked":["Feel No Pain","Clothesline+1","Limit Break"],"picked":"SKIP","floor":21.0},{"not_picked":["Iron Wave+1","Rage","Havoc"],"picked":"SKIP","floor":24.0},{"not_picked":["Cleave+1","Perfected Strike+1","Sever Soul+1"],"picked":"SKIP","floor":27.0},{"not_picked":["Clothesline+1","Thunderclap+1","Armaments"],"picked":"SKIP","floor":28.0},{"not_picked":["Flex","Perfected Strike+1","Inflame"],"picked":"SKIP","floor":31.0}],"player_experience":1401213,"relics_obtained":[{"floor":6.0,"key":"Bronze Scales"},{"floor":9.0,"key":"Potion Belt"},{"floor":10.0,"key":"Dream Catcher"},{"floor":12.0,"key":"Art of War"},{"floor":17.0,"key":"Bag of Preparation"},{"floor":17.0,"key":"Molten Egg 2"},{"floor":17.0,"key":"Magic Flower"},{"floor":26.0,"key":"The Courier"},{"floor":27.0,"key":"Bottled Lightning"}],"event_choices":[{"damage_healed":0.0,"max_hp_gain":0.0,"max_hp_loss":0.0,"gold_gain":0.0,"event_name":"Golden Idol","player_choice":"Take Damage","floor":5.0,"gold_loss":0.0,"damage_taken":26.0,"relics_obtained":["Golden Idol"]},{"damage_healed":0.0,"max_hp_gain":0.0,"max_hp_loss":0.0,"gold_gain":30.0,"event_name":"Dead Adventurer","player_choice":"Searched \u00272\u0027 times","floor":12.0,"gold_loss":0.0,"damage_taken":0.0},{"damage_healed":0.0,"max_hp_gain":0.0,"max_hp_loss":0.0,"gold_gain":0.0,"event_name":"Upgrade Shrine","player_choice":"Upgraded","floor":14.0,"gold_loss":0.0,"damage_taken":0.0,"cards_upgraded":["Fiend Fire"]},{"cards_removed":["Strike_R"],"damage_healed":0.0,"max_hp_gain":0.0,"max_hp_loss":0.0,"gold_gain":0.0,"event_name":"Back to Basics","player_choice":"Elegance","floor":25.0,"gold_loss":0.0,"damage_taken":0.0}],"is_beta":true,"boss_relics":[{"not_picked":["Lizard Tail","Runic Cube"],"picked":"Calling Bell"}],"items_purged_floors":[3,22,30],"is_endless":false,"potions_floor_spawned":[1,4,6,12,18,19,20,31],"killed_by":"Automaton","ascension_level":20}