{"gold_per_floor":[117,128,147,161,161,161,200,200,223,223,243,1,1,44,44,139,139,163,202,215,234,234,277,277,308,347,392,404,416,343,376,388,496,508,534,570,582,155,205,270,270,301,301,426,168,199,532,546,546,546,546],"floor_reached":51,"playtime":3711,"items_purged":["Strike_R","Parasite"],"score":1573,"play_id":"2cd510f2-3c1f-4ebf-9757-ec830c3f1233","local_time":"20190412012848","is_ascension_mode":true,"campfire_choices":[{"data":"Bash","floor":6.0,"key":"SMITH"},{"data":"Twin Strike","floor":10.0,"key":"SMITH"},{"data":"Pummel","floor":13.0,"key":"SMITH"},{"data":"Sword Boomerang","floor":15.0,"key":"SMITH"},{"data":"Shrug It Off","floor":24.0,"key":"SMITH"},{"data":"Spot Weakness","floor":28.0,"key":"SMITH"},{"data":"Battle Trance","floor":32.0,"key":"SMITH"},{"data":"Fiend Fire","floor":41.0,"key":"SMITH"},{"floor":49,"key":"RECALL"}],"neow_cost":"NONE","seed_source_timestamp":1965685872091800,"circlet_count":0,"master_deck":["AscendersBane","Strike_R","Defend_R","Defend_R","Defend_R","Bash+1","Twin Strike+1","Shrug It Off+1","Battle Trance","Anger","Pummel+1","Sword Boomerang+1","Thunderclap+1","Intimidate+1","Corruption+1","Cleave+1","Spot Weakness+1","Battle Trance+1","Reaper","Fiend Fire+1","Inflame","True Grit+1","Shrug It Off","Flex+1"],"special_seed":0,"relics":["Burning Blood","Red Skull","Juzu Bracelet","Vajra","Bronze Scales","Lantern","Astrolabe","Red Mask","Dream Catcher","MawBank","Strawberry","Shuriken","Self Forming Clay","Cursed Key","Happy Flower","Bottled Lightning","Tiny Chest","Boot","StoneCalendar","PreservedInsect","Pen Nib"],"potions_floor_usage":[46,50,51],"damage_taken":[{"damage":6.0,"enemies":"2 Louse","floor":1.0,"turns":3.0},{"damage":5.0,"enemies":"Small Slimes","floor":2.0,"turns":3.0},{"damage":6.0,"enemies":"Cultist","floor":3.0,"turns":3.0},{"damage":20.0,"enemies":"Large Slime","floor":4.0,"turns":7.0},{"damage":24.0,"enemies":"Lagavulin","floor":7.0,"turns":5.0},{"damage":6.0,"enemies":"2 Fungi Beasts","floor":11.0,"turns":3.0},{"damage":3.0,"enemies":"Gremlin Nob","floor":14.0,"turns":3.0},{"damage":21.0,"enemies":"The Guardian","floor":16.0,"turns":9.0},{"damage":0.0,"enemies":"Chosen","floor":18.0,"turns":3.0},{"damage":3.0,"enemies":"Masked Bandits","floor":19.0,"turns":2.0},{"damage":6.0,"enemies":"Shell Parasite","floor":20.0,"turns":3.0},{"damage":11.0,"enemies":"Snake Plant","floor":21.0,"turns":3.0},{"damage":18.0,"enemies":"Book of Stabbing","floor":23.0,"turns":3.0},{"damage":27.0,"enemies":"Slavers","floor":25.0,"turns":4.0},{"damage":0.0,"enemies":"Gremlin Leader","floor":27.0,"turns":2.0},{"damage":3.0,"enemies":"3 Cultists","floor":31.0,"turns":3.0},{"damage":79.0,"enemies":"Automaton","floor":33.0,"turns":8.0},{"damage":6.0,"enemies":"3 Darklings","floor":35.0,"turns":2.0},{"damage":0.0,"enemies":"3 Shapes","floor":36.0,"turns":3.0},{"damage":44.0,"enemies":"Nemesis","floor":40.0,"turns":5.0},{"damage":31,"enemies":"Reptomancer","floor":42,"turns":4},{"damage":0,"enemies":"Mind Bloom Boss Battle","floor":44,"turns":6},{"damage":36,"enemies":"Nemesis","floor":46,"turns":6},{"damage":18,"enemies":"3 Darklings","floor":48,"turns":3},{"damage":57,"enemies":"Donu and Deca","floor":50,"turns":6},{"damage":58,"enemies":"Time Eater","floor":51,"turns":6}],"seed_played":"-6213738000198042166","potions_obtained":[{"floor":3.0,"key":"SpeedPotion"},{"floor":4.0,"key":"AttackPotion"},{"floor":16.0,"key":"FearPotion"},{"floor":19.0,"key":"BloodPotion"},{"floor":20.0,"key":"EssenceOfSteel"},{"floor":21.0,"key":"SkillPotion"},{"floor":25.0,"key":"EntropicBrew"},{"floor":33.0,"key":"Weak Potion"},{"floor":36.0,"key":"Swift Potion"},{"floor":40.0,"key":"Dexterity Potion"},{"floor":48,"key":"PowerPotion"}],"is_trial":false,"path_per_floor":["M","M","M","M","?","R","E","?","T","R","M","$","R","E","R","B",null,"M","?","M","M","$","E","R","E","T","E","R","?","?","M","R","B",null,"M","M","?","$","?","E","R","E","T","?","$","E","?","M","R","B","B"],"character_chosen":"IRONCLAD","items_purchased":["Bronze Scales","Happy Flower","Bottled Lightning","PreservedInsect"],"campfire_rested":0,"item_purchase_floors":[12,38,38,45],"current_hp_per_floor":[68,69,69,55,55,55,37,37,37,37,37,37,37,40,40,25,57,63,66,66,61,61,49,49,28,35,41,41,41,41,65,65,26,63,63,75,75,75,68,43,43,55,55,75,72,57,57,57,57,54,0],"gold":546,"neow_bonus":"RANDOM_COMMON_RELIC","is_prod":false,"is_daily":false,"chose_seed":false,"campfire_upgraded":8,"win_rate":0,"timestamp":1555028928,"path_taken":["M","M","M","M","?","R","E","?","T","R","M","$","R","E","R","BOSS","M","?","M","M","$","E","R","E","T","E","R","?","?","M","R","BOSS","M","M","?","$","?","E","R","E","T","?","$","E","?","M","R","BOSS","BOSS"],"build_version":"2019-01-23","purchased_purges":2,"victory":false,"max_hp_per_floor":[75,75,75,75,68,68,68,68,68,68,68,68,68,68,68,68,68,68,68,68,68,68,68,68,68,75,75,75,75,75,75,75,75,75,75,75,75,75,75,75,75,75,75,75,72,72,72,72,72,72,72],"card_choices":[{"not_picked":["Flame Barrier","Corruption"],"picked":"Twin Strike","floor":1.0},{"not_picked":["Body Slam","Headbutt"],"picked":"Shrug It Off","floor":2.0},{"not_picked":["Intimidate","Burning Pact"],"picked":"Battle Trance","floor":3.0},{"not_picked":["Warcry","Thunderclap"],"picked":"Anger","floor":4.0},{"not_picked":["Heavy Blade","Reckless Charge"],"picked":"Pummel","floor":7.0},{"not_picked":["Dark Embrace","Anger","Clash"],"picked":"SKIP","floor":11.0},{"not_picked":["Sever Soul","Iron Wave"],"picked":"Sword Boomerang","floor":14.0},{"not_picked":["Shrug It Off","Anger"],"picked":"Cleave+1","floor":18.0},{"not_picked":["Reckless Charge","Perfected Strike"],"picked":"Spot Weakness","floor":19.0},{"not_picked":["Headbutt","Clash","Sword Boomerang"],"picked":"SKIP","floor":20.0},{"not_picked":["Warcry","Uppercut","Pommel Strike"],"picked":"SKIP","floor":21.0},{"not_picked":["Wild Strike+1","Pummel","Thunderclap"],"picked":"SKIP","floor":23.0},{"not_picked":["Twin Strike","Warcry"],"picked":"Battle Trance","floor":25.0},{"not_picked":["Dual Wield","Pommel Strike","Rupture"],"picked":"SKIP","floor":27.0},{"not_picked":["Iron Wave","Flex","Thunderclap"],"picked":"SKIP","floor":31.0},{"not_picked":["Immolate","Brutality"],"picked":"Fiend Fire","floor":33.0},{"not_picked":["Whirlwind","Shrug It Off"],"picked":"Inflame","floor":35.0},{"not_picked":["Blood for Blood","Reckless Charge"],"picked":"True Grit+1","floor":36.0},{"not_picked":["Pommel Strike+1","Combust+1","Havoc"],"picked":"SKIP","floor":40.0},{"not_picked":["Anger","Heavy Blade","Bloodletting+1"],"picked":"SKIP","floor":42},{"not_picked":["Seeing Red","Sword Boomerang"],"picked":"Shrug It Off","floor":44},{"not_picked":["Burning Pact","Brutality","Infernal Blade"],"picked":"SKIP","floor":46},{"not_picked":["Carnage","Searing Blow"],"picked":"Flex+1","floor":48}],"player_experience":2690003,"relics_obtained":[{"floor":7.0,"key":"Juzu Bracelet"},{"floor":9.0,"key":"Vajra"},{"floor":14.0,"key":"Lantern"},{"floor":19.0,"key":"Red Mask"},{"floor":23.0,"key":"Dream Catcher"},{"floor":25.0,"key":"MawBank"},{"floor":26.0,"key":"Strawberry"},{"floor":27.0,"key":"Shuriken"},{"floor":40.0,"key":"Tiny Chest"},{"floor":42,"key":"Boot"},{"floor":44,"key":"StoneCalendar"},{"floor":46,"key":"Pen Nib"}],"event_choices":[{"damage_healed":0.0,"max_hp_gain":0.0,"max_hp_loss":7.0,"gold_gain":0.0,"event_name":"Golden Idol","player_choice":"Lose Max HP","floor":5.0,"gold_loss":0.0,"damage_taken":0.0,"relics_obtained":["Golden Idol"]},{"damage_healed":0.0,"max_hp_gain":0.0,"max_hp_loss":0.0,"gold_gain":0.0,"event_name":"Lab","player_choice":"Got Potions","floor":8.0,"gold_loss":0.0,"damage_taken":0.0},{"damage_healed":0.0,"max_hp_gain":0.0,"max_hp_loss":0.0,"gold_gain":0.0,"event_name":"Masked Bandits","player_choice":"Fought Bandits","floor":19.0,"gold_loss":0.0,"damage_taken":0.0},{"damage_healed":0.0,"max_hp_gain":0.0,"max_hp_loss":0.0,"gold_gain":0.0,"event_name":"The Library","player_choice":"Read","floor":29.0,"gold_loss":0.0,"damage_taken":0.0,"cards_obtained":["Reaper"]},{"damage_healed":0.0,"max_hp_gain":0.0,"max_hp_loss":0.0,"gold_gain":0.0,"event_name":"Addict","player_choice":"Obtained Relic","floor":30.0,"gold_loss":85.0,"damage_taken":0.0,"relics_obtained":["Self Forming Clay"]},{"cards_removed":["Defend_R"],"damage_healed":0.0,"max_hp_gain":0.0,"max_hp_loss":0.0,"gold_gain":0.0,"event_name":"Falling","player_choice":"Removed Skill","floor":37.0,"gold_loss":0.0,"damage_taken":0.0},{"damage_healed":0.0,"max_hp_gain":0.0,"max_hp_loss":0.0,"gold_gain":50.0,"event_name":"FaceTrader","player_choice":"Touch","floor":39.0,"gold_loss":0.0,"damage_taken":7.0},{"damage_healed":0,"gold_gain":0,"player_choice":"Fight","damage_taken":0,"max_hp_gain":0,"max_hp_loss":0,"event_name":"MindBloom","floor":44,"gold_loss":0},{"damage_healed":0,"gold_gain":333,"player_choice":"Gave Idol","damage_taken":0,"max_hp_gain":0,"max_hp_loss":0,"event_name":"The Moai Head","floor":47,"relics_lost":["Golden Idol"],"gold_loss":0}],"is_beta":false,"boss_relics":[{"not_picked":["Velvet Choker","Coffee Dripper"],"picked":"Astrolabe"},{"not_picked":["Pandora\u0027s Box","Runic Dome"],"picked":"Cursed Key"}],"items_purged_floors":[12,45],"is_endless":false,"potions_floor_spawned":[3,4,11,16,19,20,21,25,33,36,40,42,48],"killed_by":"Time Eater","ascension_level":20}