{"gold_per_floor":[114,189,208,220,185,185,214,214,214,234,246,246,246,273,273,348,348,361,204,204,224,241,241,241],"floor_reached":24,"playtime":1633,"items_purged":[],"score":361,"play_id":"5e34971b-aee5-467b-9807-bcd513b4b2ed","local_time":"20180718115024","is_ascension_mode":true,"campfire_choices":[{"data":"Zap","floor":6.0,"key":"SMITH"},{"data":"Dualcast","floor":13,"key":"SMITH"},{"data":"Hologram","floor":15,"key":"SMITH"},{"floor":23,"key":"REST"}],"neow_cost":"NONE","seed_source_timestamp":0,"circlet_count":0,"master_deck":["Zap+1","Dualcast+1","AscendersBane","Hologram+1","Leap","Cold Snap","Capacitor","Go for the Eyes","Doom and Gloom","Meteor Strike","Conserve Battery","Sweeping Beam","Compile Driver","Hologram","Sweeping Beam","Fusion","Self Repair","Go for the Eyes","Hologram"],"special_seed":0,"relics":["Cracked Core","Letter Opener","Bottled Tornado","Gambling Chip","Pandora\u0027s Box","Juzu Bracelet"],"potions_floor_usage":[18,22,24],"damage_taken":[{"damage":7.0,"enemies":"Small Slimes","floor":1.0,"turns":3.0},{"damage":2.0,"enemies":"Jaw Worm","floor":3.0,"turns":4.0},{"damage":0.0,"enemies":"2 Louse","floor":4.0,"turns":3.0},{"damage":45.0,"enemies":"Gremlin Nob","floor":7.0,"turns":6.0},{"damage":6.0,"enemies":"2 Fungi Beasts","floor":10.0,"turns":4.0},{"damage":3,"enemies":"Gremlin Gang","floor":11,"turns":4},{"damage":12,"enemies":"3 Sentries","floor":14,"turns":8},{"damage":7,"enemies":"The Guardian","floor":16,"turns":11},{"damage":22,"enemies":"Spheric Guardian","floor":18,"turns":4},{"damage":19,"enemies":"Shell Parasite","floor":21,"turns":7},{"damage":31,"enemies":"Chosen and Byrds","floor":22,"turns":6},{"damage":48,"enemies":"Gremlin Leader","floor":24,"turns":4}],"seed_played":"4244140320944202911","potions_obtained":[{"floor":1.0,"key":"GamblersBrew"},{"floor":14,"key":"AttackPotion"},{"floor":16,"key":"Dexterity Potion"},{"floor":18,"key":"Poison Potion"},{"floor":22,"key":"Regen Potion"}],"is_trial":false,"path_per_floor":["M","?","M","M","?","R","E","?","T","M","M","?","R","E","R","B",null,"M","$","?","M","M","R"],"character_chosen":"DEFECT","items_purchased":["Juzu Bracelet"],"campfire_rested":1,"item_purchase_floors":[19],"current_hp_per_floor":[57,46,44,44,61,61,16,16,16,10,7,71,71,59,59,52,66,44,44,44,32,8,29,0],"gold":241,"neow_bonus":"REMOVE_CARD","is_prod":false,"is_daily":false,"chose_seed":false,"campfire_upgraded":3,"win_rate":0,"timestamp":1531939824,"path_taken":["M","?","M","M","?","R","E","?","T","M","M","?","R","E","R","BOSS","M","$","?","M","M","R","E"],"build_version":"2018-07-12","purchased_purges":0,"victory":false,"max_hp_per_floor":[71,71,71,71,71,71,71,71,71,71,71,71,71,71,71,71,71,71,71,71,71,71,71,71],"card_choices":[{"not_picked":["Loop","Heatsinks"],"picked":"Hologram","floor":1.0},{"not_picked":["Storm","Beam Cell"],"picked":"Leap","floor":3.0},{"not_picked":["Sweeping Beam","Storm"],"picked":"Cold Snap","floor":4.0},{"not_picked":["Compile Driver","Stack"],"picked":"Capacitor","floor":7.0},{"not_picked":["Coolheaded","Stack"],"picked":"Go for the Eyes","floor":10.0},{"not_picked":["Gash","Beam Cell","Hello World"],"picked":"SKIP","floor":11},{"not_picked":["Leap","Buffer"],"picked":"Doom and Gloom","floor":14},{"not_picked":["Hyperbeam","Fission"],"picked":"Meteor Strike","floor":16},{"not_picked":["Redo","White Noise"],"picked":"Self Repair","floor":18},{"not_picked":["Melter","Fusion"],"picked":"Go for the Eyes","floor":21},{"not_picked":["Sweeping Beam","Fusion"],"picked":"Hologram","floor":22}],"player_experience":786779,"relics_obtained":[{"floor":7.0,"key":"Letter Opener"},{"floor":9.0,"key":"Bottled Tornado"},{"floor":14,"key":"Gambling Chip"}],"event_choices":[{"event_name":"World of Goop","player_choice":"Gather Gold","floor":2.0,"damage_taken":0.0},{"event_name":"The Cleric","player_choice":"Healed","floor":5.0,"damage_taken":0.0},{"event_name":"Transmorgrifier","player_choice":"Transform","floor":8.0,"damage_taken":0.0},{"event_name":"Bonfire Elementals","player_choice":"UNCOMMON","floor":12,"damage_taken":0},{"event_name":"The Lab","player_choice":"Got Potions","floor":20,"damage_taken":0}],"boss_relics":[{"not_picked":["Tiny House","Velvet Choker"],"picked":"Pandora\u0027s Box"}],"items_purged_floors":[],"is_endless":false,"potions_floor_spawned":[1,14,16,18,22],"killed_by":"Gremlin Leader","ascension_level":15}