{"gold_per_floor":[114,114,94,105,180,180,206,206,206,231,243,273,289,299,299,299],"floor_reached":16,"playtime":525,"items_purged":[],"score":261,"play_id":"c38cd2f7-db04-40f7-9294-9144da45d690","local_time":"20190426160839","is_ascension_mode":true,"campfire_choices":[{"data":"Bash","floor":6,"key":"SMITH"},{"data":"Battle Trance","floor":8,"key":"SMITH"},{"floor":15,"key":"REST"}],"neow_cost":"NONE","seed_source_timestamp":6501692544300,"circlet_count":0,"master_deck":["AscendersBane","Strike_R","Strike_R","Strike_R","Strike_R+1","Defend_R","Defend_R","Defend_R","Defend_R","Bash+1","Headbutt+1","Battle Trance+1","Feed","Twin Strike","Immolate","Pommel Strike"],"relics":["Burning Blood","NeowsBlessing","Dream Catcher","Gremlin Horn","Whetstone","Pen Nib"],"potions_floor_usage":[10,10,12,16,16],"damage_taken":[{"damage":0,"enemies":"Jaw Worm","floor":1,"turns":1},{"damage":0,"enemies":"Cultist","floor":4,"turns":1},{"damage":0,"enemies":"Gremlin Nob","floor":7,"turns":1},{"damage":50,"enemies":"Lagavulin","floor":10,"turns":6},{"damage":5,"enemies":"Small Slimes","floor":11,"turns":3},{"damage":21,"enemies":"Gremlin Nob","floor":12,"turns":4},{"damage":8,"enemies":"Red Slaver","floor":13,"turns":3},{"damage":12,"enemies":"Looter","floor":14,"turns":3},{"damage":64,"enemies":"Hexaghost","floor":16,"turns":7}],"seed_played":"-970120260585500525","potions_obtained":[{"floor":1,"key":"PowerPotion"},{"floor":3,"key":"Regen Potion"},{"floor":11,"key":"Block Potion"},{"floor":12,"key":"BloodPotion"},{"floor":13,"key":"AttackPotion"}],"is_trial":false,"path_per_floor":["M","?","?","M","?","R","E","R","T","E","M","E","M","M","R","B"],"character_chosen":"IRONCLAD","items_purchased":[],"campfire_rested":1,"item_purchase_floors":[],"current_hp_per_floor":[74,74,74,75,64,64,70,70,70,38,42,30,31,28,54,0],"gold":299,"neow_bonus":"THREE_ENEMY_KILL","is_prod":false,"is_daily":false,"chose_seed":false,"campfire_upgraded":2,"win_rate":0,"timestamp":1556284119,"path_taken":["M","?","?","?","?","R","E","R","T","E","M","E","M","M","R","BOSS"],"build_version":"2019-01-23","purchased_purges":0,"victory":false,"max_hp_per_floor":[75,75,75,75,75,75,75,75,75,75,78,81,84,87,87,87],"card_choices":[{"not_picked":["Sword Boomerang","Wild Strike"],"picked":"Headbutt","floor":1},{"not_picked":["Thunderclap","Combust","Metallicize"],"picked":"SKIP","floor":4},{"not_picked":["True Grit","Metallicize"],"picked":"Battle Trance","floor":7},{"not_picked":["Iron Wave","Sentinel"],"picked":"Feed","floor":10},{"not_picked":["Headbutt","True Grit"],"picked":"Twin Strike","floor":11},{"not_picked":["Iron Wave","Battle Trance"],"picked":"Immolate","floor":12},{"not_picked":["Seeing Red","Cleave","Body Slam"],"picked":"SKIP","floor":13},{"not_picked":["Power Through","Whirlwind"],"picked":"Pommel Strike","floor":14}],"player_experience":327415,"relics_obtained":[{"floor":7,"key":"Dream Catcher"},{"floor":9,"key":"Gremlin Horn"},{"floor":10,"key":"Whetstone"},{"floor":12,"key":"Pen Nib"}],"event_choices":[{"cards_removed":["Strike_R"],"damage_healed":0,"gold_gain":0,"player_choice":"Forget","damage_taken":0,"max_hp_gain":0,"max_hp_loss":0,"event_name":"Living Wall","floor":2,"gold_loss":0},{"damage_healed":0,"gold_gain":0,"player_choice":"Bought 1 Potion","damage_taken":0,"max_hp_gain":0,"max_hp_loss":0,"event_name":"The Woman in Blue","floor":3,"gold_loss":0},{"damage_healed":0,"gold_gain":75,"player_choice":"Gather Gold","damage_taken":11,"max_hp_gain":0,"max_hp_loss":0,"event_name":"World of Goop","floor":5,"gold_loss":0}],"is_beta":false,"boss_relics":[],"items_purged_floors":[],"is_endless":false,"potions_floor_spawned":[1,7,11,12,13],"killed_by":"Hexaghost","ascension_level":16}