{"gold_per_floor":[110,128,141,141,151,183,195,220,232,176,176,219,219,10,10,103,103,128,253,276,326,349,349,349,374,422,320,364,364,400,438,438,528,528,547,547,399,419,435,435,478,478,504,41,263,263,286,286,286,286],"floor_reached":51,"playtime":2883,"items_purged":["Normality","Pain","Parasite"],"score":1318,"play_id":"6bab32a8-4c8b-4e31-b511-d5ab3ed205c1","local_time":"20190210184452","is_ascension_mode":true,"campfire_choices":[{"data":"Neutralize","floor":7.0,"key":"SMITH"},{"data":"Poisoned Stab","floor":13.0,"key":"SMITH"},{"data":"Poisoned Stab","floor":15.0,"key":"SMITH"},{"floor":23.0,"key":"REST"},{"data":"Envenom","floor":29.0,"key":"SMITH"},{"data":"Catalyst","floor":32.0,"key":"SMITH"},{"data":"Well Laid Plans","floor":40,"key":"SMITH"},{"data":"Footwork","floor":46,"key":"SMITH"},{"data":"Bouncing Flask","floor":49,"key":"SMITH"}],"neow_cost":"NONE","seed_source_timestamp":0,"circlet_count":0,"master_deck":["AscendersBane","Defend_G","Defend_G","Defend_G","Defend_G","Survivor","Neutralize+1","Poisoned Stab+1","Poisoned Stab+1","Deflect","Leg Sweep","Well Laid Plans+1","Quick Slash","Catalyst+1","Envenom+1","Backflip","PiercingWail","All Out Attack","Calculated Gamble","Bite","Bite","Bite","Bite","Bullet Time","PiercingWail","Bouncing Flask+1","Blur","Malaise","Underhanded Strike+1","Flying Knee+1","Deep Breath+1","Footwork+1","Dash","PiercingWail","Backflip+1","Acrobatics+1","Outmaneuver","Adrenaline","Caltrops","Dark Shackles","Deadly Poison"],"special_seed":0,"relics":["Ring of the Snake","MawBank","Bird Faced Urn","Golden Idol","Bottled Flame","Membership Card","Cursed Key","The Specimen","Letter Opener","Bag of Marbles","Calipers","Red Mask","Ice Cream","Astrolabe","WarpedTongs","Pen Nib","Oddly Smooth Stone","Art of War","Potion Belt","Medical Kit"],"potions_floor_usage":[50,50,50],"damage_taken":[{"damage":3.0,"enemies":"Jaw Worm","floor":1.0,"turns":11.0},{"damage":0.0,"enemies":"Cultist","floor":2.0,"turns":4.0},{"damage":0.0,"enemies":"Small Slimes","floor":3.0,"turns":3.0},{"damage":4.0,"enemies":"Blue Slaver","floor":5.0,"turns":4.0},{"damage":22.0,"enemies":"Gremlin Nob","floor":6.0,"turns":5.0},{"damage":4.0,"enemies":"3 Louse","floor":8.0,"turns":7.0},{"damage":14.0,"enemies":"3 Sentries","floor":12.0,"turns":11.0},{"damage":11.0,"enemies":"The Guardian","floor":16.0,"turns":12.0},{"damage":17.0,"enemies":"Spheric Guardian","floor":18.0,"turns":7.0},{"damage":21.0,"enemies":"Colosseum Slavers","floor":19.0,"turns":6.0},{"damage":9.0,"enemies":"Colosseum Nobs","floor":19.0,"turns":5.0},{"damage":6.0,"enemies":"Shell Parasite","floor":20.0,"turns":4.0},{"damage":11.0,"enemies":"Centurion and Healer","floor":22.0,"turns":6.0},{"damage":16.0,"enemies":"Snake Plant","floor":25.0,"turns":7.0},{"damage":6.0,"enemies":"Slavers","floor":28.0,"turns":8.0},{"damage":29.0,"enemies":"Masked Bandits","floor":30.0,"turns":5.0},{"damage":15.0,"enemies":"Gremlin Leader","floor":31.0,"turns":7.0},{"damage":38,"enemies":"Champ","floor":33,"turns":9},{"damage":5,"enemies":"Orb Walker","floor":35,"turns":3},{"damage":25,"enemies":"3 Darklings","floor":38,"turns":5},{"damage":6,"enemies":"Jaw Worm Horde","floor":39,"turns":8},{"damage":0,"enemies":"Reptomancer","floor":41,"turns":6},{"damage":5,"enemies":"Sphere and 2 Shapes","floor":47,"turns":5},{"damage":51,"enemies":"Time Eater","floor":50,"turns":17}],"seed_played":"9096860085238612519","potions_obtained":[{"floor":1.0,"key":"Regen Potion"},{"floor":3.0,"key":"Swift Potion"},{"floor":8.0,"key":"FearPotion"},{"floor":18.0,"key":"PowerPotion"},{"floor":25.0,"key":"PowerPotion"},{"floor":28.0,"key":"Ancient Potion"},{"floor":30.0,"key":"GamblersBrew"},{"floor":31.0,"key":"LiquidBronze"}],"is_trial":false,"path_per_floor":["M","M","M","?","M","E","R","M","T","$","?","E","R","$","R","B",null,"M","?","M","?","M","R","?","M","T","$","E","R","?","E","R","B",null,"M","?","$","M","M","R","E","?","T","$","?","R","M","?","R","B",null],"character_chosen":"THE_SILENT","items_purchased":["Catalyst","Membership Card","Bullet Time","SkillPotion","Pen Nib","Dash","Potion Belt","Energy Potion","Swift Potion","Outmaneuver","Medical Kit","Adrenaline","Caltrops","Dark Shackles"],"campfire_rested":1,"item_purchase_floors":[10,14,27,27,37,37,44,44,44,44,44,44,44,44],"current_hp_per_floor":[62,62,62,62,58,36,36,47,47,47,47,35,35,35,35,26,55,42,22,20,20,13,32,32,28,28,28,38,38,24,31,31,17,38,37,37,37,26,34,34,45,45,45,42,42,42,42,40,40,28],"gold":286,"neow_bonus":"TEN_PERCENT_HP_BONUS","is_prod":false,"is_daily":false,"chose_seed":false,"campfire_upgraded":8,"win_rate":0,"timestamp":1549853092,"path_taken":["M","M","M","?","?","E","R","?","T","$","?","E","R","?","R","BOSS","M","?","M","?","M","R","?","M","T","$","E","R","?","E","R","BOSS","M","?","$","M","?","R","E","?","T","$","?","R","M","?","R","BOSS"],"build_version":"2019-01-23","purchased_purges":3,"victory":true,"max_hp_per_floor":[72,72,72,72,72,72,72,72,72,72,65,65,65,65,65,65,65,65,65,65,65,65,65,45,45,45,45,45,45,45,45,45,45,45,45,45,45,45,45,45,45,45,45,42,42,42,42,40,40,40],"card_choices":[{"not_picked":["Setup","Backflip"],"picked":"Poisoned Stab","floor":1.0},{"not_picked":["Setup","Dodge and Roll"],"picked":"Poisoned Stab","floor":2.0},{"not_picked":["Blade Dance","Grand Finale"],"picked":"Flying Knee","floor":3.0},{"not_picked":["Poisoned Stab","Bane"],"picked":"Leg Sweep","floor":5.0},{"not_picked":["Quick Slash","Expertise"],"picked":"Well Laid Plans","floor":6.0},{"not_picked":["Reflex","Slice"],"picked":"Quick Slash","floor":8.0},{"not_picked":["Terror","Dagger Throw"],"picked":"Backstab","floor":12.0},{"not_picked":["Night Terror","Wraith Form v2"],"picked":"Envenom","floor":16.0},{"not_picked":["Dodge and Roll","Bane"],"picked":"Backflip","floor":18.0},{"not_picked":["Blade Dance","Flying Knee"],"picked":"PiercingWail","floor":19.0},{"not_picked":["Endless Agony","Acrobatics"],"picked":"All Out Attack","floor":20.0},{"not_picked":["Sucker Punch","Deadly Poison"],"picked":"Calculated Gamble","floor":22.0},{"not_picked":["Sucker Punch","Dash","Poisoned Stab"],"picked":"SKIP","floor":25.0},{"not_picked":["Acrobatics","Deflect"],"picked":"PiercingWail","floor":28.0},{"not_picked":["Skewer","Quick Slash"],"picked":"Bouncing Flask","floor":30.0},{"not_picked":["Venomology","Outmaneuver+1"],"picked":"Blur","floor":31.0},{"not_picked":["Glass Knife","Wraith Form v2"],"picked":"Malaise","floor":33},{"not_picked":["Backflip","Infinite Blades"],"picked":"Footwork","floor":35},{"not_picked":["Acrobatics","Deflect+1"],"picked":"PiercingWail","floor":38},{"not_picked":["Concentrate","Infinite Blades"],"picked":"Backflip+1","floor":39},{"not_picked":["Quick Slash","Dagger Spray"],"picked":"Acrobatics+1","floor":41},{"not_picked":["Bouncing Flask","Quick Slash"],"picked":"Deadly Poison","floor":47}],"player_experience":2189970,"relics_obtained":[{"floor":6.0,"key":"MawBank"},{"floor":9.0,"key":"Bird Faced Urn"},{"floor":12.0,"key":"Bottled Flame"},{"floor":19.0,"key":"The Specimen"},{"floor":19.0,"key":"Letter Opener"},{"floor":26.0,"key":"Bag of Marbles"},{"floor":28.0,"key":"Calipers"},{"floor":30.0,"key":"Red Mask"},{"floor":31.0,"key":"Ice Cream"},{"floor":41,"key":"Oddly Smooth Stone"},{"floor":43,"key":"Art of War"}],"event_choices":[{"damage_healed":0.0,"max_hp_gain":0.0,"max_hp_loss":0.0,"gold_gain":0.0,"cards_transformed":["Strike_G"],"event_name":"Transmorgrifier","player_choice":"Transformed","floor":4.0,"gold_loss":0.0,"damage_taken":0.0,"cards_obtained":["Deflect"]},{"damage_healed":0.0,"max_hp_gain":0.0,"max_hp_loss":7.0,"gold_gain":0.0,"event_name":"Golden Idol","player_choice":"Lose Max HP","floor":11.0,"gold_loss":0.0,"damage_taken":0.0,"relics_obtained":["Golden Idol"]},{"damage_healed":0.0,"max_hp_gain":0.0,"max_hp_loss":0.0,"gold_gain":0.0,"event_name":"Colosseum","player_choice":"Fight","floor":19.0,"gold_loss":0.0,"damage_taken":0.0},{"damage_healed":0.0,"max_hp_gain":0.0,"max_hp_loss":0.0,"gold_gain":0.0,"event_name":"Colosseum","player_choice":"Fought Nobs","floor":19.0,"gold_loss":0.0,"damage_taken":0.0},{"damage_healed":0.0,"max_hp_gain":0.0,"max_hp_loss":0.0,"gold_gain":50.0,"event_name":"Nest","player_choice":"Stole From Cult","floor":21.0,"gold_loss":0.0,"damage_taken":0.0},{"damage_healed":0.0,"max_hp_gain":0.0,"max_hp_loss":20.0,"gold_gain":0.0,"event_name":"Vampires","player_choice":"Became a vampire","floor":24.0,"gold_loss":0.0,"damage_taken":0.0,"cards_obtained":["Bite","Bite","Bite","Bite","Bite"]},{"damage_healed":0.0,"max_hp_gain":0.0,"max_hp_loss":0.0,"gold_gain":0.0,"event_name":"Masked Bandits","player_choice":"Fought Bandits","floor":30.0,"gold_loss":0.0,"damage_taken":0.0},{"damage_healed":0,"gold_gain":0,"player_choice":"Rummage","damage_taken":0,"relics_obtained":["WarpedTongs"],"max_hp_gain":0,"max_hp_loss":0,"event_name":"Accursed Blacksmith","floor":36,"gold_loss":0,"cards_obtained":["Pain"]},{"cards_removed":["Backstab"],"damage_healed":0,"gold_gain":0,"player_choice":"Removed Attack","damage_taken":0,"max_hp_gain":0,"max_hp_loss":0,"event_name":"Falling","floor":42,"gold_loss":0},{"damage_healed":0,"gold_gain":222,"player_choice":"Wore Mask","damage_taken":0,"max_hp_gain":0,"max_hp_loss":0,"event_name":"Tomb of Lord Red Mask","floor":45,"gold_loss":0},{"damage_healed":0,"gold_gain":0,"player_choice":"Max HP","damage_taken":0,"max_hp_gain":0,"max_hp_loss":2,"event_name":"Winding Halls","floor":48,"gold_loss":0}],"is_beta":false,"boss_relics":[{"not_picked":["Runic Pyramid","Black Star"],"picked":"Cursed Key"},{"not_picked":["Orrery","Velvet Choker"],"picked":"Astrolabe"}],"items_purged_floors":[27,37,44],"is_endless":false,"potions_floor_spawned":[1,3,8,18,19,25,28,30,31,35,47],"ascension_level":15}