{"gold_per_floor":[19,35,52,12,12,12,26,40,65,65,99,116,141,291,291,369,369,382,393,393,158,73,73,73,73,97,111,111,11,11,11,11,82,82,102,112,112,130,130,155,155],"floor_reached":41,"playtime":1342,"items_purged":["Strike_G","Strike_G"],"score":794,"play_id":"3bfa1646-409d-4393-b8aa-be67197cfd09","local_time":"20190205201932","is_ascension_mode":true,"campfire_choices":[{"data":"Corpse Explosion","floor":6,"key":"SMITH"},{"data":"Leg Sweep","floor":15,"key":"SMITH"},{"data":"Noxious Fumes","floor":23,"key":"SMITH"},{"data":"Bouncing Flask","floor":25,"key":"SMITH"},{"data":"Crippling Poison","floor":28,"key":"SMITH"},{"data":"Dodge and Roll","floor":30,"key":"SMITH"},{"floor":32,"key":"REST"}],"neow_cost":"NO_GOLD","seed_source_timestamp":276047519134193,"circlet_count":0,"master_deck":["AscendersBane","Defend_G","Defend_G","Defend_G","Defend_G","Defend_G","Strike_G","Strike_G","Strike_G","Survivor","Neutralize","Corpse Explosion+1","Poisoned Stab","PiercingWail","Dodge and Roll+1","Leg Sweep+1","Deadly Poison+1","Dodge and Roll","Doubt","Adrenaline","Crippling Poison+1","Noxious Fumes+1","Bouncing Flask+1","PiercingWail","Malaise","Writhe","Parasite","Expertise+1"],"relics":["Ring of the Snake","Strawberry","Snake Skull","Centennial Puzzle","Sozu","Regal Pillow","Gremlin Horn","Bag of Marbles","Busted Crown","Art of War"],"potions_floor_usage":[11,13,27],"damage_taken":[{"damage":0,"enemies":"2 Louse","floor":1,"turns":2},{"damage":0,"enemies":"Small Slimes","floor":2,"turns":2},{"damage":0,"enemies":"Jaw Worm","floor":3,"turns":4},{"damage":4,"enemies":"Looter","floor":4,"turns":4},{"damage":5,"enemies":"Blue Slaver","floor":7,"turns":4},{"damage":5,"enemies":"Exordium Wildlife","floor":8,"turns":4},{"damage":17,"enemies":"3 Sentries","floor":11,"turns":3},{"damage":0,"enemies":"Looter","floor":12,"turns":4},{"damage":6,"enemies":"Lagavulin","floor":13,"turns":7},{"damage":3,"enemies":"Hexaghost","floor":16,"turns":9},{"damage":20,"enemies":"3 Byrds","floor":18,"turns":3},{"damage":1,"enemies":"2 Thieves","floor":19,"turns":3},{"damage":2,"enemies":"Shelled Parasite and Fungi","floor":27,"turns":3},{"damage":57,"enemies":"Champ","floor":33,"turns":12},{"damage":0,"enemies":"3 Shapes","floor":35,"turns":5},{"damage":22,"enemies":"3 Darklings","floor":36,"turns":4},{"damage":7,"enemies":"Writhing Mass","floor":38,"turns":7},{"damage":39,"enemies":"Nemesis","floor":40,"turns":9},{"damage":9,"enemies":"Sphere and 2 Shapes","floor":41,"turns":1}],"seed_played":"-6986026722762629673","potions_obtained":[{"floor":2,"key":"Explosive Potion"},{"floor":3,"key":"PowerPotion"},{"floor":7,"key":"SkillPotion"},{"floor":11,"key":"SpeedPotion"},{"floor":12,"key":"Regen Potion"}],"is_trial":false,"path_per_floor":["M","M","M","M","?","R","M","M","T","?","E","M","E","?","R","B",null,"M","M","?","$","?","R","?","R","T","M","R","$","R","$","R","B",null,"M","M","?","M","?","E","M"],"character_chosen":"THE_SILENT","items_purchased":["Regal Pillow"],"campfire_rested":1,"item_purchase_floors":[21],"current_hp_per_floor":[59,59,59,55,55,55,50,45,52,52,35,35,44,44,44,41,65,45,44,44,44,44,44,44,44,44,42,42,42,42,42,73,16,59,59,37,52,45,45,6,0],"gold":155,"neow_bonus":"THREE_RARE_CARDS","is_prod":false,"is_daily":false,"chose_seed":false,"campfire_upgraded":6,"win_rate":0,"timestamp":1549394372,"path_taken":["M","M","M","M","?","R","M","M","T","?","E","M","E","?","R","BOSS","M","M","?","$","?","R","?","R","T","M","R","?","R","?","R","BOSS","M","M","?","M","?","E","?"],"build_version":"2019-01-23","purchased_purges":2,"victory":false,"max_hp_per_floor":[66,66,66,66,66,66,66,66,73,73,73,73,73,73,73,73,73,73,73,73,73,73,73,73,73,73,73,73,73,73,73,73,73,73,73,73,73,73,73,73,73],"card_choices":[{"not_picked":["Die Die Die","Tools of the Trade"],"picked":"Corpse Explosion","floor":0},{"not_picked":["Underhanded Strike","Flechettes"],"picked":"Poisoned Stab","floor":1},{"not_picked":["Skewer","Backflip","Heel Hook"],"picked":"SKIP","floor":2},{"not_picked":["Flying Knee","Masterful Stab"],"picked":"PiercingWail","floor":3},{"not_picked":["Terror","Dagger Throw"],"picked":"Dodge and Roll","floor":4},{"not_picked":["Concentrate","Expertise"],"picked":"Leg Sweep","floor":7},{"not_picked":["Flying Knee","Escape Plan"],"picked":"Deadly Poison","floor":8},{"not_picked":["Underhanded Strike","Infinite Blades"],"picked":"Dodge and Roll","floor":11},{"not_picked":["Cloak And Dagger","Sucker Punch","Blade Dance"],"picked":"SKIP","floor":12},{"not_picked":["Phantasmal Killer","Cloak And Dagger","Distraction"],"picked":"SKIP","floor":13},{"not_picked":["Bullet Time","After Image"],"picked":"Adrenaline","floor":16},{"not_picked":["Flying Knee","Prepared"],"picked":"Crippling Poison","floor":18},{"not_picked":["Deflect","Accuracy"],"picked":"Noxious Fumes","floor":19},{"not_picked":["Calculated Gamble","Quick Slash+1"],"picked":"PiercingWail","floor":27},{"not_picked":["After Image","A Thousand Cuts"],"picked":"Malaise","floor":33},{"not_picked":["Blade Dance+1"],"picked":"SKIP","floor":35},{"not_picked":["Flying Knee"],"picked":"SKIP","floor":36},{"not_picked":[],"picked":"Expertise+1","floor":38},{"not_picked":["Expertise+1"],"picked":"SKIP","floor":40}],"player_experience":504032,"relics_obtained":[{"floor":9,"key":"Strawberry"},{"floor":11,"key":"Snake Skull"},{"floor":13,"key":"Centennial Puzzle"},{"floor":26,"key":"Bag of Marbles"},{"floor":40,"key":"Art of War"}],"event_choices":[{"damage_healed":0,"gold_gain":0,"player_choice":"Leave","damage_taken":0,"max_hp_gain":0,"max_hp_loss":0,"event_name":"The Cleric","floor":5,"gold_loss":0},{"damage_healed":0,"gold_gain":0,"player_choice":"Grow","damage_taken":0,"max_hp_gain":0,"max_hp_loss":0,"event_name":"Living Wall","floor":10,"gold_loss":0,"cards_upgraded":["Deadly Poison"]},{"damage_healed":0,"gold_gain":150,"player_choice":"AGREE","damage_taken":0,"max_hp_gain":0,"max_hp_loss":0,"event_name":"Liars Game","floor":14,"gold_loss":0,"cards_obtained":["Doubt"]},{"damage_healed":0,"gold_gain":0,"player_choice":"Read","damage_taken":0,"max_hp_gain":0,"max_hp_loss":0,"event_name":"The Library","floor":20,"gold_loss":0,"cards_obtained":["Bouncing Flask"]},{"damage_healed":0,"gold_gain":0,"player_choice":"Obtained Relic","damage_taken":0,"relics_obtained":["Gremlin Horn"],"max_hp_gain":0,"max_hp_loss":0,"event_name":"Addict","floor":22,"gold_loss":85},{"damage_healed":0,"gold_gain":0,"player_choice":"Ignored","damage_taken":0,"max_hp_gain":0,"max_hp_loss":0,"event_name":"Vampires","floor":24,"gold_loss":0},{"damage_healed":15,"gold_gain":0,"player_choice":"Writhe","damage_taken":0,"max_hp_gain":0,"max_hp_loss":0,"event_name":"Winding Halls","floor":37,"gold_loss":0,"cards_obtained":["Writhe"]},{"damage_healed":0,"gold_gain":0,"player_choice":"Ignored","damage_taken":0,"max_hp_gain":0,"max_hp_loss":0,"event_name":"SecretPortal","floor":39,"gold_loss":0}],"is_beta":false,"boss_relics":[{"not_picked":["WristBlade","Fusion Hammer"],"picked":"Sozu"},{"not_picked":["Pandora\u0027s Box","Lizard Tail"],"picked":"Busted Crown"}],"items_purged_floors":[21,29],"is_endless":false,"potions_floor_spawned":[2,3,7,11,12,33,35],"killed_by":"Sphere and 2 Shapes","ascension_level":17}