{"gold_per_floor":[115,115,132,142,217,249,267,297,297,324,356,375,375,406,406,480,480,496,246,261,281,301,326,344,373,373,373,473,492,492,517,517,596,596,614,626,641,641,654,654,714,714,714,728,762,188,223,237,237,237,237],"floor_reached":52,"playtime":2408,"items_purged":[],"score":2863,"play_id":"e1b00bca-eada-4458-82d3-7b6d8929092e","local_time":"20181124122920","daily_mods":["SealedDeck","DeadlyEvents"],"is_ascension_mode":true,"campfire_choices":[{"data":"Limit Break","floor":13,"key":"SMITH"},{"data":"Uppercut","floor":15,"key":"SMITH"},{"data":"Flame Barrier","floor":27,"key":"SMITH"},{"data":"Demon Form","floor":30,"key":"SMITH"},{"data":"Feel No Pain","floor":32,"key":"SMITH"},{"floor":40,"key":"REST"},{"floor":42,"key":"REST"},{"floor":49,"key":"REST"}],"neow_cost":"","seed_source_timestamp":0,"circlet_count":0,"master_deck":["AscendersBane","Clothesline","True Grit+1","Inflame","Shockwave","Heavy Blade","Havoc","Shrug It Off","Uppercut+1","Feel No Pain+1","Flame Barrier+1","Immolate+1","Limit Break+1","Demon Form+1","Bludgeon","Shrug It Off","Reaper+1","Corruption","Flame Barrier","Impervious","Spot Weakness","Impervious","Pummel","Heavy Blade"],"relics":["Snecko Eye","Potion Belt","Smiling Mask","Red Skull","Question Card","Pen Nib","Darkstone Periapt","Black Star","Pear","Kunai","Dodecahedron","Self Forming Clay","Sundial","Torii","Letter Opener","PreservedInsect","Ancient Tea Set","Fusion Hammer","Tiny Chest","Regal Pillow","Mummified Hand","Strawberry","Bronze Scales","Whetstone","DollysMirror","Boot","Bag of Preparation"],"potions_floor_usage":[6,14,23,24,51],"damage_taken":[{"damage":4,"enemies":"Jaw Worm","floor":1,"turns":3},{"damage":0,"enemies":"Cultist","floor":3,"turns":2},{"damage":1,"enemies":"Small Slimes","floor":4,"turns":2},{"damage":12,"enemies":"3 Sentries","floor":6,"turns":8},{"damage":0,"enemies":"Blue Slaver","floor":7,"turns":2},{"damage":0,"enemies":"Gremlin Nob","floor":8,"turns":3},{"damage":3,"enemies":"Lagavulin","floor":10,"turns":4},{"damage":0,"enemies":"Gremlin Nob","floor":11,"turns":3},{"damage":0,"enemies":"Exordium Thugs","floor":12,"turns":2},{"damage":0,"enemies":"3 Sentries","floor":14,"turns":4},{"damage":0,"enemies":"Hexaghost","floor":16,"turns":7},{"damage":0,"enemies":"Shell Parasite","floor":18,"turns":2},{"damage":15,"enemies":"2 Thieves","floor":20,"turns":3},{"damage":0,"enemies":"Snake Plant","floor":21,"turns":1},{"damage":0,"enemies":"Snecko","floor":22,"turns":4},{"damage":9,"enemies":"Book of Stabbing","floor":23,"turns":3},{"damage":26,"enemies":"Shelled Parasite and Fungi","floor":24,"turns":5},{"damage":21,"enemies":"Slavers","floor":25,"turns":5},{"damage":12,"enemies":"Colosseum Slavers","floor":28,"turns":5},{"damage":17,"enemies":"Colosseum Nobs","floor":28,"turns":4},{"damage":7,"enemies":"Snake Plant","floor":29,"turns":3},{"damage":3,"enemies":"Book of Stabbing","floor":31,"turns":3},{"damage":9,"enemies":"Champ","floor":33,"turns":6},{"damage":0,"enemies":"3 Shapes","floor":35,"turns":1},{"damage":0,"enemies":"3 Darklings","floor":36,"turns":3},{"damage":0,"enemies":"Sphere and 2 Shapes","floor":37,"turns":4},{"damage":0,"enemies":"Spire Growth","floor":39,"turns":3},{"damage":0,"enemies":"Giant Head","floor":41,"turns":4},{"damage":0,"enemies":"Transient","floor":44,"turns":6},{"damage":0,"enemies":"Nemesis","floor":45,"turns":3},{"damage":0,"enemies":"Giant Head","floor":47,"turns":5},{"damage":0,"enemies":"3 Darklings","floor":48,"turns":1},{"damage":0,"enemies":"Time Eater","floor":50,"turns":6},{"damage":0,"enemies":"Donu and Deca","floor":51,"turns":5}],"seed_played":"-3614844741173345608","potions_obtained":[{"floor":3,"key":"BloodPotion"},{"floor":6,"key":"Block Potion"},{"floor":8,"key":"SpeedPotion"},{"floor":10,"key":"SpeedPotion"},{"floor":14,"key":"PowerPotion"},{"floor":23,"key":"EssenceOfSteel"},{"floor":24,"key":"SpeedPotion"},{"floor":31,"key":"Dexterity Potion"},{"floor":45,"key":"Strength Potion"},{"floor":48,"key":"Block Potion"}],"is_trial":true,"path_per_floor":["M","?","M","M","?","E","M","E","T","E","E","M","R","E","R","B",null,"M","$","M","M","M","E","M","E","T","R","?","M","R","E","R","B",null,"M","M","M","?","M","R","E","R","T","M","E","$","E","M","R","B","B",null],"character_chosen":"IRONCLAD","items_purchased":["Reaper","Regen Potion","Whetstone","Spot Weakness","DollysMirror","Pummel","Energy Potion"],"campfire_rested":3,"item_purchase_floors":[19,19,46,46,46,46,46],"current_hp_per_floor":[64,64,64,63,52,47,47,47,47,44,44,44,44,44,44,44,67,67,67,60,60,66,67,59,63,63,63,74,69,69,66,66,85,85,85,85,85,85,85,85,85,85,85,85,92,92,92,92,92,92,92],"gold":237,"neow_bonus":"","is_prod":false,"is_daily":false,"chose_seed":false,"campfire_upgraded":5,"win_rate":0,"timestamp":1543091360,"path_taken":["M","?","M","?","?","E","M","E","T","E","?","M","R","E","R","BOSS","M","$","M","M","M","E","M","E","T","R","?","M","R","E","R","BOSS","M","M","M","?","?","R","E","R","T","M","E","$","E","M","R","BOSS","BOSS"],"build_version":"2018-11-15","purchased_purges":0,"victory":true,"max_hp_per_floor":[75,75,75,75,75,75,75,75,75,75,75,75,75,75,75,75,75,75,75,75,75,75,85,85,85,85,85,85,85,85,85,85,85,85,85,85,85,85,85,85,85,85,85,85,92,92,92,92,92,92,92],"card_choices":[{"not_picked":["Havoc","Clash"],"picked":"Flame Barrier","floor":1},{"not_picked":["Ghostly Armor","Cleave","Wild Strike"],"picked":"SKIP","floor":3},{"not_picked":["Cleave","Shrug It Off","Rage"],"picked":"SKIP","floor":4},{"not_picked":["Havoc","Sword Boomerang"],"picked":"Immolate","floor":6},{"not_picked":["Headbutt","Infernal Blade","Power Through"],"picked":"SKIP","floor":7},{"not_picked":["True Grit","Shrug It Off","Sentinel"],"picked":"SKIP","floor":8},{"not_picked":["Thunderclap","Shrug It Off","Anger"],"picked":"SKIP","floor":10},{"not_picked":["Rampage","Warcry","Burning Pact"],"picked":"Limit Break","floor":11},{"not_picked":["Clash","Heavy Blade","Flex","True Grit"],"picked":"SKIP","floor":12},{"not_picked":["Dual Wield","Combust","Battle Trance"],"picked":"Demon Form","floor":14},{"not_picked":["Juggernaut","Brutality","Double Tap"],"picked":"Bludgeon","floor":16},{"not_picked":["Clash","Wild Strike","Body Slam+1"],"picked":"Shrug It Off","floor":18},{"not_picked":["Berserk","Seeing Red","Hemokinesis+1","Warcry"],"picked":"SKIP","floor":20},{"not_picked":["Warcry","Fire Breathing","Anger","Flex+1"],"picked":"SKIP","floor":21},{"not_picked":["Twin Strike+1","Power Through","Sword Boomerang","Shrug It Off"],"picked":"SKIP","floor":22},{"not_picked":["Dropkick+1","Entrench","Inflame"],"picked":"Corruption","floor":23},{"not_picked":["Cleave","Clothesline","Perfected Strike","Iron Wave"],"picked":"SKIP","floor":24},{"not_picked":["Bludgeon","Seeing Red","Clothesline","Combust"],"picked":"SKIP","floor":25},{"not_picked":["Iron Wave","Reckless Charge","Headbutt","Blood for Blood"],"picked":"SKIP","floor":29},{"not_picked":["Warcry","Hemokinesis","Dropkick"],"picked":"Flame Barrier","floor":31},{"not_picked":["Demon Form","Double Tap","Offering"],"picked":"Impervious","floor":33},{"not_picked":["Perfected Strike+1","Wild Strike+1","Body Slam","Rage"],"picked":"SKIP","floor":35},{"not_picked":["Thunderclap","Cleave","Perfected Strike","Shrug It Off"],"picked":"SKIP","floor":36},{"not_picked":["Ghostly Armor","Clothesline","Havoc","Body Slam"],"picked":"SKIP","floor":37},{"not_picked":["Sword Boomerang+1","Power Through","Thunderclap","Shrug It Off"],"picked":"SKIP","floor":39},{"not_picked":["Cleave","Inflame","Pommel Strike","Double Tap"],"picked":"SKIP","floor":41},{"not_picked":["Carnage+1","Heavy Blade+1","Anger","Perfected Strike"],"picked":"SKIP","floor":44},{"not_picked":["Bloodletting+1","Ghostly Armor","Wild Strike","Dropkick"],"picked":"SKIP","floor":45},{"not_picked":["Flame Barrier","Pommel Strike","Impervious"],"picked":"Heavy Blade","floor":47},{"not_picked":["Clash","Spot Weakness","Bloodletting","Shrug It Off"],"picked":"SKIP","floor":48}],"player_experience":1667453,"relics_obtained":[{"floor":6,"key":"Potion Belt"},{"floor":8,"key":"Smiling Mask"},{"floor":9,"key":"Red Skull"},{"floor":10,"key":"Question Card"},{"floor":11,"key":"Pen Nib"},{"floor":14,"key":"Darkstone Periapt"},{"floor":23,"key":"Pear"},{"floor":23,"key":"Kunai"},{"floor":25,"key":"Dodecahedron"},{"floor":25,"key":"Self Forming Clay"},{"floor":26,"key":"Sundial"},{"floor":28,"key":"Torii"},{"floor":28,"key":"Letter Opener"},{"floor":31,"key":"PreservedInsect"},{"floor":31,"key":"Ancient Tea Set"},{"floor":41,"key":"Tiny Chest"},{"floor":41,"key":"Regal Pillow"},{"floor":43,"key":"Mummified Hand"},{"floor":45,"key":"Strawberry"},{"floor":45,"key":"Bronze Scales"},{"floor":47,"key":"Boot"},{"floor":47,"key":"Bag of Preparation"}],"event_choices":[{"damage_healed":0,"gold_gain":0,"player_choice":"Upgraded","damage_taken":0,"max_hp_gain":0,"max_hp_loss":0,"event_name":"Upgrade Shrine","floor":2,"gold_loss":0,"cards_upgraded":["True Grit"]},{"damage_healed":0,"gold_gain":75,"player_choice":"Gather Gold","damage_taken":11,"max_hp_gain":0,"max_hp_loss":0,"event_name":"World of Goop","floor":5,"gold_loss":0},{"damage_healed":0,"gold_gain":0,"player_choice":"Fight","damage_taken":0,"max_hp_gain":0,"max_hp_loss":0,"event_name":"Colosseum","floor":28,"gold_loss":0},{"damage_healed":0,"gold_gain":0,"player_choice":"Fought Nobs","damage_taken":0,"max_hp_gain":0,"max_hp_loss":0,"event_name":"Colosseum","floor":28,"gold_loss":0},{"cards_removed":["Iron Wave"],"damage_healed":0,"gold_gain":0,"player_choice":"Card Removal","damage_taken":0,"max_hp_gain":0,"max_hp_loss":0,"event_name":"Wheel of Change","floor":38,"gold_loss":0}],"is_beta":false,"boss_relics":[{"not_picked":["Orrery","Eternal Feather"],"picked":"Black Star"},{"not_picked":["Lizard Tail","Runic Cube"],"picked":"Fusion Hammer"}],"items_purged_floors":[],"is_endless":false,"potions_floor_spawned":[3,6,8,10,14,22,23,24,28,28,31,36,45,47,48],"ascension_level":20}