{"gold_per_floor":[117,117,117,132,132,132,176,176,176,220,220],"floor_reached":11,"playtime":322,"items_purged":[],"score":111,"play_id":"f5a2d4fd-205a-411b-bc77-f59e9006b85c","local_time":"20181228200926","daily_mods":["SealedDeck","DeadlyEvents"],"is_ascension_mode":true,"campfire_choices":[{"data":"Heavy Blade","floor":6.0,"key":"SMITH"},{"data":"Spot Weakness","floor":8.0,"key":"SMITH"}],"neow_cost":"","seed_source_timestamp":0,"circlet_count":0,"master_deck":["Havoc","Clothesline+1","True Grit","Second Wind","Shrug It Off","Havoc","Heavy Blade+1","Flame Barrier","Body Slam","Spot Weakness+1","Armaments+1","Uppercut"],"special_seed":0,"relics":["Snecko Eye","Golden Idol","Pear","Dead Branch","Anchor"],"potions_floor_usage":[],"damage_taken":[{"damage":8.0,"enemies":"Jaw Worm","floor":1.0,"turns":3.0},{"damage":5.0,"enemies":"Small Slimes","floor":4.0,"turns":4.0},{"damage":12.0,"enemies":"Gremlin Nob","floor":7.0,"turns":4.0},{"damage":0.0,"enemies":"3 Sentries","floor":10.0,"turns":5.0},{"damage":0.0,"enemies":"2 Louse","floor":11.0,"turns":1.0}],"seed_played":"899793681915615474","potions_obtained":[{"floor":1.0,"key":"Dexterity Potion"},{"floor":7.0,"key":"Energy Potion"}],"is_trial":true,"path_per_floor":["M","$","?","M","?","R","E","R","T","E","M","E"],"character_chosen":"IRONCLAD","items_purchased":[],"campfire_rested":0,"item_purchase_floors":[],"current_hp_per_floor":[72,72,56,51,51,51,49,49,49,49,49],"gold":220,"neow_bonus":"","is_prod":false,"is_daily":false,"chose_seed":true,"campfire_upgraded":2,"win_rate":0,"timestamp":1546056566,"path_taken":["M","$","?","M","?","R","E","R","T","E","?"],"build_version":"2018-12-20","purchased_purges":0,"victory":false,"max_hp_per_floor":[80,80,80,80,74,74,84,84,84,84,84],"card_choices":[{"not_picked":["Anger","Rage"],"picked":"Armaments","floor":1.0},{"not_picked":["Pommel Strike","Entrench","Havoc"],"picked":"SKIP","floor":4.0},{"not_picked":["Searing Blow","Thunderclap","Fire Breathing"],"picked":"SKIP","floor":7.0},{"not_picked":["Sword Boomerang","True Grit"],"picked":"Uppercut","floor":10.0}],"player_experience":1909621,"relics_obtained":[{"floor":7.0,"key":"Pear"},{"floor":9.0,"key":"Dead Branch"},{"floor":10.0,"key":"Anchor"}],"event_choices":[{"damage_healed":0.0,"max_hp_gain":0.0,"max_hp_loss":0.0,"gold_gain":0.0,"event_name":"Shining Light","player_choice":"Entered Light","floor":3.0,"gold_loss":0.0,"damage_taken":16.0,"cards_upgraded":["Clothesline","Armaments"]},{"damage_healed":0.0,"max_hp_gain":0.0,"max_hp_loss":6.0,"gold_gain":0.0,"event_name":"Golden Idol","player_choice":"Lose Max HP","floor":5.0,"gold_loss":0.0,"damage_taken":0.0,"relics_obtained":["Golden Idol"]}],"is_beta":false,"boss_relics":[],"items_purged_floors":[],"is_endless":false,"potions_floor_spawned":[1,7,11],"killed_by":"Lagavulin","ascension_level":1}