{"gold_per_floor":[118,132,148,108,124,124,143,68,121,121,132,147,147,166,166,264,264,274,199,99,99,77,77,89,89,116,147,147,22,36,36,36,140,140,160,260,280,280,8,8,8,8,31,42,42,52,70,70,70,70],"floor_reached":51,"playtime":2892,"items_purged":["Strike_R","Strike_R","Strike_R"],"score":840,"play_id":"5ffda987-c31e-402e-a8f0-bfe95ee00312","local_time":"20190501235626","is_ascension_mode":true,"campfire_choices":[{"data":"Inflame","floor":6.0,"key":"SMITH"},{"floor":15.0,"key":"REST"},{"floor":23.0,"key":"REST"},{"floor":32.0,"key":"REST"},{"floor":40.0,"key":"REST"},{"floor":42.0,"key":"REST"},{"data":"Armaments","floor":45.0,"key":"SMITH"},{"floor":49.0,"key":"REST"}],"neow_cost":"NONE","seed_source_timestamp":35667057459090,"circlet_count":0,"master_deck":["Defend_R","Defend_R","Defend_R","Defend_R","Bash","Limit Break","Heavy Blade","Inflame+1","Flex","Brutality","Impervious","Heavy Blade","Double Tap","Flex","Shrug It Off","Carnage+1","Armaments+1","Offering","Inflame","Limit Break"],"special_seed":0,"relics":["Burning Blood","Strawberry","Philosopher\u0027s Stone","Enchiridion","Centennial Puzzle","Shuriken","Bronze Scales","Empty Cage","Bird Faced Urn","Strange Spoon","Oddly Smooth Stone"],"potions_floor_usage":[50,50],"damage_taken":[{"damage":1.0,"enemies":"Cultist","floor":1.0,"turns":4.0},{"damage":0.0,"enemies":"Small Slimes","floor":2.0,"turns":3.0},{"damage":13.0,"enemies":"Jaw Worm","floor":3.0,"turns":4.0},{"damage":14.0,"enemies":"3 Louse","floor":5.0,"turns":4.0},{"damage":11.0,"enemies":"Looter","floor":7.0,"turns":2.0},{"damage":9.0,"enemies":"Red Slaver","floor":11.0,"turns":3.0},{"damage":14.0,"enemies":"3 Louse","floor":12.0,"turns":5.0},{"damage":15.0,"enemies":"Large Slime","floor":14.0,"turns":4.0},{"damage":67.0,"enemies":"The Guardian","floor":16.0,"turns":10.0},{"damage":10.0,"enemies":"Chosen","floor":18.0,"turns":4.0},{"damage":2.0,"enemies":"Spheric Guardian","floor":24.0,"turns":3.0},{"damage":32.0,"enemies":"Slavers","floor":27.0,"turns":5.0},{"damage":24.0,"enemies":"Shelled Parasite and Fungi","floor":30.0,"turns":3.0},{"damage":49.0,"enemies":"Automaton","floor":33.0,"turns":8.0},{"damage":7.0,"enemies":"Orb Walker","floor":35.0,"turns":2.0},{"damage":40.0,"enemies":"Mind Bloom Boss Battle","floor":36.0,"turns":5.0},{"damage":6.0,"enemies":"3 Shapes","floor":37.0,"turns":5.0},{"damage":10.0,"enemies":"Spire Growth","floor":44.0,"turns":4.0},{"damage":18.0,"enemies":"4 Shapes","floor":46.0,"turns":7.0},{"damage":24.0,"enemies":"Maw","floor":47.0,"turns":6.0},{"damage":95,"enemies":"Awakened One","floor":50,"turns":8}],"seed_played":"-403003092025727406","potions_obtained":[{"floor":5.0,"key":"Strength Potion"},{"floor":7.0,"key":"Poison Potion"},{"floor":12.0,"key":"GamblersBrew"},{"floor":27.0,"key":"EssenceOfSteel"},{"floor":30.0,"key":"Fire Potion"},{"floor":33.0,"key":"Explosive Potion"},{"floor":35.0,"key":"AttackPotion"},{"floor":36.0,"key":"SpeedPotion"},{"floor":44.0,"key":"Fruit Juice"}],"is_trial":false,"path_per_floor":["M","M","M","$","M","R","M","$","T","?","M","M","?","M","R","B",null,"M","?","$","?","$","R","M","?","T","E","T","$","M","?","R","B",null,"M","?","M","?","$","R","?","R","T","M","R","M","M","?","R","B",null],"character_chosen":"IRONCLAD","items_purchased":["Inflame","Shrug It Off","Strange Spoon","Inflame"],"campfire_rested":6,"item_purchase_floors":[4,22,39,39],"current_hp_per_floor":[80,80,73,73,65,65,60,60,67,67,64,56,56,47,73,12,68,64,64,64,48,48,74,78,78,78,52,52,52,34,34,60,17,70,69,35,37,37,37,63,63,87,87,87,87,84,72,72,92,7],"gold":70,"neow_bonus":"ONE_RANDOM_RARE_CARD","is_prod":false,"is_daily":false,"chose_seed":false,"campfire_upgraded":2,"win_rate":0,"timestamp":1556751386,"path_taken":["M","?","?","$","M","R","M","$","T","?","?","M","?","M","R","BOSS","M","?","$","?","$","R","M","?","T","E","?","?","?","?","R","BOSS","M","?","M","?","$","R","?","R","T","M","R","M","M","?","R","BOSS"],"build_version":"2019-01-23","purchased_purges":3,"victory":true,"max_hp_per_floor":[80,80,80,80,80,80,80,80,87,87,87,87,87,87,87,87,87,87,87,87,87,87,87,87,87,87,87,87,87,87,87,87,87,87,87,87,87,87,87,87,87,87,87,87,87,92,92,92,92,92],"card_choices":[{"not_picked":["Havoc","Disarm"],"picked":"Heavy Blade","floor":1.0},{"not_picked":["Body Slam","Clash","Shockwave"],"picked":"SKIP","floor":2.0},{"not_picked":["Body Slam","Dark Embrace","Heavy Blade"],"picked":"SKIP","floor":3.0},{"not_picked":["Shrug It Off","Cleave","Wild Strike"],"picked":"SKIP","floor":5.0},{"not_picked":["Clash","Headbutt"],"picked":"Flex","floor":7.0},{"not_picked":["Twin Strike","Heavy Blade"],"picked":"Impervious","floor":11.0},{"not_picked":["Iron Wave","Sever Soul"],"picked":"Heavy Blade","floor":12.0},{"not_picked":["Corruption","Thunderclap","Sword Boomerang"],"picked":"SKIP","floor":14.0},{"not_picked":["Barricade","Feed"],"picked":"Double Tap","floor":16.0},{"not_picked":["Warcry","Armaments"],"picked":"Flex","floor":18.0},{"not_picked":["Pommel Strike+1","Dropkick+1","Body Slam"],"picked":"SKIP","floor":24.0},{"not_picked":["Twin Strike","Warcry"],"picked":"Carnage+1","floor":27.0},{"not_picked":["Body Slam","Clash"],"picked":"Armaments","floor":30.0},{"not_picked":["Barricade","Bludgeon"],"picked":"Offering","floor":33.0},{"not_picked":["Second Wind+1","Sever Soul","True Grit"],"picked":"SKIP","floor":35.0},{"not_picked":["Rage+1","Shrug It Off","True Grit"],"picked":"SKIP","floor":37.0},{"not_picked":["Havoc+1","Sword Boomerang+1","Fire Breathing+1"],"picked":"SKIP","floor":44.0},{"not_picked":["Sword Boomerang+1","Hemokinesis","Corruption+1"],"picked":"SKIP","floor":46.0},{"not_picked":["Havoc+1","Anger+1","Clash"],"picked":"SKIP","floor":47.0}],"player_experience":737976,"relics_obtained":[{"floor":9.0,"key":"Strawberry"},{"floor":21.0,"key":"Enchiridion"},{"floor":26.0,"key":"Centennial Puzzle"},{"floor":27.0,"key":"Shuriken"},{"floor":28.0,"key":"Bronze Scales"},{"floor":36.0,"key":"Bird Faced Urn"},{"floor":43.0,"key":"Oddly Smooth Stone"}],"event_choices":[{"damage_healed":0.0,"max_hp_gain":0.0,"max_hp_loss":0.0,"gold_gain":0.0,"event_name":"Match and Keep!","player_choice":"1 cards matched","floor":10.0,"gold_loss":0.0,"damage_taken":0.0,"cards_obtained":["Brutality"]},{"damage_healed":0.0,"max_hp_gain":0.0,"max_hp_loss":0.0,"gold_gain":0.0,"event_name":"Wheel of Change","player_choice":"Cursed","floor":13.0,"gold_loss":0.0,"damage_taken":0.0,"cards_obtained":["Decay"]},{"cards_removed":["Decay"],"damage_healed":0.0,"max_hp_gain":0.0,"max_hp_loss":0.0,"gold_gain":0.0,"event_name":"Beggar","player_choice":"Gave Gold","floor":19.0,"gold_loss":75.0,"damage_taken":0.0},{"damage_healed":0.0,"max_hp_gain":0.0,"max_hp_loss":0.0,"gold_gain":0.0,"event_name":"Cursed Tome","player_choice":"Obtained Book","floor":21.0,"gold_loss":0.0,"damage_taken":16.0},{"damage_healed":0.0,"max_hp_gain":0.0,"max_hp_loss":0.0,"gold_gain":0.0,"event_name":"Ghosts","player_choice":"Ignored","floor":25.0,"gold_loss":0.0,"damage_taken":0.0},{"damage_healed":0.0,"max_hp_gain":0.0,"max_hp_loss":0.0,"gold_gain":0.0,"event_name":"Forgotten Altar","player_choice":"Smashed Altar","floor":31.0,"gold_loss":0.0,"damage_taken":0.0,"cards_obtained":["Decay"]},{"damage_healed":0.0,"max_hp_gain":0.0,"max_hp_loss":0.0,"gold_gain":0.0,"event_name":"MindBloom","player_choice":"Fight","floor":36.0,"gold_loss":0.0,"damage_taken":0.0},{"damage_healed":0.0,"max_hp_gain":0.0,"max_hp_loss":0.0,"gold_gain":0.0,"event_name":"Tomb of Lord Red Mask","player_choice":"Ignored","floor":38.0,"gold_loss":0.0,"damage_taken":0.0},{"cards_removed":["Strike_R"],"damage_healed":0.0,"max_hp_gain":0.0,"max_hp_loss":0.0,"gold_gain":0.0,"event_name":"Falling","player_choice":"Removed Attack","floor":41.0,"gold_loss":0.0,"damage_taken":0.0},{"damage_healed":0.0,"max_hp_gain":0.0,"max_hp_loss":0.0,"gold_gain":0.0,"event_name":"Duplicator","player_choice":"Copied","floor":48.0,"gold_loss":0.0,"damage_taken":0.0,"cards_obtained":["Limit Break"]}],"is_beta":false,"boss_relics":[{"not_picked":["Coffee Dripper","Lizard Tail"],"picked":"Philosopher\u0027s Stone"},{"not_picked":["Busted Crown","Black Star"],"picked":"Empty Cage"}],"items_purged_floors":[8,20,29],"is_endless":false,"potions_floor_spawned":[5,7,12,14,27,30,33,35,36,44],"ascension_level":5}