{"gold_per_floor":[216,234,244,262,281,281,300,300,326,326,351,369,369,396,396,496,496,479,459,475,394,407,407,425,425,425,425,441,452,465,465,465,562,562,579,579,245,245,245,245,261,281,308,327,327,327,327,345,345,345],"floor_reached":50,"playtime":3425,"items_purged":[],"score":543,"play_id":"c855e3c5-3061-4117-9817-a3cf2fb7992e","local_time":"20190403011656","is_ascension_mode":true,"campfire_choices":[{"floor":6.0,"key":"REST"},{"data":"Whirlwind","floor":8.0,"key":"SMITH"},{"data":"Rage","floor":10.0,"key":"SMITH"},{"data":"Feed","floor":15.0,"key":"SMITH"},{"floor":23.0,"key":"REST"},{"data":"Armaments","floor":25.0,"key":"SMITH"},{"floor":32.0,"key":"REST"},{"floor":40,"key":"REST"},{"floor":45,"key":"REST"},{"data":"Jack Of All Trades","floor":47,"key":"SMITH"},{"floor":49,"key":"REST"}],"neow_cost":"NONE","seed_source_timestamp":4982454817341,"circlet_count":0,"master_deck":["Strike_R","Strike_R","Defend_R","Defend_R","Defend_R+1","Defend_R+1","Bash","Thunderclap","Rage+1","Clothesline","Heavy Blade","Whirlwind+1","Shrug It Off","Feed+1","Exhume","Blood for Blood","Pommel Strike","Inflame","Armaments+1","Rampage","Ghostly Armor","Spot Weakness+1","Impervious","Cleave","Madness","Madness","Bandage Up","Jack Of All Trades+1","Body Slam+1","Doubt"],"special_seed":0,"relics":["Burning Blood","Pen Nib","War Paint","Regal Pillow","Philosopher\u0027s Stone","Pear","Enchiridion","Empty Cage","Bottled Flame","Orichalcum"],"potions_floor_usage":[33,41,42,44,44],"damage_taken":[{"damage":0.0,"enemies":"Small Slimes","floor":1.0,"turns":3.0},{"damage":4.0,"enemies":"Jaw Worm","floor":2.0,"turns":4.0},{"damage":0.0,"enemies":"Cultist","floor":3.0,"turns":3.0},{"damage":13.0,"enemies":"Red Slaver","floor":4.0,"turns":5.0},{"damage":14.0,"enemies":"2 Fungi Beasts","floor":5.0,"turns":4.0},{"damage":4.0,"enemies":"Blue Slaver","floor":7.0,"turns":3.0},{"damage":9.0,"enemies":"3 Sentries","floor":11.0,"turns":5.0},{"damage":4.0,"enemies":"Looter","floor":12.0,"turns":4.0},{"damage":25.0,"enemies":"The Guardian","floor":16.0,"turns":20.0},{"damage":6.0,"enemies":"2 Thieves","floor":18.0,"turns":4.0},{"damage":0.0,"enemies":"3 Byrds","floor":20.0,"turns":4.0},{"damage":19.0,"enemies":"Snecko","floor":22.0,"turns":4.0},{"damage":1.0,"enemies":"Cultist and Chosen","floor":24.0,"turns":4.0},{"damage":34.0,"enemies":"Shelled Parasite and Fungi","floor":28.0,"turns":5.0},{"damage":0.0,"enemies":"Snecko","floor":29.0,"turns":3.0},{"damage":18.0,"enemies":"Chosen and Byrds","floor":30.0,"turns":6.0},{"damage":108,"enemies":"Collector","floor":33,"turns":11},{"damage":16,"enemies":"3 Darklings","floor":35,"turns":6},{"damage":7,"enemies":"Orb Walker","floor":41,"turns":4},{"damage":9,"enemies":"Sphere and 2 Shapes","floor":42,"turns":6},{"damage":90,"enemies":"Transient","floor":44,"turns":5},{"damage":26,"enemies":"3 Darklings","floor":48,"turns":3},{"damage":138,"enemies":"Time Eater","floor":50,"turns":11}],"seed_played":"139485135172378489","potions_obtained":[{"floor":4.0,"key":"FearPotion"},{"floor":5.0,"key":"PowerPotion"},{"floor":11.0,"key":"Fire Potion"},{"floor":12.0,"key":"Regen Potion"},{"floor":19.0,"key":"FearPotion"},{"floor":20.0,"key":"Energy Potion"},{"floor":33,"key":"SpeedPotion"},{"floor":35,"key":"Swift Potion"},{"floor":42,"key":"Explosive Potion"}],"is_trial":false,"path_per_floor":["M","M","M","M","M","R","M","R","T","R","E","M","?","T","R","B",null,"M","?","M","$","M","R","M","R","T","?","M","M","M","?","R","B",null,"M","?","$","?","?","R","M","M","T","M","R","?","R","M","R","B"],"character_chosen":"IRONCLAD","items_purchased":["Inflame","Bottled Flame","BloodPotion"],"campfire_rested":6,"item_purchase_floors":[21,37,37],"current_hp_per_floor":[80,80,80,73,65,80,80,80,80,80,77,79,84,84,84,65,85,89,89,89,89,76,89,93,93,103,103,75,81,73,57,104,7,107,97,97,97,84,79,107,107,108,108,35,83,111,111,91,111,0],"gold":345,"neow_bonus":"HUNDRED_GOLD","is_prod":false,"is_daily":false,"chose_seed":false,"campfire_upgraded":5,"win_rate":0,"timestamp":1554250616,"path_taken":["M","M","M","M","M","R","M","R","T","R","E","M","?","?","R","BOSS","M","?","?","$","M","R","M","R","T","?","M","M","M","?","R","BOSS","M","?","$","?","?","R","M","M","T","M","R","?","R","M","R","BOSS"],"build_version":"2019-01-23","purchased_purges":0,"victory":false,"max_hp_per_floor":[80,80,80,80,80,80,80,80,80,80,80,80,85,85,85,85,85,89,89,89,89,89,89,93,93,103,103,103,103,107,107,107,107,107,107,107,107,107,107,107,107,111,111,111,111,111,111,111,111,111],"card_choices":[{"not_picked":["Sword Boomerang","Body Slam"],"picked":"Thunderclap","floor":1.0},{"not_picked":["Searing Blow","Reckless Charge"],"picked":"Rage","floor":2.0},{"not_picked":["Warcry","Entrench"],"picked":"Clothesline","floor":3.0},{"not_picked":["Combust","Disarm"],"picked":"Heavy Blade","floor":4.0},{"not_picked":["Clash","Ghostly Armor"],"picked":"Whirlwind","floor":5.0},{"not_picked":["True Grit","Entrench"],"picked":"Shrug It Off","floor":7.0},{"not_picked":["Sword Boomerang","Twin Strike","Sever Soul"],"picked":"SKIP","floor":11.0},{"not_picked":["Metallicize","Clothesline"],"picked":"Feed","floor":12.0},{"not_picked":["Fiend Fire","Offering"],"picked":"Exhume","floor":16.0},{"not_picked":["Hemokinesis","Iron Wave"],"picked":"Blood for Blood","floor":18.0},{"not_picked":["Reckless Charge","Anger+1"],"picked":"Pommel Strike","floor":20.0},{"not_picked":["True Grit","Headbutt"],"picked":"Armaments","floor":22.0},{"not_picked":["Power Through","Intimidate","Reckless Charge"],"picked":"SKIP","floor":24.0},{"not_picked":["Carnage","Body Slam","Dual Wield"],"picked":"SKIP","floor":28.0},{"not_picked":["Twin Strike","Wild Strike"],"picked":"Ghostly Armor","floor":29.0},{"not_picked":["Armaments","Sword Boomerang+1"],"picked":"Spot Weakness+1","floor":30.0},{"not_picked":["Brutality","Barricade"],"picked":"Impervious","floor":33},{"not_picked":["Burning Pact+1","Pommel Strike+1"],"picked":"Cleave","floor":35},{"not_picked":["PanicButton","Swift Strike"],"picked":"Bandage Up","floor":39},{"not_picked":["Flash of Steel","Finesse"],"picked":"Jack Of All Trades","floor":39},{"not_picked":["Havoc","Pommel Strike"],"picked":"Body Slam+1","floor":41},{"not_picked":["Anger+1","Clothesline","Pommel Strike+1"],"picked":"SKIP","floor":42},{"not_picked":["Hemokinesis","Shrug It Off+1","Pommel Strike+1"],"picked":"SKIP","floor":44},{"not_picked":["Burning Pact","Shockwave","Heavy Blade"],"picked":"SKIP","floor":48}],"player_experience":474142,"relics_obtained":[{"floor":9.0,"key":"Pen Nib"},{"floor":11.0,"key":"War Paint"},{"floor":14.0,"key":"Regal Pillow"},{"floor":26.0,"key":"Pear"},{"floor":31.0,"key":"Enchiridion"},{"floor":43,"key":"Orichalcum"}],"event_choices":[{"damage_healed":0.0,"max_hp_gain":5.0,"max_hp_loss":0.0,"gold_gain":0.0,"event_name":"Big Fish","player_choice":"Donut","floor":13.0,"gold_loss":0.0,"damage_taken":0.0},{"damage_healed":0.0,"max_hp_gain":0.0,"max_hp_loss":0.0,"gold_gain":0.0,"event_name":"The Woman in Blue","player_choice":"Bought 1 Potion","floor":19.0,"gold_loss":0.0,"damage_taken":0.0},{"damage_healed":0.0,"max_hp_gain":0.0,"max_hp_loss":0.0,"gold_gain":0.0,"event_name":"The Library","player_choice":"Read","floor":27.0,"gold_loss":0.0,"damage_taken":0.0,"cards_obtained":["Rampage"]},{"damage_healed":0.0,"max_hp_gain":0.0,"max_hp_loss":0.0,"gold_gain":0.0,"event_name":"Cursed Tome","player_choice":"Obtained Book","floor":31.0,"gold_loss":0.0,"damage_taken":16.0},{"cards_removed":["Strike_R"],"damage_healed":0,"gold_gain":0,"player_choice":"Removed Attack","damage_taken":0,"max_hp_gain":0,"max_hp_loss":0,"event_name":"Falling","floor":36,"gold_loss":0},{"damage_healed":0,"gold_gain":0,"player_choice":"Embrace Madness","damage_taken":13,"max_hp_gain":0,"max_hp_loss":0,"event_name":"Winding Halls","floor":38,"gold_loss":0,"cards_obtained":["Madness","Madness"]},{"damage_healed":0,"gold_gain":0,"player_choice":"Memory 2","damage_taken":5,"max_hp_gain":0,"max_hp_loss":0,"event_name":"SensoryStone","floor":39,"gold_loss":0},{"damage_healed":28,"gold_gain":0,"player_choice":"Heal","damage_taken":0,"max_hp_gain":0,"max_hp_loss":0,"event_name":"MindBloom","floor":46,"gold_loss":0,"cards_obtained":["Doubt"]}],"is_beta":false,"boss_relics":[{"not_picked":["Eternal Feather","Busted Crown"],"picked":"Philosopher\u0027s Stone"},{"not_picked":["Snecko Eye","Pandora\u0027s Box"],"picked":"Empty Cage"}],"items_purged_floors":[],"is_endless":false,"potions_floor_spawned":[4,5,11,12,20,22,33,35,42],"killed_by":"Time Eater","ascension_level":2}