{"gold_per_floor":[14,34,34,46,9,9,38,38,38,55,55,84,84,84,84,156,156,168,168,183,202,213,213,213,213,261,261,279,313,328,338,338,338],"floor_reached":33,"playtime":2539,"items_purged":[],"score":510,"play_id":"d28b52f9-35b4-4b2f-9f23-653e01f753ec","local_time":"20190321042617","is_ascension_mode":true,"campfire_choices":[{"data":"Noxious Fumes","floor":6.0,"key":"SMITH"},{"floor":8.0,"key":"REST"},{"floor":11.0,"key":"REST"},{"floor":15.0,"key":"REST"},{"data":"Malaise","floor":23.0,"key":"SMITH"},{"data":"Malaise","floor":25.0,"key":"SMITH"},{"data":"Dodge and Roll","floor":27.0,"key":"SMITH"},{"floor":32.0,"key":"REST"}],"neow_cost":"NO_GOLD","seed_source_timestamp":568609135227088,"circlet_count":0,"master_deck":["AscendersBane","Defend_G","Defend_G","Defend_G+1","Defend_G","Defend_G","Survivor","Neutralize+1","Dagger Spray","Dodge and Roll+1","Noxious Fumes+1","Deadly Poison","Bane","Footwork+1","Malaise+1","Blur","Bite","Bite","Bite","Bite","Bite","Malaise+1","Backflip","Blade Dance","PiercingWail","Footwork","Bouncing Flask","Blur"],"special_seed":0,"relics":["Ring of the Snake","Prayer Wheel","Letter Opener","Dead Branch","Sozu","Regal Pillow","Ninja Scroll"],"potions_floor_usage":[],"damage_taken":[{"damage":10.0,"enemies":"Small Slimes","floor":1.0,"turns":5.0},{"damage":1.0,"enemies":"Jaw Worm","floor":2.0,"turns":5.0},{"damage":0.0,"enemies":"2 Louse","floor":4.0,"turns":2.0},{"damage":37.0,"enemies":"Lagavulin","floor":7.0,"turns":9.0},{"damage":5.0,"enemies":"Red Slaver","floor":10.0,"turns":4.0},{"damage":20.0,"enemies":"3 Sentries","floor":12.0,"turns":6.0},{"damage":10.0,"enemies":"Hexaghost","floor":16.0,"turns":10.0},{"damage":0.0,"enemies":"3 Byrds","floor":18.0,"turns":5.0},{"damage":4.0,"enemies":"Chosen","floor":20.0,"turns":6.0},{"damage":5.0,"enemies":"Snake Plant","floor":21.0,"turns":5.0},{"damage":22.0,"enemies":"Centurion and Healer","floor":22.0,"turns":9.0},{"damage":17.0,"enemies":"Colosseum Slavers","floor":24.0,"turns":6.0},{"damage":15.0,"enemies":"3 Cultists","floor":28.0,"turns":5.0},{"damage":27.0,"enemies":"Gremlin Leader","floor":29.0,"turns":10.0},{"damage":6.0,"enemies":"Snake Plant","floor":30.0,"turns":6.0},{"damage":0.0,"enemies":"Chosen and Byrds","floor":31.0,"turns":6.0},{"damage":69,"enemies":"Champ","floor":33,"turns":12}],"seed_played":"-7996721241855583434","potions_obtained":[{"floor":4.0,"key":"Explosive Potion"},{"floor":12.0,"key":"EntropicBrew"},{"floor":16.0,"key":"EssenceOfSteel"}],"is_trial":false,"path_per_floor":["M","M","?","M","$","R","E","R","T","M","R","E","?","?","R","B",null,"M","?","M","M","M","R","?","R","T","R","M","E","M","M","R","B"],"character_chosen":"THE_SILENT","items_purchased":["Noxious Fumes"],"campfire_rested":4,"item_purchase_floors":[5],"current_hp_per_floor":[61,60,65,65,65,65,28,52,52,47,71,51,26,26,50,55,76,76,58,58,58,54,54,45,45,45,45,38,25,23,29,58,0],"gold":338,"neow_bonus":"TWENTY_PERCENT_HP_BONUS","is_prod":false,"is_daily":false,"chose_seed":false,"campfire_upgraded":4,"win_rate":0,"timestamp":1553138777,"path_taken":["M","M","?","M","$","R","E","R","T","M","R","E","?","?","R","BOSS","M","?","M","M","M","R","?","R","T","R","M","E","M","M","R","BOSS"],"build_version":"2019-01-23","purchased_purges":0,"victory":false,"max_hp_per_floor":[78,78,83,83,83,83,83,83,83,83,83,83,83,83,83,83,83,83,58,58,58,58,58,58,58,58,58,58,58,58,58,58,58],"card_choices":[{"not_picked":["Flechettes","Dagger Throw"],"picked":"Dagger Spray","floor":1.0},{"not_picked":["Reflex","Riddle With Holes","Expertise"],"picked":"SKIP","floor":2.0},{"not_picked":["Slice","Outmaneuver"],"picked":"Dodge and Roll","floor":4.0},{"not_picked":["Masterful Stab","Reflex"],"picked":"Deadly Poison","floor":7.0},{"not_picked":["Flechettes","Underhanded Strike"],"picked":"Bane","floor":10.0},{"not_picked":["Flying Knee","Sucker Punch","Choke"],"picked":"SKIP","floor":10.0},{"not_picked":["Deadly Poison","Setup"],"picked":"Footwork","floor":12.0},{"not_picked":["Burst","Venomology"],"picked":"Malaise","floor":16.0},{"not_picked":["Acrobatics","Dash"],"picked":"Blur","floor":18.0},{"not_picked":["Reflex","Flying Knee+1","Dagger Throw"],"picked":"SKIP","floor":18.0},{"not_picked":["Riddle With Holes","Distraction"],"picked":"Malaise","floor":20.0},{"not_picked":["Bane","Underhanded Strike","Backflip"],"picked":"SKIP","floor":20.0},{"not_picked":["Bane","Underhanded Strike","Backflip"],"picked":"SKIP","floor":20.0},{"not_picked":["Bane","Underhanded Strike"],"picked":"Backflip","floor":20.0},{"not_picked":["Distraction","Dash"],"picked":"Blade Dance","floor":21.0},{"not_picked":["Infinite Blades","Slice","Deflect"],"picked":"SKIP","floor":21.0},{"not_picked":["Backflip","Outmaneuver"],"picked":"PiercingWail","floor":22.0},{"not_picked":["Unload","Dodge and Roll","Bane"],"picked":"SKIP","floor":22.0},{"not_picked":["Outmaneuver","Poisoned Stab"],"picked":"Footwork","floor":28.0},{"not_picked":["Reflex","Setup+1","Prepared"],"picked":"SKIP","floor":28.0},{"not_picked":["PiercingWail","Burst"],"picked":"Bouncing Flask","floor":29.0},{"not_picked":["Deadly Poison","Backflip"],"picked":"Blur","floor":30.0},{"not_picked":["Quick Slash","Terror","Dagger Spray"],"picked":"SKIP","floor":30.0},{"not_picked":["Dagger Spray","Backflip","Setup"],"picked":"SKIP","floor":31.0},{"not_picked":["Skewer","Reflex","Slice"],"picked":"SKIP","floor":31.0}],"player_experience":639919,"relics_obtained":[{"floor":7.0,"key":"Prayer Wheel"},{"floor":9.0,"key":"Letter Opener"},{"floor":12.0,"key":"Dead Branch"},{"floor":26.0,"key":"Regal Pillow"},{"floor":29.0,"key":"Ninja Scroll"}],"event_choices":[{"damage_healed":0.0,"max_hp_gain":5.0,"max_hp_loss":0.0,"gold_gain":0.0,"event_name":"Big Fish","player_choice":"Donut","floor":3.0,"gold_loss":0.0,"damage_taken":0.0},{"damage_healed":0.0,"max_hp_gain":0.0,"max_hp_loss":0.0,"gold_gain":0.0,"event_name":"Shining Light","player_choice":"Entered Light","floor":13.0,"gold_loss":0.0,"damage_taken":25.0,"cards_upgraded":["Footwork","Defend_G"]},{"damage_healed":0.0,"max_hp_gain":0.0,"max_hp_loss":0.0,"gold_gain":0.0,"event_name":"Upgrade Shrine","player_choice":"Upgraded","floor":14.0,"gold_loss":0.0,"damage_taken":0.0,"cards_upgraded":["Neutralize"]},{"damage_healed":0.0,"max_hp_gain":0.0,"max_hp_loss":25.0,"gold_gain":0.0,"event_name":"Vampires","player_choice":"Became a vampire","floor":19.0,"gold_loss":0.0,"damage_taken":0.0,"cards_obtained":["Bite","Bite","Bite","Bite","Bite"]},{"damage_healed":0.0,"max_hp_gain":0.0,"max_hp_loss":0.0,"gold_gain":0.0,"event_name":"Colosseum","player_choice":"Fight","floor":24.0,"gold_loss":0.0,"damage_taken":0.0},{"damage_healed":0.0,"max_hp_gain":0.0,"max_hp_loss":0.0,"gold_gain":0.0,"event_name":"Colosseum","player_choice":"Fled From Nobs","floor":24.0,"gold_loss":0.0,"damage_taken":0.0}],"is_beta":false,"boss_relics":[{"not_picked":["Ectoplasm","Busted Crown"],"picked":"Sozu"}],"items_purged_floors":[],"is_endless":false,"potions_floor_spawned":[4,12,16,18,20,29,30,31],"killed_by":"Champ","ascension_level":15}