{"gold_per_floor":[110,121,121,121,136,136,151,151,151,151,178,178,195,214,214,314,314,332,59,109,119,79,79,89,109,155,155,13,41,52,72,72,177,177,192,120,133,151,0,0,14,14,40,73,91,108,141,0,0,0],"floor_reached":51,"playtime":2880,"items_purged":["Strike_G","Strike_G"],"score":1197,"play_id":"169e55ce-c6ba-45de-887c-bddc9f73da75","local_time":"20181116030350","is_ascension_mode":true,"campfire_choices":[{"data":"Dash","floor":6,"key":"SMITH"},{"data":"Leg Sweep","floor":8,"key":"SMITH"},{"data":"Corpse Explosion","floor":12,"key":"SMITH"},{"data":"Infinite Blades","floor":15,"key":"SMITH"},{"data":"Accuracy","floor":23,"key":"SMITH"},{"data":"Neutralize","floor":27,"key":"SMITH"},{"data":"Footwork","floor":32,"key":"SMITH"},{"data":"A Thousand Cuts","floor":40,"key":"SMITH"},{"floor":42,"key":"REST"},{"data":"Blur","floor":49,"key":"SMITH"}],"neow_cost":"NONE","seed_source_timestamp":153515798916086,"circlet_count":0,"master_deck":["AscendersBane","Defend_G","Defend_G","Defend_G","Defend_G+1","Defend_G","Strike_G","Strike_G","Strike_G","Survivor","Neutralize+1","Skewer+1","Dash+1","Leg Sweep+1","Corpse Explosion+1","Infinite Blades+1","Cloak And Dagger+1","Bullet Time","Flechettes","Accuracy+1","Escape Plan","Deadly Poison","Prepared+1","Blur","Footwork+1","Leg Sweep+1","Blur+1","A Thousand Cuts+1","Backflip+1","Infinite Blades","PiercingWail+1","PiercingWail+1","Accuracy+1","Cloak And Dagger+1"],"relics":["Ring of the Snake","Anchor","Shuriken","Ninja Scroll","Darkstone Periapt","Ice Cream","Runic Pyramid","Membership Card","Bag of Marbles","Lee\u0027s Waffle","Bottled Flame","Philosopher\u0027s Stone","Vajra","Happy Flower","Dream Catcher","Lantern","Red Mask"],"potions_floor_usage":[7,33,33,33,38,46,50,50],"damage_taken":[{"damage":0,"enemies":"Small Slimes","floor":1,"turns":4},{"damage":0,"enemies":"2 Louse","floor":2,"turns":4},{"damage":0,"enemies":"Cultist","floor":5,"turns":2},{"damage":0,"enemies":"Gremlin Gang","floor":7,"turns":3},{"damage":5,"enemies":"3 Sentries","floor":11,"turns":6},{"damage":2,"enemies":"Large Slime","floor":13,"turns":4},{"damage":3,"enemies":"Exordium Thugs","floor":14,"turns":3},{"damage":30,"enemies":"Slime Boss","floor":16,"turns":8},{"damage":11,"enemies":"2 Thieves","floor":18,"turns":3},{"damage":0,"enemies":"Shell Parasite","floor":21,"turns":4},{"damage":0,"enemies":"Chosen and Byrds","floor":24,"turns":5},{"damage":11,"enemies":"Sentry and Sphere","floor":25,"turns":3},{"damage":10,"enemies":"Slavers","floor":29,"turns":2},{"damage":0,"enemies":"Snecko","floor":30,"turns":4},{"damage":4,"enemies":"Snake Plant","floor":31,"turns":7},{"damage":29,"enemies":"Collector","floor":33,"turns":9},{"damage":7,"enemies":"3 Shapes","floor":35,"turns":4},{"damage":0,"enemies":"3 Darklings","floor":37,"turns":6},{"damage":0,"enemies":"Jaw Worm Horde","floor":38,"turns":2},{"damage":0,"enemies":"4 Shapes","floor":41,"turns":4},{"damage":5,"enemies":"Giant Head","floor":44,"turns":7},{"damage":1,"enemies":"3 Darklings","floor":45,"turns":5},{"damage":0,"enemies":"Transient","floor":46,"turns":5},{"damage":0,"enemies":"Reptomancer","floor":47,"turns":4},{"damage":0,"enemies":"Donu and Deca","floor":50,"turns":5}],"seed_played":"6823478054079464198","potions_obtained":[{"floor":5,"key":"Fire Potion"},{"floor":13,"key":"Weak Potion"},{"floor":14,"key":"GhostInAJar"},{"floor":16,"key":"Poison Potion"},{"floor":21,"key":"LiquidBronze"},{"floor":31,"key":"Strength Potion"},{"floor":37,"key":"AttackPotion"},{"floor":38,"key":"EssenceOfSteel"},{"floor":44,"key":"Energy Potion"},{"floor":47,"key":"Block Potion"}],"is_trial":false,"path_per_floor":["M","M","?","?","M","R","M","R","T","?","E","R","M","M","R","B",null,"M","$","?","M","?","R","M","M","T","R","$","E","M","M","R","B",null,"M","$","M","M","$","R","M","R","T","E","M","M","E","?","R","B",null],"character_chosen":"THE_SILENT","items_purchased":["Membership Card","Accuracy","Escape Plan","Lee\u0027s Waffle","Footwork","Infinite Blades","Vajra","Strength Potion"],"campfire_rested":1,"item_purchase_floors":[19,19,19,28,28,36,39,39],"current_hp_per_floor":[63,63,56,56,56,56,56,56,56,56,51,51,49,46,46,16,57,46,46,46,46,46,46,46,35,35,35,77,67,67,63,63,34,66,59,59,59,59,59,59,59,77,77,72,71,71,71,71,71,71],"gold":0,"neow_bonus":"RANDOM_COMMON_RELIC","is_prod":false,"is_daily":false,"chose_seed":false,"campfire_upgraded":9,"win_rate":0,"timestamp":1542333830,"path_taken":["M","M","?","?","M","R","M","R","T","?","E","R","M","M","R","BOSS","M","$","?","?","?","R","M","M","T","R","$","E","M","M","R","BOSS","M","$","M","M","$","R","M","R","T","E","M","M","E","?","R","BOSS"],"build_version":"2018-11-15","purchased_purges":2,"victory":true,"max_hp_per_floor":[70,70,70,70,70,70,70,70,70,70,70,70,70,70,70,70,70,70,70,70,70,70,70,70,70,70,70,77,77,77,77,77,77,77,77,77,77,77,77,77,77,77,77,77,77,77,77,77,77,77],"card_choices":[{"not_picked":["Poisoned Stab","Prepared"],"picked":"Skewer","floor":1},{"not_picked":["Predator","Underhanded Strike"],"picked":"Dash","floor":2},{"not_picked":["Deflect","Dagger Throw","Finisher"],"picked":"SKIP","floor":5},{"not_picked":["Deflect","Dagger Throw","Finisher"],"picked":"SKIP","floor":5},{"not_picked":["Blade Dance","PiercingWail"],"picked":"Leg Sweep","floor":7},{"not_picked":["Crippling Poison","Escape Plan"],"picked":"Corpse Explosion","floor":11},{"not_picked":["Deflect","Outmaneuver"],"picked":"Infinite Blades","floor":13},{"not_picked":["Heel Hook","Slice"],"picked":"Cloak And Dagger","floor":14},{"not_picked":["Corpse Explosion","Grand Finale"],"picked":"Bullet Time","floor":16},{"not_picked":["Acrobatics","Bane"],"picked":"Flechettes","floor":18},{"not_picked":["Tactician","Flying Knee"],"picked":"Deadly Poison","floor":21},{"not_picked":["Deflect","Dagger Throw"],"picked":"Prepared+1","floor":24},{"not_picked":["Backflip","Tactician"],"picked":"Blur","floor":25},{"not_picked":["Blade Dance","Masterful Stab"],"picked":"Leg Sweep+1","floor":29},{"not_picked":["Backflip","Bane"],"picked":"Blur","floor":30},{"not_picked":["Masterful Stab","Underhanded Strike","Slice+1"],"picked":"SKIP","floor":31},{"not_picked":["Corpse Explosion","Grand Finale"],"picked":"A Thousand Cuts","floor":33},{"not_picked":["Deadly Poison","Escape Plan"],"picked":"Backflip+1","floor":35},{"not_picked":["Terror","Deadly Poison"],"picked":"PiercingWail+1","floor":37},{"not_picked":["Heel Hook+1","Dagger Spray","Endless Agony+1"],"picked":"SKIP","floor":38},{"not_picked":["Leg Sweep","Riddle With Holes"],"picked":"PiercingWail+1","floor":41},{"not_picked":["Skewer","Die Die Die"],"picked":"Accuracy+1","floor":44},{"not_picked":["Dash","Deflect","Prepared"],"picked":"SKIP","floor":45},{"not_picked":["Dagger Spray+1","Predator+1"],"picked":"Cloak And Dagger+1","floor":46},{"not_picked":["Dash+1","Underhanded Strike","Slice"],"picked":"SKIP","floor":47}],"player_experience":337504,"relics_obtained":[{"floor":9,"key":"Ninja Scroll"},{"floor":10,"key":"Darkstone Periapt"},{"floor":11,"key":"Ice Cream"},{"floor":26,"key":"Bag of Marbles"},{"floor":29,"key":"Bottled Flame"},{"floor":43,"key":"Happy Flower"},{"floor":44,"key":"Dream Catcher"},{"floor":47,"key":"Lantern"}],"event_choices":[{"damage_healed":0,"gold_gain":0,"player_choice":"Success","damage_taken":7,"relics_obtained":["Shuriken"],"max_hp_gain":0,"max_hp_loss":0,"event_name":"Scrap Ooze","floor":3,"gold_loss":0},{"damage_healed":0,"gold_gain":0,"player_choice":"Grow","damage_taken":0,"max_hp_gain":0,"max_hp_loss":0,"event_name":"Living Wall","floor":4,"gold_loss":0,"cards_upgraded":["Skewer"]},{"damage_healed":0,"gold_gain":0,"player_choice":"Relic","damage_taken":0,"max_hp_gain":0,"max_hp_loss":0,"event_name":"Wheel of Change","floor":10,"gold_loss":0},{"damage_healed":0,"gold_gain":100,"player_choice":"Bet on Murderer","damage_taken":0,"max_hp_gain":0,"max_hp_loss":0,"event_name":"The Joust","floor":20,"gold_loss":50},{"damage_healed":0,"gold_gain":0,"player_choice":"Upgraded Two","damage_taken":0,"max_hp_gain":0,"max_hp_loss":0,"event_name":"Designer","floor":22,"gold_loss":40,"cards_upgraded":["Defend_G","Cloak And Dagger"]},{"damage_healed":0,"gold_gain":0,"player_choice":"Paid","damage_taken":0,"relics_obtained":["Red Mask"],"max_hp_gain":0,"max_hp_loss":0,"event_name":"Tomb of Lord Red Mask","floor":48,"gold_loss":141}],"is_beta":false,"boss_relics":[{"not_picked":["Pandora\u0027s Box","HoveringKite"],"picked":"Runic Pyramid"},{"not_picked":["Lizard Tail","Snecko Eye"],"picked":"Philosopher\u0027s Stone"}],"items_purged_floors":[36,39],"is_endless":false,"potions_floor_spawned":[5,13,14,16,21,24,31,37,38,44,47],"ascension_level":10}