{"gold_per_floor":[114,133,149,165,178,208,208,236,289,289,300,329,345,26,26,104,104,117,127,127,147,147,159,191,191,236,262,274,312,324,363,375,387],"floor_reached":33,"playtime":1993,"items_purged":["Strike_R"],"score":672,"play_id":"65e6e683-ef5c-4064-b478-94fb9b842033","local_time":"20181018211839","is_ascension_mode":true,"campfire_choices":[{"data":"Shockwave","floor":7.0,"key":"SMITH"},{"data":"Disarm","floor":10.0,"key":"SMITH"},{"data":"Havoc","floor":15.0,"key":"SMITH"},{"data":"Perfected Strike","floor":25,"key":"SMITH"},{"data":"Fiend Fire","floor":28,"key":"SMITH"},{"data":"Disarm","floor":30,"key":"SMITH"},{"floor":32,"key":"REST"}],"neow_cost":"NONE","seed_source_timestamp":0,"circlet_count":0,"master_deck":["Strike_R","Strike_R","Strike_R","Strike_R","Defend_R","Defend_R","Defend_R","Defend_R","Bash","AscendersBane","Wild Strike","Shockwave+1","Pommel Strike","Power Through","Twin Strike","Disarm+1","Thunderclap","Feel No Pain+1","Evolve+1","Metallicize+1","Havoc+1","Exhume","Warcry","Perfected Strike+1","Fiend Fire+1","Clothesline","Sentinel","Ghostly Armor","Metallicize+1","Normality","Wild Strike+1","Disarm+1","Iron Wave+1"],"special_seed":0,"relics":["Burning Blood","Lantern","Frozen Egg 2","Boot","Paper Frog","Self Forming Clay","Cursed Key","MutagenicStrength","Oddly Smooth Stone","MawBank","Red Mask","Ancient Tea Set"],"potions_floor_usage":[23,24,27,31,33],"damage_taken":[{"damage":3.0,"enemies":"2 Louse","floor":1.0,"turns":2.0},{"damage":0.0,"enemies":"Small Slimes","floor":2.0,"turns":3.0},{"damage":4.0,"enemies":"Jaw Worm","floor":3.0,"turns":3.0},{"damage":6.0,"enemies":"Looter","floor":4.0,"turns":4.0},{"damage":13.0,"enemies":"Lots of Slimes","floor":5.0,"turns":3.0},{"damage":23.0,"enemies":"Gremlin Nob","floor":6.0,"turns":4.0},{"damage":17.0,"enemies":"3 Sentries","floor":8.0,"turns":5.0},{"damage":4.0,"enemies":"Large Slime","floor":11.0,"turns":6.0},{"damage":24.0,"enemies":"Lagavulin","floor":12.0,"turns":6.0},{"damage":10.0,"enemies":"Exordium Thugs","floor":13.0,"turns":6.0},{"damage":0.0,"enemies":"The Guardian","floor":16.0,"turns":13.0},{"damage":3.0,"enemies":"Spheric Guardian","floor":18.0,"turns":6.0},{"damage":5,"enemies":"Shell Parasite","floor":19,"turns":7},{"damage":18,"enemies":"Snake Plant","floor":21,"turns":5},{"damage":6,"enemies":"3 Cultists","floor":23,"turns":7},{"damage":0,"enemies":"Slavers","floor":24,"turns":6},{"damage":16,"enemies":"Centurion and Healer","floor":27,"turns":3},{"damage":12,"enemies":"Masked Bandits","floor":29,"turns":3},{"damage":26,"enemies":"Gremlin Leader","floor":31,"turns":6},{"damage":54,"enemies":"Collector","floor":33,"turns":9}],"seed_played":"4999769316958751623","potions_obtained":[{"floor":3.0,"key":"Explosive Potion"},{"floor":5.0,"key":"Swift Potion"},{"floor":6.0,"key":"Explosive Potion"},{"floor":8.0,"key":"LiquidBronze"},{"floor":13.0,"key":"Fire Potion"},{"floor":16.0,"key":"Fire Potion"},{"floor":23,"key":"Fire Potion"},{"floor":29,"key":"Energy Potion"},{"floor":31,"key":"SteroidPotion"}],"is_trial":false,"path_per_floor":["M","M","M","M","M","E","R","E","T","R","M","E","M","$","R","B",null,"M","M","?","M","?","M","E","R","T","M","R","?","R","E","R"],"character_chosen":"IRONCLAD","items_purchased":["Self Forming Clay"],"campfire_rested":1,"item_purchase_floors":[14],"current_hp_per_floor":[71,75,75,75,68,51,51,40,40,40,42,24,20,20,20,26,63,66,67,67,55,55,55,61,61,61,51,51,45,45,25,47,0],"gold":387,"neow_bonus":"THREE_CARDS","is_prod":false,"is_daily":false,"chose_seed":false,"campfire_upgraded":6,"win_rate":0,"timestamp":1539890319,"path_taken":["M","M","M","M","M","E","R","E","T","R","M","E","M","$","R","BOSS","M","M","?","M","?","M","E","R","T","?","R","?","R","E","R","BOSS"],"build_version":"2018-10-11","purchased_purges":1,"victory":false,"max_hp_per_floor":[75,75,75,75,75,75,75,75,75,75,75,75,75,75,75,75,75,75,75,75,75,75,75,75,75,75,75,75,75,75,75,75,75],"card_choices":[{"not_picked":["True Grit","Thunderclap"],"picked":"Wild Strike","floor":0.0},{"not_picked":["Heavy Blade","Sword Boomerang"],"picked":"Shockwave","floor":1.0},{"not_picked":["Combust","Entrench"],"picked":"Pommel Strike","floor":2.0},{"not_picked":["Warcry","Heavy Blade"],"picked":"Power Through","floor":3.0},{"not_picked":["Flex","Clash"],"picked":"Twin Strike","floor":4.0},{"not_picked":["Pommel Strike","Sword Boomerang"],"picked":"Disarm","floor":5.0},{"not_picked":["Impervious","Seeing Red"],"picked":"Thunderclap","floor":6.0},{"not_picked":["Iron Wave","Havoc"],"picked":"Feel No Pain","floor":8.0},{"not_picked":["Sword Boomerang","Combust+1"],"picked":"Evolve+1","floor":11.0},{"not_picked":["Feel No Pain+1","Ghostly Armor"],"picked":"Metallicize+1","floor":12.0},{"not_picked":["Cleave","Twin Strike"],"picked":"Havoc","floor":13.0},{"not_picked":["Impervious","Brutality+1"],"picked":"Exhume","floor":16.0},{"not_picked":["Clash","Sword Boomerang"],"picked":"Warcry","floor":18},{"not_picked":["Flex","Heavy Blade","Thunderclap"],"picked":"SKIP","floor":19},{"not_picked":["Intimidate","Uppercut"],"picked":"Perfected Strike","floor":21},{"not_picked":["Offering","Cleave"],"picked":"Ghostly Armor","floor":23},{"not_picked":["Immolate","Carnage"],"picked":"Metallicize+1","floor":24},{"not_picked":["Body Slam","Feel No Pain+1"],"picked":"Wild Strike+1","floor":27},{"not_picked":["Armaments","Warcry"],"picked":"Disarm","floor":29},{"not_picked":["Shockwave","Infernal Blade"],"picked":"Iron Wave+1","floor":31}],"player_experience":284318,"relics_obtained":[{"floor":6.0,"key":"Lantern"},{"floor":8.0,"key":"Frozen Egg 2"},{"floor":9.0,"key":"Boot"},{"floor":12.0,"key":"Paper Frog"},{"floor":24,"key":"Oddly Smooth Stone"},{"floor":26,"key":"MawBank"},{"floor":29,"key":"Red Mask"},{"floor":31,"key":"Ancient Tea Set"}],"event_choices":[{"event_name":"Drug Dealer","player_choice":"Inject Mutagens","floor":20,"damage_taken":0},{"event_name":"Match and Keep!","player_choice":"3 cards matched","floor":22,"damage_taken":0},{"event_name":"Masked Bandits","player_choice":"Fought Bandits","floor":29,"damage_taken":0}],"is_beta":false,"boss_relics":[{"not_picked":["Calling Bell","Fusion Hammer"],"picked":"Cursed Key"}],"items_purged_floors":[14],"is_endless":false,"potions_floor_spawned":[3,5,6,8,13,16,18,23,29,31],"killed_by":"Collector","ascension_level":15}