{"gold_per_floor":[117,134,15,15,15,15,15,32,56,56,67,96,61,96,96,172,172,192,192,192,207,107,132,132,149,149,168,83,112,54,74,74,151,151,162,174,174,174,174,174,187,220,220,35,35,55,83,100,100,100],"floor_reached":51,"playtime":2404,"items_purged":["Normality","Strike_G","Strike_G"],"score":1443,"play_id":"3916a4e9-bdd3-4ea1-aed8-4e63663eb5dd","local_time":"20180909221434","is_ascension_mode":true,"campfire_choices":[{"data":"Neutralize","floor":6.0,"key":"SMITH"},{"data":"Dagger Spray","floor":10.0,"key":"SMITH"},{"data":"Dagger Spray","floor":15.0,"key":"SMITH"},{"floor":24.0,"key":"REST"},{"floor":32,"key":"REST"},{"data":"Malaise","floor":40,"key":"SMITH"},{"floor":45,"key":"REST"},{"floor":49,"key":"REST"}],"neow_cost":"CURSE","seed_source_timestamp":52112025585490,"circlet_count":0,"master_deck":["Defend_G","Defend_G","Defend_G","Defend_G","Defend_G","Strike_G","Strike_G","Survivor","Neutralize+1","AscendersBane","Malaise+1","Slice","Well Laid Plans","Footwork","Dagger Spray+1","Sucker Punch","Dagger Spray+1","Adrenaline","Heel Hook","Leg Sweep","Dodge and Roll","Flying Knee+1","Infinite Blades","Backstab","PiercingWail","Dash","Adrenaline","Backstab","Dash+1"],"special_seed":0,"relics":["Ring of the Snake","Bag of Marbles","Vajra","Girya","White Beast Statue","MutagenicStrength","Shuriken","Matryoshka","PreservedInsect","Ice Cream","Busted Crown","Nunchaku","Torii","Ninja Scroll","Bronze Scales"],"potions_floor_usage":[31,33,35,39,41,42,50,50],"damage_taken":[{"damage":4.0,"enemies":"Small Slimes","floor":1.0,"turns":4.0},{"damage":1.0,"enemies":"Jaw Worm","floor":2.0,"turns":5.0},{"damage":0.0,"enemies":"2 Louse","floor":8.0,"turns":4.0},{"damage":0.0,"enemies":"Large Slime","floor":11.0,"turns":5.0},{"damage":12.0,"enemies":"Gremlin Nob","floor":12.0,"turns":5.0},{"damage":2.0,"enemies":"Lagavulin","floor":14.0,"turns":8.0},{"damage":9.0,"enemies":"The Guardian","floor":16.0,"turns":14.0},{"damage":8.0,"enemies":"Spheric Guardian","floor":18.0,"turns":8.0},{"damage":10.0,"enemies":"2 Thieves","floor":21.0,"turns":3.0},{"damage":27.0,"enemies":"Gremlin Leader","floor":23.0,"turns":8.0},{"damage":5.0,"enemies":"Snake Plant","floor":25.0,"turns":6.0},{"damage":19.0,"enemies":"Shelled Parasite and Fungi","floor":27.0,"turns":6.0},{"damage":0.0,"enemies":"Slavers","floor":29.0,"turns":1.0},{"damage":0,"enemies":"Centurion and Healer","floor":31,"turns":3},{"damage":32,"enemies":"Champ","floor":33,"turns":14},{"damage":0,"enemies":"3 Shapes","floor":35,"turns":5},{"damage":0,"enemies":"Orb Walker","floor":36,"turns":2},{"damage":1,"enemies":"Mind Bloom Boss Battle","floor":39,"turns":7},{"damage":14,"enemies":"Maw","floor":41,"turns":9},{"damage":17,"enemies":"Nemesis","floor":42,"turns":3},{"damage":0,"enemies":"3 Darklings","floor":46,"turns":1},{"damage":0,"enemies":"2 Orb Walkers","floor":47,"turns":1},{"damage":6,"enemies":"Spire Growth","floor":48,"turns":3},{"damage":40,"enemies":"Time Eater","floor":50,"turns":11}],"seed_played":"-6197123579415729696","potions_obtained":[{"floor":1.0,"key":"EssenceOfSteel"},{"floor":2.0,"key":"Block Potion"},{"floor":14.0,"key":"Poison Potion"},{"floor":18.0,"key":"GhostInAJar"},{"floor":21.0,"key":"Regen Potion"},{"floor":23.0,"key":"Fire Potion"},{"floor":25.0,"key":"LiquidBronze"},{"floor":31,"key":"Fire Potion"},{"floor":33,"key":"LiquidBronze"},{"floor":35,"key":"GamblersBrew"},{"floor":39,"key":"SkillPotion"},{"floor":41,"key":"Energy Potion"},{"floor":42,"key":"SneckoOil"},{"floor":47,"key":"Ancient Potion"}],"is_trial":false,"path_per_floor":["M","M","$","?","?","R","?","M","T","R","M","E","?","E","R","B",null,"M","?","?","M","$","E","R","M","T","M","?","E","$","M","R","B",null,"M","M","?","?","?","R","M","E","T","$","R","M","E","M","R","B"],"character_chosen":"THE_SILENT","items_purchased":["Footwork","SkillPotion","Dexterity Potion"],"campfire_rested":4,"item_purchase_floors":[3,30,44],"current_hp_per_floor":[55,54,54,59,52,52,52,52,52,52,52,40,57,55,55,46,65,57,57,57,47,47,35,56,51,51,32,32,32,32,32,53,21,59,59,59,59,59,58,58,44,27,27,27,48,48,48,42,63,23],"gold":100,"neow_bonus":"THREE_RARE_CARDS","is_prod":false,"is_daily":false,"chose_seed":false,"campfire_upgraded":4,"win_rate":0,"timestamp":1536556474,"path_taken":["M","M","$","?","?","R","?","?","T","R","M","E","?","E","R","BOSS","M","?","?","M","$","E","R","?","T","M","?","E","?","M","R","BOSS","M","M","?","?","?","R","M","E","T","$","R","M","E","M","R","BOSS"],"build_version":"2018-09-06","purchased_purges":3,"victory":true,"max_hp_per_floor":[66,66,66,71,71,71,71,71,71,71,71,71,71,71,71,71,71,71,71,71,71,71,71,71,71,71,71,71,71,71,71,71,71,71,71,71,71,71,71,71,71,71,71,71,71,71,71,71,71,71],"card_choices":[{"not_picked":["Envenom","Grand Finale"],"picked":"Malaise","floor":0.0},{"not_picked":["Distraction","Crippling Poison"],"picked":"Slice","floor":1.0},{"not_picked":["Deadly Poison","Prepared"],"picked":"Well Laid Plans","floor":2.0},{"not_picked":["Eviscerate","Endless Agony"],"picked":"Dagger Spray","floor":8.0},{"not_picked":["Setup","Flying Knee"],"picked":"Sucker Punch","floor":11.0},{"not_picked":["Storm of Steel","Infinite Blades"],"picked":"Dagger Spray","floor":12.0},{"not_picked":["Slice","Outmaneuver","Well Laid Plans"],"picked":"SKIP","floor":14.0},{"not_picked":["Grand Finale","Wraith Form v2"],"picked":"Adrenaline","floor":16.0},{"not_picked":["Deflect","Blade Dance"],"picked":"Heel Hook","floor":18.0},{"not_picked":["Well Laid Plans+1","Noxious Fumes"],"picked":"Dodge and Roll","floor":21.0},{"not_picked":["Concentrate","All Out Attack"],"picked":"Flying Knee+1","floor":23.0},{"not_picked":["Riddle With Holes","Deflect"],"picked":"Infinite Blades","floor":25.0},{"not_picked":["PiercingWail","Blade Dance"],"picked":"Backstab","floor":27.0},{"not_picked":["Deflect","Blade Dance"],"picked":"PiercingWail","floor":29.0},{"not_picked":["Expertise","Sucker Punch+1"],"picked":"Dash","floor":31},{"not_picked":["Phantasmal Killer","Storm of Steel"],"picked":"Adrenaline","floor":33},{"not_picked":["Choke"],"picked":"SKIP","floor":35},{"not_picked":["Distraction"],"picked":"SKIP","floor":36},{"not_picked":["Prepared"],"picked":"SKIP","floor":41},{"not_picked":["Masterful Stab+1"],"picked":"SKIP","floor":42},{"not_picked":["Backstab"],"picked":"SKIP","floor":46},{"not_picked":[],"picked":"Backstab","floor":46},{"not_picked":["Distraction"],"picked":"SKIP","floor":47},{"not_picked":[],"picked":"Dash+1","floor":48}],"player_experience":1087780,"relics_obtained":[{"floor":9.0,"key":"Bag of Marbles"},{"floor":12.0,"key":"Vajra"},{"floor":14.0,"key":"Girya"},{"floor":23.0,"key":"Shuriken"},{"floor":26.0,"key":"Matryoshka"},{"floor":29.0,"key":"Ice Cream"},{"floor":39,"key":"Nunchaku"},{"floor":42,"key":"Torii"},{"floor":43,"key":"Ninja Scroll"},{"floor":43,"key":"Bronze Scales"}],"event_choices":[{"event_name":"Big Fish","player_choice":"Donut","floor":4.0,"damage_taken":0.0},{"event_name":"Golden Wing","player_choice":"Card Removal","floor":5.0,"damage_taken":0.0},{"event_name":"Golden Idol","player_choice":"Ignored","floor":7.0,"damage_taken":0.0},{"event_name":"The Cleric","player_choice":"Healed","floor":13.0,"damage_taken":0.0},{"event_name":"The Library","player_choice":"Read","floor":19.0,"damage_taken":0.0},{"event_name":"Drug Dealer","player_choice":"Inject Mutagens","floor":20.0,"damage_taken":0.0},{"event_name":"Addict","player_choice":"Obtained Relic","floor":28.0,"damage_taken":0.0},{"event_name":"SensoryStone","player_choice":"Memory 1","floor":37,"damage_taken":0},{"event_name":"Tomb of Lord Red Mask","player_choice":"Ignored","floor":38,"damage_taken":0},{"event_name":"MindBloom","player_choice":"Fight","floor":39,"damage_taken":0}],"is_beta":false,"boss_relics":[{"not_picked":["Lizard Tail","Velvet Choker"],"picked":"White Beast Statue"},{"not_picked":["Black Star","HoveringKite"],"picked":"Busted Crown"}],"items_purged_floors":[3,22,44],"is_endless":false,"potions_floor_spawned":[1,2,11,14,18,21,23,25,27,29,31,33,35,36,39,41,42,46,47,48],"ascension_level":17}