{"gold_per_floor":[111,111,121,136,155,182,202,202,202,202],"floor_reached":10,"playtime":271,"items_purged":[],"score":70,"play_id":"5c0d25b8-012a-4e93-8f8e-f6e5d911b45d","local_time":"25610722192809","is_ascension_mode":false,"campfire_choices":[{"data":"Perfected Strike","floor":8,"key":"SMITH"}],"neow_cost":"","seed_source_timestamp":35052037957003,"circlet_count":0,"master_deck":["Strike_R","Strike_R","Strike_R","Strike_R","Strike_R","Defend_R","Defend_R","Defend_R","Bash","Perfected Strike+1","Pommel Strike","Power Through","Clash"],"relics":["Burning Blood","Singing Bowl","Omamori"],"potions_floor_usage":[],"damage_taken":[{"damage":2,"enemies":"Small Slimes","floor":1,"turns":4},{"damage":11,"enemies":"Jaw Worm","floor":3,"turns":2},{"damage":5,"enemies":"2 Louse","floor":4,"turns":3},{"damage":0,"enemies":"Exordium Wildlife","floor":5,"turns":2},{"damage":20,"enemies":"3 Sentries","floor":6,"turns":9},{"damage":6,"enemies":"Lots of Slimes","floor":7,"turns":4},{"damage":0,"enemies":"Lagavulin","floor":10,"turns":2}],"seed_played":"-6813859210956635160","potions_obtained":[{"floor":3,"key":"Weak Potion"},{"floor":5,"key":"Dexterity Potion"},{"floor":6,"key":"FearPotion"}],"is_trial":false,"path_per_floor":["M","?","M","M","M","E","M","R","T"],"character_chosen":"IRONCLAD","items_purchased":[],"campfire_rested":0,"item_purchase_floors":[],"current_hp_per_floor":[80,73,68,69,75,63,65,65,65,65],"gold":202,"neow_bonus":"","is_prod":false,"is_daily":false,"chose_seed":false,"campfire_upgraded":1,"win_rate":0,"timestamp":1532262489,"path_taken":["M","?","M","M","M","E","M","R","T","E"],"build_version":"2018-07-19v2","purchased_purges":0,"victory":false,"max_hp_per_floor":[80,80,80,80,80,82,84,84,84,84],"card_choices":[{"not_picked":["Corruption","Headbutt"],"picked":"Perfected Strike","floor":1},{"not_picked":["Pummel","Warcry"],"picked":"Pommel Strike","floor":3},{"not_picked":["Metallicize","Warcry"],"picked":"Power Through","floor":4},{"not_picked":["Dual Wield","Iron Wave"],"picked":"Clash","floor":5},{"not_picked":["Body Slam","Battle Trance","Hemokinesis"],"picked":"Singing Bowl","floor":6},{"not_picked":["Blood for Blood","Pommel Strike","Clothesline"],"picked":"Singing Bowl","floor":7}],"player_experience":117306,"relics_obtained":[{"floor":6,"key":"Singing Bowl"},{"floor":9,"key":"Omamori"}],"event_choices":[{"event_name":"Golden Wing","player_choice":"Card Removal","floor":2,"damage_taken":0}],"is_beta":false,"boss_relics":[],"items_purged_floors":[],"is_endless":false,"potions_floor_spawned":[3,5,6],"killed_by":"Lagavulin","ascension_level":0}