{"gold_per_floor":[113,113,126,146,71,71,98,98,98,0,0,33,46,46,46,123,123,137,137],"floor_reached":19,"playtime":684,"items_purged":["Strike_G"],"score":306,"play_id":"de1cfbe2-8c5b-496e-a516-f8c08493c7de","local_time":"20190202154625","is_ascension_mode":true,"campfire_choices":[{"data":"Envenom","floor":6.0,"key":"SMITH"},{"data":"Riddle With Holes","floor":8.0,"key":"SMITH"},{"data":"Caltrops","floor":11.0,"key":"SMITH"},{"data":"Footwork","floor":15,"key":"SMITH"}],"neow_cost":"NONE","seed_source_timestamp":0,"circlet_count":0,"master_deck":["AscendersBane","Defend_G","Defend_G","Defend_G","Defend_G","Strike_G","Strike_G","Strike_G","Strike_G","Survivor","Neutralize","Envenom+1","Caltrops+1","Riddle With Holes+1","Dodge and Roll","Eviscerate+1","Panacea+1","Blur+1","Footwork+1","Parasite","Unload+1","Dagger Spray+1"],"special_seed":0,"relics":["Ring of the Snake","Molten Egg 2","Toxic Egg 2","Ancient Tea Set","Snecko Eye"],"potions_floor_usage":[16],"damage_taken":[{"damage":1.0,"enemies":"Cultist","floor":1.0,"turns":5.0},{"damage":3.0,"enemies":"2 Louse","floor":3.0,"turns":3.0},{"damage":5.0,"enemies":"Small Slimes","floor":4.0,"turns":3.0},{"damage":4.0,"enemies":"3 Sentries","floor":7.0,"turns":9.0},{"damage":24,"enemies":"Gremlin Nob","floor":12,"turns":4},{"damage":10,"enemies":"2 Fungi Beasts","floor":13,"turns":5},{"damage":6,"enemies":"Slime Boss","floor":16,"turns":10},{"damage":9,"enemies":"3 Byrds","floor":18,"turns":3},{"damage":53,"enemies":"Masked Bandits","floor":19,"turns":3}],"seed_played":"8327894901271131279","potions_obtained":[{"floor":1.0,"key":"LiquidBronze"},{"floor":4.0,"key":"GhostInAJar"},{"floor":13,"key":"Fire Potion"}],"is_trial":false,"path_per_floor":["M","?","M","M","$","R","E","R","T","$","R","E","M","?","R","B",null,"M","?"],"character_chosen":"THE_SILENT","items_purchased":["Panacea+1"],"campfire_rested":0,"item_purchase_floors":[10],"current_hp_per_floor":[58,51,48,43,43,43,39,39,39,39,39,15,5,21,21,15,53,44,0],"gold":137,"neow_bonus":"ONE_RANDOM_RARE_CARD","is_prod":false,"is_daily":false,"chose_seed":false,"campfire_upgraded":4,"win_rate":0,"timestamp":1549118785,"path_taken":["M","?","M","M","$","R","E","R","T","$","R","E","M","?","R","BOSS","M","?"],"build_version":"2019-01-23","purchased_purges":1,"victory":false,"max_hp_per_floor":[66,66,66,66,66,66,66,66,66,66,66,66,66,66,66,66,66,66,66],"card_choices":[{"not_picked":["Underhanded Strike","Escape Plan"],"picked":"Caltrops","floor":1.0},{"not_picked":["Expertise","Deflect"],"picked":"Riddle With Holes","floor":3.0},{"not_picked":["Setup","Sucker Punch"],"picked":"Dodge and Roll","floor":4.0},{"not_picked":["Catalyst","Outmaneuver"],"picked":"Eviscerate","floor":7.0},{"not_picked":["Quick Slash+1","Finisher+1"],"picked":"Blur+1","floor":12},{"not_picked":["Cloak And Dagger+1","Dagger Throw+1"],"picked":"Footwork","floor":13},{"not_picked":["Burst+1","Phantasmal Killer+1"],"picked":"Unload+1","floor":16},{"not_picked":["Bouncing Flask+1","Dash+1"],"picked":"Dagger Spray+1","floor":18}],"player_experience":492188,"relics_obtained":[{"floor":7.0,"key":"Molten Egg 2"},{"floor":9.0,"key":"Toxic Egg 2"},{"floor":12,"key":"Ancient Tea Set"}],"event_choices":[{"cards_removed":["Defend_G"],"damage_healed":0.0,"max_hp_gain":0.0,"max_hp_loss":0.0,"gold_gain":0.0,"event_name":"Golden Wing","player_choice":"Card Removal","floor":2.0,"gold_loss":0.0,"damage_taken":7.0},{"damage_healed":16,"gold_gain":0,"player_choice":"Healed and dodged fight","damage_taken":0,"max_hp_gain":0,"max_hp_loss":0,"event_name":"Mushrooms","floor":14,"gold_loss":0,"cards_obtained":["Parasite"]},{"damage_healed":0,"gold_gain":0,"player_choice":"Fought Bandits","damage_taken":0,"max_hp_gain":0,"max_hp_loss":0,"event_name":"Masked Bandits","floor":19,"gold_loss":0}],"is_beta":false,"boss_relics":[{"not_picked":["Tiny House","Astrolabe"],"picked":"Snecko Eye"}],"items_purged_floors":[5],"is_endless":false,"potions_floor_spawned":[1,4,13],"killed_by":"Masked Bandits","ascension_level":15}