{"gold_per_floor":[112,129,147,39,49,49,63,63,89,89,52,78,78,94,94,170,170,170,40,40,40,40,40,40,40,40,40,40,40,40,40,40,40],"floor_reached":33,"playtime":921,"items_purged":[],"score":519,"play_id":"cc1b0268-cd2a-4212-8193-3cfa2e7fd3d2","local_time":"20190104035555","is_ascension_mode":true,"campfire_choices":[{"data":"Bludgeon","floor":6,"key":"SMITH"},{"data":"Perfected Strike","floor":8,"key":"SMITH"},{"data":"Perfected Strike","floor":10,"key":"SMITH"},{"data":"Fiend Fire","floor":13,"key":"SMITH"},{"data":"Perfected Strike","floor":15,"key":"SMITH"},{"data":"Double Tap","floor":24,"key":"SMITH"},{"data":"Perfected Strike","floor":27,"key":"SMITH"},{"floor":29,"key":"REST"},{"floor":32,"key":"REST"}],"neow_cost":"CURSE","seed_source_timestamp":1212108649555498,"circlet_count":0,"master_deck":["AscendersBane","Strike_R+1","Strike_R+1","Strike_R+1","Strike_R+1","Strike_R+1","Defend_R+1","Defend_R+1","Defend_R+1","Defend_R+1","Bash","Injury","Bludgeon+1","Perfected Strike+1","Pommel Strike","Shrug It Off","Trip","Warcry","Perfected Strike+1","Shockwave","Fiend Fire+1","Perfected Strike+1","Brutality","Pommel Strike","Dark Shackles","Perfected Strike+1","Double Tap+1","Warcry+1"],"relics":["Burning Blood","Juzu Bracelet","Omamori","Ectoplasm","Ancient Tea Set","Letter Opener"],"potions_floor_usage":[23,33],"damage_taken":[{"damage":12,"enemies":"Jaw Worm","floor":1,"turns":2},{"damage":3,"enemies":"2 Louse","floor":2,"turns":3},{"damage":0,"enemies":"Small Slimes","floor":3,"turns":3},{"damage":6,"enemies":"Exordium Wildlife","floor":5,"turns":2},{"damage":8,"enemies":"Large Slime","floor":7,"turns":4},{"damage":19,"enemies":"Gremlin Nob","floor":12,"turns":4},{"damage":6,"enemies":"3 Louse","floor":14,"turns":3},{"damage":37,"enemies":"The Guardian","floor":16,"turns":7},{"damage":21,"enemies":"Shell Parasite","floor":18,"turns":3},{"damage":7,"enemies":"3 Byrds","floor":20,"turns":5},{"damage":7,"enemies":"Sentry and Sphere","floor":21,"turns":3},{"damage":0,"enemies":"Snake Plant","floor":22,"turns":3},{"damage":36,"enemies":"Slavers","floor":23,"turns":3},{"damage":41,"enemies":"Centurion and Healer","floor":30,"turns":5},{"damage":38,"enemies":"Collector","floor":33,"turns":6}],"seed_played":"-7541789391057794327","potions_obtained":[{"floor":1,"key":"FairyPotion"},{"floor":5,"key":"FearPotion"},{"floor":22,"key":"Regen Potion"},{"floor":23,"key":"Weak Potion"}],"is_trial":false,"path_per_floor":["M","M","M","$","M","R","M","R","T","R","$","E","R","M","R","B",null,"M","$","M","M","M","E","R","$","T","R","?","R","M","?","R","B"],"character_chosen":"IRONCLAD","items_purchased":["Trip","Shockwave","Pommel Strike","Dark Shackles"],"campfire_rested":2,"item_purchase_floors":[4,11,19,19],"current_hp_per_floor":[62,65,71,71,71,71,69,69,69,69,69,56,56,56,56,25,63,48,48,47,46,52,31,31,31,31,31,10,34,14,14,38,0],"gold":40,"neow_bonus":"THREE_RARE_CARDS","is_prod":false,"is_daily":false,"chose_seed":false,"campfire_upgraded":7,"win_rate":0,"timestamp":1546570555,"path_taken":["M","M","M","$","M","R","M","R","T","R","$","E","R","M","R","BOSS","M","$","M","M","M","E","R","$","T","R","?","R","M","?","R","BOSS"],"build_version":"2018-12-20","purchased_purges":0,"victory":false,"max_hp_per_floor":[75,75,75,75,75,75,75,75,75,75,75,75,75,75,75,75,75,75,75,75,75,75,75,75,75,75,75,80,80,80,80,80,80],"card_choices":[{"not_picked":["Limit Break","Reaper"],"picked":"Bludgeon","floor":0},{"not_picked":["Thunderclap","Anger"],"picked":"Perfected Strike","floor":1},{"not_picked":["Sever Soul","Anger"],"picked":"Pommel Strike","floor":2},{"not_picked":["Flame Barrier","Heavy Blade"],"picked":"Shrug It Off","floor":3},{"not_picked":["Armaments","Iron Wave"],"picked":"Warcry","floor":5},{"not_picked":["Hemokinesis","Carnage"],"picked":"Perfected Strike","floor":7},{"not_picked":["Armaments","Spot Weakness"],"picked":"Fiend Fire","floor":12},{"not_picked":["Flex","True Grit"],"picked":"Perfected Strike","floor":14},{"not_picked":["Dark Embrace","Fiend Fire"],"picked":"Brutality","floor":16},{"not_picked":["Rampage+1","Hemokinesis","True Grit"],"picked":"SKIP","floor":18},{"not_picked":["Rage","Anger","Reckless Charge+1"],"picked":"SKIP","floor":20},{"not_picked":["Battle Trance","Inflame"],"picked":"Perfected Strike","floor":21},{"not_picked":["Armaments","Blood for Blood","Feel No Pain"],"picked":"SKIP","floor":22},{"not_picked":["Metallicize","Wild Strike"],"picked":"Double Tap","floor":23},{"not_picked":["Iron Wave","Thunderclap"],"picked":"Warcry+1","floor":30}],"player_experience":402347,"relics_obtained":[{"floor":9,"key":"Juzu Bracelet"},{"floor":12,"key":"Omamori"},{"floor":23,"key":"Ancient Tea Set"},{"floor":26,"key":"Letter Opener"}],"event_choices":[{"damage_healed":0,"gold_gain":0,"player_choice":"Shed Blood","damage_taken":26,"max_hp_gain":5,"max_hp_loss":0,"event_name":"Forgotten Altar","floor":28,"gold_loss":0},{"damage_healed":0,"gold_gain":0,"player_choice":"Simplicity","damage_taken":0,"max_hp_gain":0,"max_hp_loss":0,"event_name":"Back to Basics","floor":31,"gold_loss":0,"cards_upgraded":["Strike_R","Strike_R","Strike_R","Strike_R","Strike_R","Defend_R","Defend_R","Defend_R","Defend_R"]}],"is_beta":false,"boss_relics":[{"not_picked":["White Beast Statue","Eternal Feather"],"picked":"Ectoplasm"}],"items_purged_floors":[],"is_endless":false,"potions_floor_spawned":[1,5,14,16,20,22,23],"killed_by":"Collector","ascension_level":17}