{"gold_per_floor":[119,137,154,164,180,213,213,239,239,264,290,331,356,368,380,463,475,503,529,174,194,214,240,240,140,185,185,30,30,30,55,55,55],"floor_reached":33,"playtime":1243,"items_purged":["Strike_B","Strike_B"],"score":686,"play_id":"cac7856d-a35a-4e43-a5b5-1167d6e8fab4","local_time":"20181109174811","is_ascension_mode":true,"campfire_choices":[{"data":"Zap","floor":7.0,"key":"SMITH"},{"data":"Fission","floor":15.0,"key":"SMITH"},{"floor":24,"key":"REST"},{"data":"Go for the Eyes","floor":27,"key":"SMITH"},{"data":"Coolheaded","floor":29,"key":"SMITH"},{"data":"Rainbow","floor":32,"key":"SMITH"}],"neow_cost":"NONE","seed_source_timestamp":34357469430810,"circlet_count":0,"master_deck":["AscendersBane","Strike_B","Strike_B","Defend_B","Defend_B+1","Defend_B","Defend_B","Zap+1","Dualcast","Ball Lightning+1","Ball Lightning+1","BootSequence","Chill+1","Coolheaded+1","Fission+1","Conserve Battery","Sweeping Beam","Rainbow+1","Go for the Eyes+1","Cold Snap","FTL","Auto Shields"],"special_seed":0,"relics":["Cracked Core","Lantern","Whetstone","Ginger","War Paint","MawBank","Pantograph","Sozu","Frozen Egg 2","Turnip","Omamori","Strawberry","Pear","Mummified Hand"],"potions_floor_usage":[23],"damage_taken":[{"damage":0.0,"enemies":"Cultist","floor":1.0,"turns":4.0},{"damage":0.0,"enemies":"Small Slimes","floor":2.0,"turns":2.0},{"damage":0.0,"enemies":"2 Louse","floor":3.0,"turns":1.0},{"damage":4.0,"enemies":"Red Slaver","floor":4.0,"turns":2.0},{"damage":3.0,"enemies":"Exordium Thugs","floor":5.0,"turns":4.0},{"damage":4.0,"enemies":"3 Sentries","floor":6.0,"turns":6.0},{"damage":18.0,"enemies":"Lagavulin","floor":8.0,"turns":8.0},{"damage":23.0,"enemies":"Gremlin Nob","floor":10.0,"turns":4.0},{"damage":4.0,"enemies":"Looter","floor":11.0,"turns":3.0},{"damage":0.0,"enemies":"Lagavulin","floor":12.0,"turns":7.0},{"damage":0.0,"enemies":"Lots of Slimes","floor":13.0,"turns":4.0},{"damage":0.0,"enemies":"Slime Boss","floor":16.0,"turns":6.0},{"damage":0.0,"enemies":"Shell Parasite","floor":18.0,"turns":4.0},{"damage":0,"enemies":"Chosen","floor":19,"turns":3},{"damage":15,"enemies":"Sentry and Sphere","floor":21,"turns":6},{"damage":3,"enemies":"Chosen and Byrds","floor":22,"turns":5},{"damage":46,"enemies":"Slavers","floor":23,"turns":6},{"damage":25,"enemies":"Gremlin Leader","floor":31,"turns":8},{"damage":60,"enemies":"Automaton","floor":33,"turns":8}],"seed_played":"-2116758983054175462","potions_obtained":[{"floor":4.0,"key":"FocusPotion"},{"floor":5.0,"key":"EssenceOfSteel"},{"floor":11.0,"key":"SpeedPotion"},{"floor":12.0,"key":"Regen Potion"},{"floor":13.0,"key":"PowerPotion"}],"is_trial":false,"path_per_floor":["M","M","M","M","M","E","R","E","T","E","M","E","M","?","R","B",null,"M","M","$","M","M","E","R","$","T","R","$","R","?","E","R","B"],"character_chosen":"DEFECT","items_purchased":["Frozen Egg 2","FTL","Strawberry"],"campfire_rested":1,"item_purchase_floors":[20,20,28],"current_hp_per_floor":[64,64,64,60,57,53,53,35,35,12,8,8,8,8,8,33,62,62,62,62,47,44,13,34,34,34,34,41,41,51,26,26,0],"gold":55,"neow_bonus":"RANDOM_COMMON_RELIC","is_prod":false,"is_daily":false,"chose_seed":false,"campfire_upgraded":5,"win_rate":0,"timestamp":1541814491,"path_taken":["M","M","M","?","M","E","R","E","T","E","M","E","M","?","R","BOSS","M","M","$","M","?","E","R","$","T","R","$","R","?","E","R","BOSS"],"build_version":"2018-11-08","purchased_purges":2,"victory":false,"max_hp_per_floor":[71,71,71,71,71,71,71,71,71,71,71,71,71,71,71,71,71,71,71,71,71,71,71,71,71,71,71,78,78,88,88,88,88],"card_choices":[{"not_picked":["Gash","Conserve Battery"],"picked":"Ball Lightning","floor":1.0},{"not_picked":["Coolheaded","Turbo"],"picked":"Ball Lightning","floor":2.0},{"not_picked":["Hologram","Creative AI","Redo"],"picked":"SKIP","floor":3.0},{"not_picked":["Compile Driver","Chaos"],"picked":"BootSequence","floor":4.0},{"not_picked":["Melter","Sweeping Beam"],"picked":"Chill","floor":5.0},{"not_picked":["Stack","Turbo"],"picked":"Coolheaded","floor":6.0},{"not_picked":["Redo","Reboot","Ball Lightning"],"picked":"SKIP","floor":8.0},{"not_picked":["Storm","Recycle"],"picked":"Fission","floor":10.0},{"not_picked":["Compile Driver","Self Repair"],"picked":"Conserve Battery","floor":11.0},{"not_picked":["Hello World","Coolheaded","Ball Lightning"],"picked":"SKIP","floor":12.0},{"not_picked":["Melter","Go for the Eyes"],"picked":"Sweeping Beam","floor":13.0},{"not_picked":["Fission","Hyperbeam"],"picked":"Rainbow","floor":16.0},{"not_picked":["Fusion","Turbo"],"picked":"Go for the Eyes","floor":18.0},{"not_picked":["Double Energy+1","Go for the Eyes"],"picked":"Cold Snap","floor":19},{"not_picked":["Hologram","Stack","Sweeping Beam"],"picked":"SKIP","floor":21},{"not_picked":["Meteor Strike","Go for the Eyes","Force Field"],"picked":"SKIP","floor":22},{"not_picked":["Scrape","Blizzard"],"picked":"Auto Shields","floor":23},{"not_picked":["Auto Shields","Darkness","Recycle"],"picked":"SKIP","floor":31}],"player_experience":1612257,"relics_obtained":[{"floor":6.0,"key":"Whetstone"},{"floor":8.0,"key":"Ginger"},{"floor":9.0,"key":"War Paint"},{"floor":10.0,"key":"MawBank"},{"floor":12.0,"key":"Pantograph"},{"floor":23,"key":"Turnip"},{"floor":26,"key":"Omamori"},{"floor":31,"key":"Mummified Hand"}],"event_choices":[{"damage_healed":0.0,"max_hp_gain":0.0,"max_hp_loss":0.0,"gold_gain":0.0,"event_name":"FaceTrader","player_choice":"Leave","floor":14.0,"gold_loss":0.0,"damage_taken":0.0},{"damage_healed":0,"gold_gain":0,"player_choice":"Stole Relic","damage_taken":0,"relics_obtained":["Pear"],"max_hp_gain":0,"max_hp_loss":0,"event_name":"Addict","floor":30,"gold_loss":0,"cards_obtained":["Shame"]}],"is_beta":false,"boss_relics":[{"not_picked":["Lizard Tail","Ectoplasm"],"picked":"Sozu"}],"items_purged_floors":[20,25],"is_endless":false,"potions_floor_spawned":[4,5,11,12,13,21,23,31],"killed_by":"Automaton","ascension_level":15}