{"gold_per_floor":[111,111,130,205,205,205,225,14,85,100,112,137,157,157],"floor_reached":14,"playtime":466,"items_purged":[],"score":184,"play_id":"161c0a03-8716-4c08-abd4-0342b309c62d","local_time":"20190403231631","is_ascension_mode":true,"campfire_choices":[{"data":"Neutralize","floor":6.0,"key":"SMITH"}],"neow_cost":"NONE","seed_source_timestamp":3679939927700,"circlet_count":0,"master_deck":["AscendersBane","Defend_G","Defend_G","Defend_G","Defend_G","Defend_G","Strike_G","Strike_G","Strike_G","Strike_G","Survivor","Neutralize+1","Blur","Apotheosis","Tactician","Deadly Poison","Cloak And Dagger"],"special_seed":0,"relics":["Ring of the Snake","NeowsBlessing","Blood Vial","Kunai","Ancient Tea Set"],"potions_floor_usage":[14],"damage_taken":[{"damage":0.0,"enemies":"Jaw Worm","floor":1.0,"turns":1.0},{"damage":0.0,"enemies":"2 Louse","floor":3.0,"turns":1.0},{"damage":0.0,"enemies":"Cultist","floor":7.0,"turns":1.0},{"damage":9.0,"enemies":"Lots of Slimes","floor":10.0,"turns":6.0},{"damage":10.0,"enemies":"Exordium Thugs","floor":11.0,"turns":7.0},{"damage":15.0,"enemies":"Lagavulin","floor":12.0,"turns":8.0},{"damage":3.0,"enemies":"3 Louse","floor":13.0,"turns":5.0},{"damage":33,"enemies":"Gremlin Nob","floor":14,"turns":4}],"seed_played":"-6283007620082328282","potions_obtained":[{"floor":7.0,"key":"LiquidBronze"},{"floor":11.0,"key":"GamblersBrew"},{"floor":12.0,"key":"Poison Potion"}],"is_trial":false,"path_per_floor":["M","?","M","?","?","R","M","$","T","M","M","E","M","E"],"character_chosen":"THE_SILENT","items_purchased":["Apotheosis"],"campfire_rested":0,"item_purchase_floors":[8],"current_hp_per_floor":[59,52,52,41,41,41,43,43,43,36,28,15,14,0],"gold":157,"neow_bonus":"THREE_ENEMY_KILL","is_prod":false,"is_daily":false,"chose_seed":false,"campfire_upgraded":1,"win_rate":0,"timestamp":1554304591,"path_taken":["M","?","M","?","?","R","M","$","T","M","M","E","?","E"],"build_version":"2019-01-23","purchased_purges":0,"victory":false,"max_hp_per_floor":[66,66,66,66,66,66,66,66,66,66,66,66,66,66],"card_choices":[{"not_picked":["Quick Slash","Deflect","Sucker Punch"],"picked":"SKIP","floor":1.0},{"not_picked":["Dodge and Roll","Sucker Punch"],"picked":"Deadly Poison","floor":3.0},{"not_picked":["Endless Agony","Eviscerate"],"picked":"Blur","floor":7.0},{"not_picked":["Blur","PiercingWail"],"picked":"Tactician","floor":10.0},{"not_picked":["Underhanded Strike","PiercingWail"],"picked":"Deadly Poison","floor":11.0},{"not_picked":["Dagger Throw","Phantasmal Killer","Setup"],"picked":"SKIP","floor":12.0},{"not_picked":["Deflect","Bane"],"picked":"Cloak And Dagger","floor":13.0}],"player_experience":2919232,"relics_obtained":[{"floor":9.0,"key":"Kunai"},{"floor":12.0,"key":"Ancient Tea Set"}],"event_choices":[{"cards_removed":["Strike_G"],"damage_healed":0.0,"max_hp_gain":0.0,"max_hp_loss":0.0,"gold_gain":0.0,"event_name":"Golden Wing","player_choice":"Card Removal","floor":2.0,"gold_loss":0.0,"damage_taken":7.0},{"damage_healed":0.0,"max_hp_gain":0.0,"max_hp_loss":0.0,"gold_gain":75.0,"event_name":"World of Goop","player_choice":"Gather Gold","floor":4.0,"gold_loss":0.0,"damage_taken":11.0},{"cards_removed":["Deadly Poison"],"damage_healed":0.0,"max_hp_gain":0.0,"max_hp_loss":0.0,"gold_gain":0.0,"event_name":"WeMeetAgain","player_choice":"Gave Card","floor":5.0,"gold_loss":0.0,"damage_taken":0.0,"relics_obtained":["Blood Vial"]}],"is_beta":false,"boss_relics":[],"items_purged_floors":[],"is_endless":false,"potions_floor_spawned":[7,11,12],"killed_by":"Gremlin Nob","ascension_level":20}