{"gold_per_floor":[113,129,140,65,65,65,78,118,118,268,268],"floor_reached":11,"playtime":347,"items_purged":["Strike_R"],"score":131,"play_id":"e383767a-0555-44c1-8755-ee53c88b19a6","local_time":"20181110013141","is_ascension_mode":true,"campfire_choices":[{"data":"Body Slam","floor":6,"key":"SMITH"}],"neow_cost":"NONE","seed_source_timestamp":358916544191625,"circlet_count":0,"master_deck":["AscendersBane","Strike_R","Strike_R","Strike_R","Strike_R","Defend_R","Defend_R","Defend_R","Defend_R","Bash","Panacea","Sword Boomerang","Body Slam+1","Power Through","Warcry","Ghostly Armor","Doubt"],"relics":["Burning Blood","Golden Idol","Mango","Pantograph"],"potions_floor_usage":[7,8],"damage_taken":[{"damage":11,"enemies":"Jaw Worm","floor":1,"turns":6},{"damage":11,"enemies":"Small Slimes","floor":2,"turns":5},{"damage":0,"enemies":"2 Louse","floor":3,"turns":3},{"damage":10,"enemies":"2 Fungi Beasts","floor":7,"turns":3},{"damage":26,"enemies":"Gremlin Nob","floor":8,"turns":4},{"damage":35,"enemies":"Lagavulin","floor":11,"turns":10}],"seed_played":"-7855122729738409219","potions_obtained":[{"floor":1,"key":"AttackPotion"},{"floor":2,"key":"Swift Potion"}],"is_trial":false,"path_per_floor":["M","M","M","$","?","R","M","E","T","?","E"],"character_chosen":"IRONCLAD","items_purchased":[],"campfire_rested":0,"item_purchase_floors":[],"current_hp_per_floor":[63,58,64,64,38,38,34,28,28,28,0],"gold":268,"neow_bonus":"RANDOM_COLORLESS","is_prod":false,"is_daily":false,"chose_seed":false,"campfire_upgraded":1,"win_rate":0,"timestamp":1541809901,"path_taken":["M","M","M","$","?","R","M","E","T","?","E"],"build_version":"2018-11-08","purchased_purges":1,"victory":false,"max_hp_per_floor":[75,75,75,75,75,75,75,89,89,89,89],"card_choices":[{"not_picked":["Power Through","Uppercut"],"picked":"Sword Boomerang","floor":1},{"not_picked":["Rage","Uppercut"],"picked":"Body Slam","floor":2},{"not_picked":["Corruption","Clothesline"],"picked":"Power Through","floor":3},{"not_picked":["Burning Pact","Flex"],"picked":"Warcry","floor":7},{"not_picked":["Cleave","Headbutt"],"picked":"Ghostly Armor","floor":8}],"player_experience":325731,"relics_obtained":[{"floor":8,"key":"Mango"},{"floor":9,"key":"Pantograph"}],"event_choices":[{"damage_healed":0,"gold_gain":0,"player_choice":"Take Damage","damage_taken":26,"relics_obtained":["Golden Idol"],"max_hp_gain":0,"max_hp_loss":0,"event_name":"Golden Idol","floor":5,"gold_loss":0},{"damage_healed":0,"gold_gain":150,"player_choice":"AGREE","damage_taken":0,"max_hp_gain":0,"max_hp_loss":0,"event_name":"Liars Game","floor":10,"gold_loss":0,"cards_obtained":["Doubt"]}],"is_beta":false,"boss_relics":[],"items_purged_floors":[4],"is_endless":false,"potions_floor_spawned":[1,2],"killed_by":"Lagavulin","ascension_level":16}