{"gold_per_floor":[113,128,53,53,70,70,98,98,98,111,186,186],"floor_reached":12,"playtime":249,"items_purged":["Writhe"],"score":156,"play_id":"37f7c771-d5d4-4f63-8bd9-1316171f0cab","local_time":"20181202140048","is_ascension_mode":true,"campfire_choices":[{"data":"Flex","floor":6.0,"key":"SMITH"},{"data":"Mind Blast","floor":8.0,"key":"SMITH"}],"neow_cost":"CURSE","seed_source_timestamp":8233267180325,"circlet_count":0,"master_deck":["AscendersBane","Strike_R","Strike_R","Strike_R","Strike_R","Strike_R","Defend_R","Defend_R","Defend_R","Defend_R","Bash","Dramatic Entrance","Mind Blast+1","Flex+1","Sword Boomerang","Pain","Rupture"],"special_seed":0,"relics":["Burning Blood","WarpedTongs","Dodecahedron","Kunai"],"potions_floor_usage":[],"damage_taken":[{"damage":7.0,"enemies":"Small Slimes","floor":1.0,"turns":3.0},{"damage":6.0,"enemies":"Cultist","floor":2.0,"turns":3.0},{"damage":10.0,"enemies":"Jaw Worm","floor":5.0,"turns":2.0},{"damage":30.0,"enemies":"3 Sentries","floor":7.0,"turns":8.0},{"damage":1.0,"enemies":"2 Fungi Beasts","floor":10.0,"turns":2.0},{"damage":34,"enemies":"Gremlin Nob","floor":12,"turns":3}],"seed_played":"8090734487438329959","potions_obtained":[{"floor":2.0,"key":"EssenceOfSteel"}],"is_trial":false,"path_per_floor":["M","M","$","?","M","R","E","R","T","M","?","E"],"character_chosen":"IRONCLAD","items_purchased":[],"campfire_rested":0,"item_purchase_floors":[],"current_hp_per_floor":[67,67,67,67,63,63,39,39,39,44,33,0],"gold":186,"neow_bonus":"RANDOM_COLORLESS_2","is_prod":false,"is_daily":false,"chose_seed":false,"campfire_upgraded":2,"win_rate":0,"timestamp":1543730448,"path_taken":["M","M","$","?","M","R","E","R","T","?","?","E"],"build_version":"2018-11-15","purchased_purges":1,"victory":false,"max_hp_per_floor":[75,75,75,75,75,75,75,75,75,75,75,75],"card_choices":[{"not_picked":["True Grit","Clash"],"picked":"Flex","floor":1.0},{"not_picked":["Uppercut","Clothesline"],"picked":"Sword Boomerang","floor":2.0},{"not_picked":["Clash","Wild Strike","Sentinel"],"picked":"SKIP","floor":5.0},{"not_picked":["Clash","Wild Strike","Sentinel"],"picked":"SKIP","floor":5.0},{"not_picked":["Sword Boomerang","Body Slam"],"picked":"Rupture","floor":7.0},{"not_picked":["Dropkick","Heavy Blade","Carnage"],"picked":"SKIP","floor":10.0},{"not_picked":["Dropkick","Heavy Blade","Carnage"],"picked":"SKIP","floor":10.0}],"player_experience":2263709,"relics_obtained":[{"floor":7.0,"key":"Dodecahedron"},{"floor":9.0,"key":"Kunai"}],"event_choices":[{"damage_healed":0.0,"max_hp_gain":0.0,"max_hp_loss":0.0,"gold_gain":0.0,"event_name":"Accursed Blacksmith","player_choice":"Rummage","floor":4.0,"gold_loss":0.0,"damage_taken":0.0,"relics_obtained":["WarpedTongs"],"cards_obtained":["Pain"]},{"damage_healed":0.0,"max_hp_gain":0.0,"max_hp_loss":0.0,"gold_gain":75.0,"event_name":"World of Goop","player_choice":"Gather Gold","floor":11.0,"gold_loss":0.0,"damage_taken":11.0}],"is_beta":false,"boss_relics":[],"items_purged_floors":[3],"is_endless":false,"potions_floor_spawned":[2],"killed_by":"Gremlin Nob","ascension_level":20}