{"gold_per_floor":[112,131,56,68,78,78,109,119,119,394,407,425,1,12,12,91,91,105,120,120,120],"floor_reached":21,"playtime":750,"items_purged":["Regret"],"score":370,"play_id":"575d9cb1-1692-4bc3-a295-38fa9caff98a","local_time":"25620308230318","is_ascension_mode":true,"campfire_choices":[{"data":"Uppercut","floor":6.0,"key":"SMITH"},{"floor":15,"key":"REST"}],"neow_cost":"CURSE","seed_source_timestamp":7697150845911,"circlet_count":0,"master_deck":["AscendersBane","Strike_R","Strike_R","Strike_R","Strike_R","Strike_R","Defend_R","Defend_R","Defend_R","Defend_R","Bash","Juggernaut","Shrug It Off","Uppercut+1","Rage","Metallicize","Dropkick","Armaments","Metallicize","Rage","Immolate","Seeing Red","True Grit"],"special_seed":0,"relics":["Black Blood","Bag of Marbles","StoneCalendar","Regal Pillow","Membership Card"],"potions_floor_usage":[16,18],"damage_taken":[{"damage":5.0,"enemies":"Cultist","floor":1.0,"turns":4.0},{"damage":8.0,"enemies":"Small Slimes","floor":2.0,"turns":4.0},{"damage":8.0,"enemies":"2 Louse","floor":4.0,"turns":3.0},{"damage":9.0,"enemies":"Exordium Thugs","floor":5.0,"turns":5.0},{"damage":44.0,"enemies":"Gremlin Nob","floor":7.0,"turns":6.0},{"damage":10.0,"enemies":"Blue Slaver","floor":8.0,"turns":3.0},{"damage":9.0,"enemies":"Looter","floor":11.0,"turns":4.0},{"damage":12.0,"enemies":"Lots of Slimes","floor":12.0,"turns":5.0},{"damage":2,"enemies":"Exordium Thugs","floor":14,"turns":5},{"damage":26,"enemies":"The Guardian","floor":16,"turns":11},{"damage":36,"enemies":"3 Byrds","floor":18,"turns":5},{"damage":16,"enemies":"Shell Parasite","floor":19,"turns":7},{"damage":31,"enemies":"Chosen and Byrds","floor":21,"turns":6}],"seed_played":"5607232059512450890","potions_obtained":[{"floor":1.0,"key":"Block Potion"},{"floor":2.0,"key":"Dexterity Potion"},{"floor":8.0,"key":"PowerPotion"},{"floor":16,"key":"Block Potion"},{"floor":19,"key":"Energy Potion"}],"is_trial":false,"path_per_floor":["M","M","$","M","M","R","E","M","T","?","M","M","$","M","R","B",null,"M","M","?","M"],"character_chosen":"IRONCLAD","items_purchased":["Regal Pillow","Membership Card","Metallicize"],"campfire_rested":1,"item_purchase_floors":[13,13,13],"current_hp_per_floor":[69,67,67,65,62,62,24,20,20,20,17,11,11,15,52,32,64,38,32,32,1],"gold":120,"neow_bonus":"THREE_RARE_CARDS","is_prod":false,"is_daily":false,"chose_seed":false,"campfire_upgraded":1,"win_rate":0,"timestamp":1552060998,"path_taken":["M","M","$","?","M","R","E","M","T","?","?","M","$","M","R","BOSS","M","M","?","M"],"build_version":"2019-01-23","purchased_purges":1,"victory":false,"max_hp_per_floor":[75,75,75,75,75,75,75,75,75,75,75,75,75,75,75,75,75,75,75,75,75],"card_choices":[{"not_picked":["Barricade","Double Tap"],"picked":"Juggernaut","floor":0.0},{"not_picked":["Uppercut","Inflame"],"picked":"Shrug It Off","floor":1.0},{"not_picked":["Anger","Clash"],"picked":"Uppercut","floor":2.0},{"not_picked":["Anger","Twin Strike"],"picked":"Rage","floor":4.0},{"not_picked":["Heavy Blade","Body Slam"],"picked":"Metallicize","floor":5.0},{"not_picked":["Clash","Anger"],"picked":"Dropkick","floor":7.0},{"not_picked":["Rampage","Sword Boomerang"],"picked":"Armaments","floor":8.0},{"not_picked":["Sentinel","Heavy Blade","Rupture"],"picked":"SKIP","floor":11.0},{"not_picked":["Reckless Charge","Sword Boomerang","Armaments"],"picked":"SKIP","floor":12.0},{"not_picked":["Heavy Blade","True Grit"],"picked":"Rage","floor":14},{"not_picked":["Impervious","Brutality"],"picked":"Immolate","floor":16},{"not_picked":["Anger","Perfected Strike"],"picked":"Seeing Red","floor":18},{"not_picked":["Dual Wield","Combust"],"picked":"True Grit","floor":19}],"player_experience":294901,"relics_obtained":[{"floor":7.0,"key":"Bag of Marbles"},{"floor":9.0,"key":"StoneCalendar"}],"event_choices":[{"damage_healed":0.0,"max_hp_gain":0.0,"max_hp_loss":0.0,"gold_gain":275.0,"event_name":"Golden Shrine","player_choice":"Desecrate","floor":10.0,"gold_loss":0.0,"damage_taken":0.0,"cards_obtained":["Regret"]},{"cards_removed":["Regret"],"damage_healed":0,"gold_gain":0,"player_choice":"Removed Curses","damage_taken":0,"max_hp_gain":0,"max_hp_loss":0,"event_name":"Fountain of Cleansing","floor":20,"gold_loss":0}],"is_beta":false,"boss_relics":[{"not_picked":["Snecko Eye","Busted Crown"],"picked":"Black Blood"}],"items_purged_floors":[3],"is_endless":false,"potions_floor_spawned":[1,2,8,11,16,19],"killed_by":"Chosen and Byrds","ascension_level":20}