{"gold_per_floor":[114,130,143,143,163,188,206,238,261,290,301,335,354,354,354,432,432,444,458,14,31,42,42,71,71,97,97],"floor_reached":27,"playtime":956,"items_purged":["Inflame"],"score":559,"play_id":"a601f26d-9eaa-48d7-a1b3-a890c2922222","local_time":"20181015121727","daily_mods":["SealedDeck"],"is_ascension_mode":true,"campfire_choices":[{"data":"Feed","floor":15,"key":"SMITH"},{"data":"Pommel Strike","floor":23,"key":"SMITH"},{"data":"Ghostly Armor","floor":25,"key":"SMITH"}],"neow_cost":"","seed_source_timestamp":0,"circlet_count":0,"master_deck":["AscendersBane","Wild Strike","Havoc","Headbutt","Clothesline","Spot Weakness","Sword Boomerang","Anger","Flex+1","Pommel Strike","Ghostly Armor+1","Twin Strike","Limit Break+1","True Grit+1","Feed+1","Battle Trance","Offering","Pommel Strike+1","Reaper"],"relics":["Burning Blood","Smiling Mask","Pen Nib","Boot","Blood Vial","War Paint","Busted Crown","Brimstone","Anchor","Champion Belt","Dream Catcher"],"potions_floor_usage":[6,16,24],"damage_taken":[{"damage":9,"enemies":"Jaw Worm","floor":1,"turns":2},{"damage":0,"enemies":"Cultist","floor":2,"turns":2},{"damage":0,"enemies":"Small Slimes","floor":3,"turns":3},{"damage":12,"enemies":"Looter","floor":5,"turns":3},{"damage":11,"enemies":"Gremlin Nob","floor":6,"turns":3},{"damage":8,"enemies":"Blue Slaver","floor":7,"turns":2},{"damage":5,"enemies":"Lagavulin","floor":8,"turns":5},{"damage":8,"enemies":"Gremlin Nob","floor":10,"turns":3},{"damage":0,"enemies":"2 Fungi Beasts","floor":11,"turns":2},{"damage":20,"enemies":"3 Sentries","floor":12,"turns":4},{"damage":0,"enemies":"Large Slime","floor":13,"turns":4},{"damage":28,"enemies":"The Guardian","floor":16,"turns":5},{"damage":33,"enemies":"2 Thieves","floor":18,"turns":3},{"damage":22,"enemies":"3 Byrds","floor":19,"turns":4},{"damage":21,"enemies":"Centurion and Healer","floor":21,"turns":4},{"damage":6,"enemies":"Snake Plant","floor":22,"turns":2},{"damage":28,"enemies":"Slavers","floor":24,"turns":4},{"damage":30,"enemies":"Gremlin Leader","floor":27,"turns":2}],"seed_played":"-2427264326990550566","potions_obtained":[{"floor":1,"key":"Poison Potion"},{"floor":2,"key":"Poison Potion"},{"floor":3,"key":"Dexterity Potion"},{"floor":8,"key":"FearPotion"},{"floor":13,"key":"Strength Potion"},{"floor":22,"key":"PowerPotion"}],"is_trial":true,"path_per_floor":["M","M","M","?","M","E","M","E","T","E","M","E","M","?","R","B",null,"M","M","$","M","M","R","E","R","T"],"character_chosen":"IRONCLAD","items_purchased":["Brimstone","Anchor"],"campfire_rested":0,"item_purchase_floors":[20,20],"current_hp_per_floor":[65,71,75,75,69,64,62,63,63,61,72,60,71,71,71,51,74,53,43,43,34,40,40,24,24,24,0],"gold":97,"neow_bonus":"","is_prod":false,"is_daily":false,"chose_seed":false,"campfire_upgraded":3,"win_rate":0,"timestamp":1539631047,"path_taken":["M","M","M","?","?","E","M","E","T","E","M","E","M","?","R","BOSS","M","M","$","M","M","R","E","R","T","E"],"build_version":"2018-10-11","purchased_purges":1,"victory":false,"max_hp_per_floor":[75,75,75,75,75,75,75,75,75,75,78,78,81,81,81,81,81,85,89,89,93,97,97,101,101,101,101],"card_choices":[{"not_picked":["Entrench","Clothesline"],"picked":"Ghostly Armor","floor":1},{"not_picked":["Body Slam","Thunderclap","Headbutt"],"picked":"SKIP","floor":2},{"not_picked":["Reckless Charge","Heavy Blade"],"picked":"Twin Strike","floor":3},{"not_picked":["Havoc","Battle Trance"],"picked":"True Grit","floor":5},{"not_picked":["Heavy Blade","Carnage","Clothesline"],"picked":"SKIP","floor":6},{"not_picked":["Body Slam","Clothesline","Havoc"],"picked":"SKIP","floor":7},{"not_picked":["Burning Pact","Sword Boomerang","Dual Wield"],"picked":"SKIP","floor":8},{"not_picked":["Brutality","Body Slam"],"picked":"Feed","floor":10},{"not_picked":["Thunderclap","Twin Strike","Wild Strike"],"picked":"SKIP","floor":11},{"not_picked":["Bloodletting","Rampage","Iron Wave"],"picked":"SKIP","floor":12},{"not_picked":["Perfected Strike","Brutality"],"picked":"Battle Trance","floor":13},{"not_picked":["Dark Embrace","Limit Break"],"picked":"Offering","floor":16},{"not_picked":["Anger"],"picked":"SKIP","floor":18},{"not_picked":["Iron Wave"],"picked":"SKIP","floor":19},{"not_picked":["Infernal Blade"],"picked":"SKIP","floor":21},{"not_picked":[],"picked":"Pommel Strike","floor":22},{"not_picked":[],"picked":"Reaper","floor":24}],"player_experience":1362493,"relics_obtained":[{"floor":6,"key":"Smiling Mask"},{"floor":8,"key":"Pen Nib"},{"floor":9,"key":"Boot"},{"floor":10,"key":"Blood Vial"},{"floor":12,"key":"War Paint"},{"floor":24,"key":"Champion Belt"},{"floor":26,"key":"Dream Catcher"}],"event_choices":[{"event_name":"Match and Keep!","player_choice":"1 cards matched","floor":4,"damage_taken":0},{"event_name":"Living Wall","player_choice":"Grow","floor":14,"damage_taken":0}],"is_beta":false,"boss_relics":[{"not_picked":["Runic Cube","Empty Cage"],"picked":"Busted Crown"}],"items_purged_floors":[20],"is_endless":false,"potions_floor_spawned":[1,2,3,5,8,13,22],"killed_by":"Gremlin Leader","ascension_level":20}