{"gold_per_floor":[113,132,132,142,142,142,174,174,174,208,224,235,35,66,66,138,138,151,0,35,35,50,77,77,104,139,151,33,43,43,61,61,135,135,152,99,51,66,85,117,172,172,197,225,240,275,288,288,288,288],"floor_reached":51,"playtime":2096,"items_purged":["Strike_R"],"score":1419,"play_id":"239b609e-f121-4a45-9c38-5f65e5092f8e","local_time":"20190425114733","is_ascension_mode":true,"campfire_choices":[{"data":"Anger","floor":6.0,"key":"SMITH"},{"data":"Sword Boomerang","floor":8.0,"key":"SMITH"},{"data":"Dark Embrace","floor":15.0,"key":"SMITH"},{"data":"Feel No Pain","floor":24.0,"key":"SMITH"},{"data":"Metallicize","floor":30.0,"key":"SMITH"},{"data":"Corruption","floor":32.0,"key":"SMITH"},{"data":"Fiend Fire","floor":42.0,"key":"SMITH"},{"data":"Armaments","floor":49,"key":"SMITH"}],"neow_cost":"NONE","seed_source_timestamp":15038685700779,"circlet_count":0,"master_deck":["AscendersBane","Strike_R","Strike_R","Strike_R","Strike_R","Defend_R","Defend_R","Defend_R","Defend_R+1","Bash+1","Anger+1","Feel No Pain+1","Sword Boomerang+1","Impervious","Shrug It Off+1","Headbutt","Shockwave","Metallicize+1","Clothesline","Dark Embrace+1","Fiend Fire+1","Heavy Blade","Corruption+1","Disarm+1","Shrug It Off","Pommel Strike","Armaments+1"],"special_seed":0,"relics":["Burning Blood","Letter Opener","Charon\u0027s Ashes","Red Skull","Mango","Busted Crown","Bag of Preparation","Red Mask","War Paint","MawBank","Bronze Scales","Runic Pyramid","Bag of Marbles","Centennial Puzzle","Blood Vial","Oddly Smooth Stone","Question Card","Dream Catcher"],"potions_floor_usage":[50],"damage_taken":[{"damage":2.0,"enemies":"2 Louse","floor":1.0,"turns":4.0},{"damage":1.0,"enemies":"Cultist","floor":2.0,"turns":4.0},{"damage":0.0,"enemies":"Small Slimes","floor":4.0,"turns":3.0},{"damage":5.0,"enemies":"Gremlin Nob","floor":7.0,"turns":3.0},{"damage":21.0,"enemies":"3 Sentries","floor":10.0,"turns":7.0},{"damage":10.0,"enemies":"Blue Slaver","floor":11.0,"turns":3.0},{"damage":0.0,"enemies":"2 Fungi Beasts","floor":12.0,"turns":3.0},{"damage":17.0,"enemies":"Lagavulin","floor":14.0,"turns":7.0},{"damage":35.0,"enemies":"Slime Boss","floor":16.0,"turns":7.0},{"damage":0.0,"enemies":"3 Byrds","floor":18.0,"turns":4.0},{"damage":8.0,"enemies":"Masked Bandits","floor":20.0,"turns":2.0},{"damage":5.0,"enemies":"2 Thieves","floor":22.0,"turns":3.0},{"damage":40.0,"enemies":"Gremlin Leader","floor":23.0,"turns":7.0},{"damage":7.0,"enemies":"Book of Stabbing","floor":25.0,"turns":4.0},{"damage":0.0,"enemies":"Snecko","floor":29.0,"turns":4.0},{"damage":14.0,"enemies":"Snake Plant","floor":31.0,"turns":3.0},{"damage":19.0,"enemies":"Champ","floor":33.0,"turns":9.0},{"damage":0.0,"enemies":"Orb Walker","floor":35.0,"turns":3.0},{"damage":1.0,"enemies":"3 Shapes","floor":38.0,"turns":3.0},{"damage":6.0,"enemies":"Spire Growth","floor":39.0,"turns":5.0},{"damage":1.0,"enemies":"Reptomancer","floor":40.0,"turns":6.0},{"damage":0.0,"enemies":"Giant Head","floor":44.0,"turns":8.0},{"damage":2.0,"enemies":"Writhing Mass","floor":45.0,"turns":5.0},{"damage":20,"enemies":"Reptomancer","floor":46,"turns":7},{"damage":0,"enemies":"Sphere and 2 Shapes","floor":47,"turns":5},{"damage":79,"enemies":"Awakened One","floor":50,"turns":15}],"seed_played":"-3683482112357054306","potions_obtained":[{"floor":1.0,"key":"Fire Potion"},{"floor":10.0,"key":"Ancient Potion"},{"floor":12.0,"key":"PowerPotion"},{"floor":14.0,"key":"SkillPotion"},{"floor":33.0,"key":"Poison Potion"},{"floor":39.0,"key":"AttackPotion"},{"floor":44.0,"key":"SpeedPotion"}],"is_trial":false,"path_per_floor":["M","M","?","M","?","R","E","R","T","E","M","M","$","E","R","B",null,"M","$","?","?","M","E","R","E","T","?","$","M","R","M","R","B",null,"M","?","$","M","M","E","T","R","T","E","M","E","M","?","R","B",null],"character_chosen":"IRONCLAD","items_purchased":["Metallicize","Clothesline","Bag of Preparation","Corruption","PowerPotion","Shrug It Off"],"campfire_rested":0,"item_purchase_floors":[13,13,19,28,28,37],"current_hp_per_floor":[79,82,82,82,82,82,82,82,82,67,63,69,69,72,72,43,83,89,89,87,87,88,54,54,53,53,53,53,59,59,51,51,38,82,88,88,88,93,93,96,96,96,96,96,96,82,90,90,90,19],"gold":288,"neow_bonus":"TEN_PERCENT_HP_BONUS","is_prod":false,"is_daily":false,"chose_seed":false,"campfire_upgraded":8,"win_rate":0,"timestamp":1556218053,"path_taken":["M","M","?","M","?","R","E","R","T","E","M","?","$","E","R","BOSS","M","$","?","?","M","E","R","E","T","?","$","M","R","M","R","BOSS","M","?","$","?","M","E","?","R","T","E","M","E","?","?","R","BOSS"],"build_version":"2019-01-23","purchased_purges":1,"victory":true,"max_hp_per_floor":[82,82,82,82,82,82,82,82,82,82,82,82,82,96,96,96,96,96,96,96,96,96,96,96,96,96,96,96,96,96,96,96,96,96,96,96,96,96,96,96,96,96,96,96,96,96,96,96,96,96],"card_choices":[{"not_picked":["Bloodletting","Headbutt"],"picked":"Anger","floor":1.0},{"not_picked":["Twin Strike","Corruption"],"picked":"Feel No Pain","floor":2.0},{"not_picked":["Armaments","Perfected Strike"],"picked":"Sword Boomerang","floor":4.0},{"not_picked":["Battle Trance","Twin Strike"],"picked":"Impervious","floor":7.0},{"not_picked":["Rampage","Dropkick"],"picked":"Shrug It Off","floor":10.0},{"not_picked":["Anger","Perfected Strike"],"picked":"Headbutt","floor":11.0},{"not_picked":["Headbutt","Entrench"],"picked":"Shockwave","floor":12.0},{"not_picked":["Heavy Blade","Perfected Strike"],"picked":"Dark Embrace","floor":14.0},{"not_picked":["Dark Embrace","Reaper"],"picked":"Fiend Fire","floor":16.0},{"not_picked":["Cleave"],"picked":"SKIP","floor":18.0},{"not_picked":[],"picked":"Heavy Blade","floor":20.0},{"not_picked":["Infernal Blade"],"picked":"SKIP","floor":22.0},{"not_picked":["Sword Boomerang"],"picked":"SKIP","floor":23.0},{"not_picked":["Clash"],"picked":"SKIP","floor":25.0},{"not_picked":[],"picked":"Disarm+1","floor":29.0},{"not_picked":["Flex"],"picked":"SKIP","floor":31.0},{"not_picked":["Clothesline"],"picked":"SKIP","floor":35.0},{"not_picked":["Headbutt"],"picked":"SKIP","floor":38.0},{"not_picked":["Headbutt"],"picked":"SKIP","floor":39.0},{"not_picked":["Headbutt"],"picked":"SKIP","floor":39.0},{"not_picked":["Havoc"],"picked":"SKIP","floor":40.0},{"not_picked":["Dropkick"],"picked":"SKIP","floor":44.0},{"not_picked":["Dropkick"],"picked":"SKIP","floor":44.0},{"not_picked":["Iron Wave"],"picked":"Pommel Strike","floor":45.0},{"not_picked":["Feel No Pain","Carnage"],"picked":"SKIP","floor":46},{"not_picked":["Rage"],"picked":"Armaments","floor":47}],"player_experience":2496032,"relics_obtained":[{"floor":7.0,"key":"Letter Opener"},{"floor":9.0,"key":"Charon\u0027s Ashes"},{"floor":10.0,"key":"Red Skull"},{"floor":14.0,"key":"Mango"},{"floor":20.0,"key":"Red Mask"},{"floor":23.0,"key":"War Paint"},{"floor":25.0,"key":"MawBank"},{"floor":26.0,"key":"Bronze Scales"},{"floor":40.0,"key":"Centennial Puzzle"},{"floor":41.0,"key":"Blood Vial"},{"floor":43.0,"key":"Oddly Smooth Stone"},{"floor":44.0,"key":"Question Card"},{"floor":46,"key":"Dream Catcher"}],"event_choices":[{"damage_healed":0.0,"max_hp_gain":0.0,"max_hp_loss":0.0,"gold_gain":0.0,"event_name":"The Cleric","player_choice":"Leave","floor":3.0,"gold_loss":0.0,"damage_taken":0.0},{"damage_healed":0.0,"max_hp_gain":0.0,"max_hp_loss":0.0,"gold_gain":0.0,"event_name":"Upgrade Shrine","player_choice":"Upgraded","floor":5.0,"gold_loss":0.0,"damage_taken":0.0,"cards_upgraded":["Bash"]},{"damage_healed":0.0,"max_hp_gain":0.0,"max_hp_loss":0.0,"gold_gain":0.0,"event_name":"Masked Bandits","player_choice":"Fought Bandits","floor":20.0,"gold_loss":0.0,"damage_taken":0.0},{"damage_healed":0.0,"max_hp_gain":0.0,"max_hp_loss":0.0,"gold_gain":0.0,"event_name":"Beggar","player_choice":"Ignored","floor":21.0,"gold_loss":0.0,"damage_taken":0.0},{"damage_healed":0.0,"max_hp_gain":0.0,"max_hp_loss":0.0,"gold_gain":0.0,"event_name":"Ghosts","player_choice":"Ignored","floor":27.0,"gold_loss":0.0,"damage_taken":0.0},{"damage_healed":0.0,"max_hp_gain":0.0,"max_hp_loss":0.0,"gold_gain":0.0,"event_name":"WeMeetAgain","player_choice":"Paid Gold","floor":36.0,"gold_loss":53.0,"damage_taken":0.0,"relics_obtained":["Bag of Marbles"]},{"damage_healed":0,"gold_gain":0,"player_choice":"Memory 1","damage_taken":0,"max_hp_gain":0,"max_hp_loss":0,"event_name":"SensoryStone","floor":48,"gold_loss":0}],"is_beta":false,"boss_relics":[{"not_picked":["Runic Cube","Empty Cage"],"picked":"Busted Crown"},{"not_picked":["Mark of Pain","Black Blood"],"picked":"Runic Pyramid"}],"items_purged_floors":[13],"is_endless":false,"potions_floor_spawned":[1,10,12,14,20,23,29,33,39,44,46,47],"ascension_level":15}