{"gold_per_floor":[112,77,94,109,125,125,154,154,203,203,41,41,58,38],"floor_reached":14,"playtime":518,"items_purged":["Strike_B"],"score":180,"play_id":"db2a17e0-cad4-4434-9df6-351f4e7f9454","local_time":"20181212142418","is_ascension_mode":true,"campfire_choices":[{"data":"Buffer","floor":6.0,"key":"SMITH"},{"data":"Turbo","floor":8.0,"key":"SMITH"}],"neow_cost":"TEN_PERCENT_HP_LOSS","seed_source_timestamp":6721902982709,"circlet_count":0,"master_deck":["AscendersBane","Strike_B","Strike_B","Strike_B","Defend_B","Defend_B","Defend_B","Defend_B","Zap","Dualcast","Creative AI+1","Streamline","Force Field","Buffer+1","Turbo+1","Coolheaded","Seek","Storm+1"],"special_seed":0,"relics":["Cracked Core","Frozen Egg 2","Strawberry","Lantern"],"potions_floor_usage":[13,13],"damage_taken":[{"damage":19.0,"enemies":"Jaw Worm","floor":1.0,"turns":4.0},{"damage":4.0,"enemies":"Small Slimes","floor":3.0,"turns":4.0},{"damage":6.0,"enemies":"Cultist","floor":4.0,"turns":3.0},{"damage":14.0,"enemies":"Gremlin Gang","floor":5.0,"turns":6.0},{"damage":17.0,"enemies":"Lagavulin","floor":7.0,"turns":8.0},{"damage":6,"enemies":"Lots of Slimes","floor":13,"turns":5},{"damage":11,"enemies":"Looter","floor":14,"turns":1}],"seed_played":"-2238543206177170977","potions_obtained":[{"floor":1.0,"key":"FocusPotion"},{"floor":4.0,"key":"FearPotion"},{"floor":7.0,"key":"EssenceOfSteel"}],"is_trial":false,"path_per_floor":["M","?","M","M","M","R","E","R","T","?","$","?","M","M"],"character_chosen":"DEFECT","items_purchased":["Seek"],"campfire_rested":0,"item_purchase_floors":[11],"current_hp_per_floor":[45,61,57,51,37,37,20,20,27,9,9,9,3,0],"gold":38,"neow_bonus":"THREE_RARE_CARDS","is_prod":false,"is_daily":false,"chose_seed":false,"campfire_upgraded":2,"win_rate":0,"timestamp":1544595858,"path_taken":["M","?","M","M","M","R","E","R","T","?","$","?","M","?"],"build_version":"2018-12-06","purchased_purges":1,"victory":false,"max_hp_per_floor":[64,64,64,64,64,64,64,64,71,71,71,71,71,71],"card_choices":[{"not_picked":["Multi-Cast","Machine Learning"],"picked":"Creative AI","floor":0.0},{"not_picked":["Steam Power","Force Field"],"picked":"Streamline","floor":1.0},{"not_picked":["Stack","Go for the Eyes"],"picked":"Force Field","floor":3.0},{"not_picked":["Loop","Chaos"],"picked":"Buffer","floor":4.0},{"not_picked":["Cold Snap","Steam"],"picked":"Turbo","floor":5.0},{"not_picked":["Gash","Hologram"],"picked":"Coolheaded","floor":7.0},{"not_picked":["Hello World+1","Go for the Eyes"],"picked":"Storm+1","floor":13}],"player_experience":2365862,"relics_obtained":[{"floor":7.0,"key":"Frozen Egg 2"},{"floor":9.0,"key":"Strawberry"}],"event_choices":[{"damage_healed":16.0,"max_hp_gain":0.0,"max_hp_loss":0.0,"gold_gain":0.0,"event_name":"The Cleric","player_choice":"Healed","floor":2.0,"gold_loss":35.0,"damage_taken":0.0},{"damage_healed":0.0,"max_hp_gain":0.0,"max_hp_loss":0.0,"gold_gain":0.0,"event_name":"Scrap Ooze","player_choice":"Success","floor":10.0,"gold_loss":0.0,"damage_taken":18.0,"relics_obtained":["Lantern"]},{"damage_healed":0.0,"max_hp_gain":0.0,"max_hp_loss":0.0,"gold_gain":0.0,"event_name":"Upgrade Shrine","player_choice":"Upgraded","floor":12.0,"gold_loss":0.0,"damage_taken":0.0,"cards_upgraded":["Creative AI"]}],"is_beta":false,"boss_relics":[],"items_purged_floors":[11],"is_endless":false,"potions_floor_spawned":[1,4,7],"killed_by":"Looter","ascension_level":20}