{"gold_per_floor":[110,128,128,140,194,223,247,277,289,335,363,401,413,445,457,543,555,583,319,234,251,270,270,270],"floor_reached":24,"playtime":901,"items_purged":[],"score":407,"play_id":"5bc65133-0a46-4ec1-af0f-6dc9d9d5a332","local_time":"20190104135941","is_ascension_mode":true,"campfire_choices":[{"data":"Perfected Strike","floor":13,"key":"SMITH"},{"data":"Perfected Strike","floor":15,"key":"SMITH"},{"data":"True Grit","floor":23,"key":"SMITH"}],"neow_cost":"NONE","seed_source_timestamp":1248361653180578,"circlet_count":0,"master_deck":["AscendersBane","Strike_R","Strike_R","Strike_R","Strike_R","Strike_R","Defend_R","Defend_R","Defend_R","Defend_R","Bash","Perfected Strike+1","Inflame+1","Pommel Strike","Sentinel+1","Dual Wield+1","Wild Strike","Pommel Strike","Headbutt","Perfected Strike+1","Metallicize","Double Tap","Disarm","Twin Strike","True Grit+1","Intimidate+1","Second Wind"],"relics":["Burning Blood","NeowsBlessing","Potion Belt","MawBank","War Paint","Regal Pillow","Pear","Runic Pyramid","Vajra","Lantern"],"potions_floor_usage":[7,10,12,16],"damage_taken":[{"damage":0,"enemies":"Cultist","floor":1,"turns":1},{"damage":0,"enemies":"2 Louse","floor":2,"turns":1},{"damage":0,"enemies":"Jaw Worm","floor":4,"turns":1},{"damage":32,"enemies":"Gremlin Nob","floor":6,"turns":4},{"damage":4,"enemies":"Lots of Slimes","floor":7,"turns":3},{"damage":9,"enemies":"3 Louse","floor":8,"turns":3},{"damage":10,"enemies":"Lagavulin","floor":10,"turns":5},{"damage":0,"enemies":"2 Fungi Beasts","floor":11,"turns":3},{"damage":17,"enemies":"3 Sentries","floor":12,"turns":5},{"damage":13,"enemies":"Blue Slaver","floor":14,"turns":2},{"damage":26,"enemies":"Slime Boss","floor":16,"turns":9},{"damage":28,"enemies":"3 Byrds","floor":18,"turns":5},{"damage":0,"enemies":"Chosen","floor":21,"turns":3},{"damage":10,"enemies":"Snecko","floor":22,"turns":4},{"damage":53,"enemies":"Shelled Parasite and Fungi","floor":24,"turns":5}],"seed_played":"1443348490336220889","potions_obtained":[{"floor":4,"key":"PowerPotion"},{"floor":7,"key":"Energy Potion"},{"floor":8,"key":"SkillPotion"},{"floor":11,"key":"SkillPotion"}],"is_trial":false,"path_per_floor":["M","M","?","M","T","E","M","M","T","E","M","E","R","M","R","B",null,"M","$","?","M","M","R","M"],"character_chosen":"IRONCLAD","items_purchased":["Vajra","Twin Strike","True Grit"],"campfire_rested":0,"item_purchase_floors":[19,19,19],"current_hp_per_floor":[74,75,75,75,75,49,51,48,48,44,50,49,49,42,42,22,69,47,47,47,53,49,49,0],"gold":270,"neow_bonus":"THREE_ENEMY_KILL","is_prod":false,"is_daily":false,"chose_seed":false,"campfire_upgraded":3,"win_rate":0,"timestamp":1546606781,"path_taken":["M","?","?","M","?","E","M","M","T","E","?","E","R","M","R","BOSS","M","$","?","M","M","R","M"],"build_version":"2019-01-03v3","purchased_purges":0,"victory":false,"max_hp_per_floor":[75,75,75,75,75,75,75,75,75,75,75,85,85,85,85,85,85,85,85,85,85,85,85,85],"card_choices":[{"not_picked":["Armaments","Sentinel"],"picked":"Perfected Strike","floor":1},{"not_picked":["Combust","True Grit"],"picked":"Inflame","floor":2},{"not_picked":["Sword Boomerang","Anger"],"picked":"Pommel Strike","floor":4},{"not_picked":["Rampage","Dropkick"],"picked":"Sentinel","floor":6},{"not_picked":["Iron Wave","Body Slam"],"picked":"Dual Wield","floor":7},{"not_picked":["Juggernaut","Anger"],"picked":"Wild Strike","floor":8},{"not_picked":["Shrug It Off","Clash"],"picked":"Pommel Strike","floor":10},{"not_picked":["Armaments","Searing Blow"],"picked":"Headbutt","floor":11},{"not_picked":["Berserk","Headbutt"],"picked":"Perfected Strike","floor":12},{"not_picked":["Anger","Body Slam"],"picked":"Metallicize","floor":14},{"not_picked":["Juggernaut","Offering"],"picked":"Double Tap","floor":16},{"not_picked":["Anger","Clash"],"picked":"Disarm","floor":18},{"not_picked":["Sword Boomerang","Shrug It Off"],"picked":"Intimidate+1","floor":21},{"not_picked":["Uppercut+1","Iron Wave"],"picked":"Second Wind","floor":22}],"player_experience":403268,"relics_obtained":[{"floor":5,"key":"Potion Belt"},{"floor":6,"key":"MawBank"},{"floor":9,"key":"War Paint"},{"floor":10,"key":"Regal Pillow"},{"floor":12,"key":"Pear"}],"event_choices":[{"damage_healed":0,"gold_gain":0,"player_choice":"Grow","damage_taken":0,"max_hp_gain":0,"max_hp_loss":0,"event_name":"Living Wall","floor":3,"gold_loss":0,"cards_upgraded":["Inflame"]},{"damage_healed":0,"gold_gain":0,"player_choice":"Obtained Relic","damage_taken":0,"relics_obtained":["Lantern"],"max_hp_gain":0,"max_hp_loss":0,"event_name":"Addict","floor":20,"gold_loss":85}],"is_beta":false,"boss_relics":[{"not_picked":["White Beast Statue","Calling Bell"],"picked":"Runic Pyramid"}],"items_purged_floors":[],"is_endless":false,"potions_floor_spawned":[4,7,8,11],"killed_by":"Shelled Parasite and Fungi","ascension_level":17}