{"gold_per_floor":[115,129,147,158,176,203,203,0,0,32,32,52,85,35,35,140,140,160,160,160,75,87,115,40,40,40,40,40],"floor_reached":28,"playtime":2413,"items_purged":["Strike_B"],"score":279,"play_id":"defc06b8-ecc2-4f7d-ae82-a18678df33d1","local_time":"20190117001227","is_ascension_mode":true,"campfire_choices":[{"data":"Static Discharge","floor":7,"key":"SMITH"},{"data":"Static Discharge","floor":11,"key":"SMITH"},{"floor":15,"key":"REST"},{"data":"Storm","floor":25,"key":"SMITH"},{"data":"Electrodynamics","floor":27,"key":"SMITH"}],"neow_cost":"NONE","seed_source_timestamp":18749966496964,"circlet_count":0,"master_deck":["Strike_B","Strike_B","Defend_B","Defend_B","Defend_B","Defend_B","Zap","Dualcast","Seek","Barrage","Static Discharge+1","Conserve Battery","Static Discharge+1","Self Repair","Amplify","Leap","Storm+1","Barrage","Electrodynamics+1","Capacitor","Ball Lightning","Conserve Battery+1"],"relics":["Cracked Core","Incense Burner","OrangePellets","Sundial","Pen Nib","Odd Mushroom","StoneCalendar","Inserter","MutagenicStrength","Centennial Puzzle","Anchor"],"potions_floor_usage":[6,10,10,28],"damage_taken":[{"damage":2,"enemies":"Jaw Worm","floor":1,"turns":3},{"damage":13,"enemies":"Small Slimes","floor":2,"turns":3},{"damage":8,"enemies":"2 Louse","floor":3,"turns":2},{"damage":10,"enemies":"2 Fungi Beasts","floor":4,"turns":3},{"damage":11,"enemies":"Exordium Wildlife","floor":5,"turns":5},{"damage":15,"enemies":"Lagavulin","floor":6,"turns":7},{"damage":18,"enemies":"3 Sentries","floor":10,"turns":5},{"damage":20,"enemies":"The Mushroom Lair","floor":12,"turns":3},{"damage":1,"enemies":"Lagavulin","floor":13,"turns":5},{"damage":23,"enemies":"The Guardian","floor":16,"turns":7},{"damage":11,"enemies":"Shell Parasite","floor":18,"turns":2},{"damage":13,"enemies":"Chosen","floor":22,"turns":5},{"damage":19,"enemies":"Book of Stabbing","floor":23,"turns":3},{"damage":32,"enemies":"Slavers","floor":28,"turns":3}],"seed_played":"3626307151062098648","potions_obtained":[{"floor":3,"key":"Fire Potion"},{"floor":5,"key":"Regen Potion"},{"floor":6,"key":"Swift Potion"},{"floor":12,"key":"Swift Potion"},{"floor":13,"key":"Swift Potion"},{"floor":16,"key":"FearPotion"},{"floor":18,"key":"Dexterity Potion"}],"is_trial":false,"path_per_floor":["M","M","M","M","M","E","R","$","T","E","R","?","E","?","R","B",null,"M","?","?","?","M","E","$","R","T","R","E"],"character_chosen":"DEFECT","items_purchased":["OrangePellets"],"campfire_rested":1,"item_purchase_floors":[8],"current_hp_per_floor":[73,60,52,42,31,38,38,38,38,34,34,21,27,27,49,40,75,64,64,50,50,44,32,32,32,32,32,0],"gold":40,"neow_bonus":"ONE_RANDOM_RARE_CARD","is_prod":false,"is_daily":false,"chose_seed":false,"campfire_upgraded":4,"win_rate":0,"timestamp":1547691147,"path_taken":["M","M","M","M","M","E","R","$","T","E","R","?","E","?","R","BOSS","M","?","?","?","M","E","$","R","T","R","E"],"build_version":"2019-01-10","purchased_purges":1,"victory":false,"max_hp_per_floor":[75,75,75,75,75,75,75,75,75,75,75,75,75,75,75,75,75,75,75,80,80,80,80,80,80,80,80,80],"card_choices":[{"not_picked":["Stack","Blizzard"],"picked":"Barrage","floor":1},{"not_picked":["Go for the Eyes","Rebound"],"picked":"Static Discharge","floor":2},{"not_picked":["Rebound","Redo"],"picked":"Conserve Battery","floor":3},{"not_picked":["Biased Cognition","Doom and Gloom"],"picked":"Static Discharge","floor":4},{"not_picked":["Stack","Conserve Battery"],"picked":"Self Repair","floor":5},{"not_picked":["Ball Lightning","Recycle"],"picked":"Amplify","floor":6},{"not_picked":["Gash","Beam Cell"],"picked":"Leap","floor":10},{"not_picked":["Leap","Lockon"],"picked":"Storm","floor":12},{"not_picked":["Steam","Undo"],"picked":"Barrage","floor":13},{"not_picked":["Multi-Cast","Reboot"],"picked":"Electrodynamics","floor":16},{"not_picked":["Scrape+1","Cold Snap"],"picked":"Capacitor","floor":18},{"not_picked":["Turbo","Reprogram+1"],"picked":"Ball Lightning","floor":22},{"not_picked":["Leap","Amplify"],"picked":"Conserve Battery+1","floor":23}],"player_experience":92681,"relics_obtained":[{"floor":6,"key":"Incense Burner"},{"floor":9,"key":"Sundial"},{"floor":10,"key":"Pen Nib"},{"floor":12,"key":"Odd Mushroom"},{"floor":13,"key":"StoneCalendar"},{"floor":23,"key":"Anchor"}],"event_choices":[{"damage_healed":0,"gold_gain":0,"player_choice":"Fought Mushrooms","damage_taken":0,"max_hp_gain":0,"max_hp_loss":0,"event_name":"Mushrooms","floor":12,"gold_loss":0},{"cards_removed":["Strike_B"],"damage_healed":0,"gold_gain":0,"player_choice":"Card Removal","damage_taken":0,"max_hp_gain":0,"max_hp_loss":0,"event_name":"The Cleric","floor":14,"gold_loss":50},{"damage_healed":0,"gold_gain":0,"player_choice":"Inject Mutagens","damage_taken":0,"relics_obtained":["MutagenicStrength"],"max_hp_gain":0,"max_hp_loss":0,"event_name":"Drug Dealer","floor":19,"gold_loss":0},{"damage_healed":0,"gold_gain":0,"player_choice":"Shed Blood","damage_taken":19,"max_hp_gain":5,"max_hp_loss":0,"event_name":"Forgotten Altar","floor":20,"gold_loss":0},{"damage_healed":0,"gold_gain":0,"player_choice":"Obtained Relic","damage_taken":0,"relics_obtained":["Centennial Puzzle"],"max_hp_gain":0,"max_hp_loss":0,"event_name":"Addict","floor":21,"gold_loss":85}],"is_beta":false,"boss_relics":[{"not_picked":["Ectoplasm","Calling Bell"],"picked":"Inserter"}],"items_purged_floors":[24],"is_endless":false,"potions_floor_spawned":[3,5,6,12,13,16,18,23],"killed_by":"Slavers","ascension_level":2}