{"gold_per_floor":[109,109,109,34,34,62,62,88,115,134,148,219,234,248,248,351,351,366,35,35,35,35],"floor_reached":22,"playtime":1364,"items_purged":["Scrape"],"score":260,"play_id":"ce75c37e-8120-429c-8ae6-7d1473f5d0d3","local_time":"20181121202332","is_ascension_mode":true,"campfire_choices":[{"data":"Zap","floor":7,"key":"SMITH"},{"floor":15,"key":"REST"}],"neow_cost":"NONE","seed_source_timestamp":3310899735357573,"circlet_count":0,"master_deck":["Strike_B+1","Strike_B+1","Strike_B+1","Strike_B+1","Defend_B+1","Defend_B+1","Defend_B+1","Zap+1","Dualcast","Cold Snap","Double Energy","Glacier","Self Repair","FTL","Cold Snap","Buffer","Gash","Leap"],"relics":["Cracked Core","Bronze Scales","Strawberry","Dream Catcher","Bottled Lightning","Nuclear Battery","Kunai"],"potions_floor_usage":[6,6,8,16],"damage_taken":[{"damage":12,"enemies":"Small Slimes","floor":1,"turns":2},{"damage":0,"enemies":"Gremlin Nob","floor":6,"turns":2},{"damage":22,"enemies":"3 Sentries","floor":8,"turns":7},{"damage":4,"enemies":"Cultist","floor":10,"turns":2},{"damage":7,"enemies":"2 Louse","floor":11,"turns":2},{"damage":6,"enemies":"Blue Slaver","floor":13,"turns":3},{"damage":13,"enemies":"Large Slime","floor":14,"turns":5},{"damage":37,"enemies":"Hexaghost","floor":16,"turns":13},{"damage":24,"enemies":"2 Thieves","floor":18,"turns":4},{"damage":17,"enemies":"Colosseum Slavers","floor":20,"turns":5},{"damage":11,"enemies":"Chosen","floor":22,"turns":4}],"seed_played":"8675342385510945642","potions_obtained":[{"floor":0,"key":"Fire Potion"},{"floor":0,"key":"Fire Potion"},{"floor":0,"key":"Dexterity Potion"},{"floor":14,"key":"SkillPotion"}],"is_trial":false,"path_per_floor":["M","$","?","$","$","E","R","E","T","M","M","T","M","M","R","B",null,"M","$","?","?","M"],"character_chosen":"DEFECT","items_purchased":["Kunai","Gash","Leap"],"campfire_rested":1,"item_purchase_floors":[19,19,19],"current_hp_per_floor":[63,63,63,63,63,63,63,48,48,44,37,37,31,25,49,19,82,65,65,55,55,44],"gold":35,"neow_bonus":"THREE_SMALL_POTIONS","is_prod":false,"is_daily":false,"chose_seed":false,"campfire_upgraded":1,"win_rate":0,"timestamp":1542849812,"path_taken":["M","$","?","?","$","E","R","E","T","?","M","?","M","?","R","BOSS","M","$","?","?","M"],"build_version":"2018-11-15","purchased_purges":1,"victory":false,"max_hp_per_floor":[75,75,75,75,75,75,75,82,82,82,82,82,82,82,82,82,82,82,82,82,82,82],"card_choices":[{"not_picked":["Storm","Gash"],"picked":"Cold Snap","floor":1},{"not_picked":["Barrage","Steam","Turbo"],"picked":"SKIP","floor":6},{"not_picked":["Compile Driver","Undo","Fusion"],"picked":"SKIP","floor":8},{"not_picked":["Compile Driver","Beam Cell"],"picked":"Double Energy","floor":10},{"not_picked":["Skim","Cold Snap"],"picked":"Glacier","floor":11},{"not_picked":["Melter","Scrape"],"picked":"Self Repair","floor":13},{"not_picked":["Stack","Genetic Algorithm"],"picked":"FTL","floor":14},{"not_picked":["Streamline","Double Energy"],"picked":"Cold Snap","floor":15},{"not_picked":["Multi-Cast","Reboot"],"picked":"Buffer","floor":16},{"not_picked":["Rebound","Chaos","Skim"],"picked":"SKIP","floor":18}],"player_experience":150009,"relics_obtained":[{"floor":6,"key":"Bronze Scales"},{"floor":8,"key":"Strawberry"},{"floor":9,"key":"Dream Catcher"},{"floor":12,"key":"Bottled Lightning"}],"event_choices":[{"damage_healed":0,"gold_gain":0,"cards_transformed":["Defend_B"],"player_choice":"Transformed","damage_taken":0,"max_hp_gain":0,"max_hp_loss":0,"event_name":"Transmorgrifier","floor":3,"gold_loss":0,"cards_obtained":["Scrape"]},{"damage_healed":0,"gold_gain":0,"player_choice":"Fight","damage_taken":0,"max_hp_gain":0,"max_hp_loss":0,"event_name":"Colosseum","floor":20,"gold_loss":0},{"damage_healed":0,"gold_gain":0,"player_choice":"Fled From Nobs","damage_taken":0,"max_hp_gain":0,"max_hp_loss":0,"event_name":"Colosseum","floor":20,"gold_loss":0},{"damage_healed":0,"gold_gain":0,"player_choice":"Simplicity","damage_taken":0,"max_hp_gain":0,"max_hp_loss":0,"event_name":"Back to Basics","floor":21,"gold_loss":0,"cards_upgraded":["Strike_B","Strike_B","Strike_B","Strike_B","Defend_B","Defend_B","Defend_B"]}],"is_beta":false,"boss_relics":[{"not_picked":["Fusion Hammer","Astrolabe"],"picked":"Nuclear Battery"}],"items_purged_floors":[4],"is_endless":false,"potions_floor_spawned":[1,14],"killed_by":"Chosen","ascension_level":4}