{"gold_per_floor":[111,121,46,56,76,76,87,119,119,154,154,154,180,25,25,127,127,139,139,150,170,19,19,48,48,348,348,273,286,301,318,318,415,415,431,431,280,291,311,337,337,356,381,412,412,3,36,46,46,46],"floor_reached":50,"playtime":1775,"items_purged":["Regret","Strike_R","Heavy Blade"],"score":822,"play_id":"c5485e36-6911-4fca-a772-2779981ba205","local_time":"25611109214858","is_ascension_mode":true,"campfire_choices":[{"data":"Armaments","floor":6.0,"key":"SMITH"},{"floor":12.0,"key":"REST"},{"data":"Uppercut","floor":15.0,"key":"SMITH"},{"floor":23.0,"key":"REST"},{"floor":25.0,"key":"REST"},{"data":"Immolate","floor":27.0,"key":"SMITH"},{"data":"Double Tap","floor":32.0,"key":"SMITH"},{"floor":41.0,"key":"REST"},{"floor":45.0,"key":"REST"},{"floor":49.0,"key":"REST"}],"neow_cost":"CURSE","seed_source_timestamp":19848975977737,"circlet_count":0,"master_deck":["Armaments+1","Inflame","Headbutt","Immolate+1","Uppercut+1","Double Tap+1","Intimidate+1","Reaper","Exhume","Pummel","Havoc","Rupture","Wild Strike","Pommel Strike","Hemokinesis+1","Rage","Flame Barrier+1"],"special_seed":0,"relics":["Burning Blood","Magic Flower","Bottled Lightning","Ginger","Sundial","Gambling Chip","Vajra","Empty Cage","Lantern","Old Coin","Pandora\u0027s Box","Smiling Mask","Singing Bowl","Anchor","Omamori","Lee\u0027s Waffle","Pen Nib","Ancient Tea Set"],"potions_floor_usage":[50,50,50],"damage_taken":[{"damage":13.0,"enemies":"Jaw Worm","floor":1.0,"turns":4.0},{"damage":7.0,"enemies":"Small Slimes","floor":2.0,"turns":5.0},{"damage":1.0,"enemies":"Cultist","floor":4.0,"turns":3.0},{"damage":11.0,"enemies":"2 Fungi Beasts","floor":5.0,"turns":4.0},{"damage":34.0,"enemies":"Exordium Thugs","floor":7.0,"turns":8.0},{"damage":32.0,"enemies":"Gremlin Nob","floor":8.0,"turns":4.0},{"damage":27.0,"enemies":"Lagavulin","floor":10.0,"turns":6.0},{"damage":15.0,"enemies":"3 Sentries","floor":13.0,"turns":3.0},{"damage":42.0,"enemies":"The Guardian","floor":16.0,"turns":8.0},{"damage":9.0,"enemies":"3 Byrds","floor":18.0,"turns":4.0},{"damage":28.0,"enemies":"2 Thieves","floor":20.0,"turns":3.0},{"damage":23.0,"enemies":"Shelled Parasite and Fungi","floor":21.0,"turns":5.0},{"damage":28.0,"enemies":"Book of Stabbing","floor":24.0,"turns":4.0},{"damage":25.0,"enemies":"Sentry and Sphere","floor":29.0,"turns":4.0},{"damage":3.0,"enemies":"Chosen and Byrds","floor":30.0,"turns":3.0},{"damage":24.0,"enemies":"Centurion and Healer","floor":31.0,"turns":6.0},{"damage":103.0,"enemies":"Collector","floor":33.0,"turns":9.0},{"damage":18.0,"enemies":"3 Darklings","floor":35.0,"turns":3.0},{"damage":52.0,"enemies":"3 Shapes","floor":38.0,"turns":6.0},{"damage":0.0,"enemies":"Jaw Worm Horde","floor":39.0,"turns":1.0},{"damage":61.0,"enemies":"Nemesis","floor":40.0,"turns":7.0},{"damage":28.0,"enemies":"Transient","floor":42.0,"turns":5.0},{"damage":54.0,"enemies":"Reptomancer","floor":44.0,"turns":5.0},{"damage":27.0,"enemies":"Nemesis","floor":47.0,"turns":5.0},{"damage":16.0,"enemies":"Spire Growth","floor":48.0,"turns":4.0},{"damage":127,"enemies":"Donu and Deca","floor":50,"turns":6}],"seed_played":"3386809124453310584","potions_obtained":[{"floor":2.0,"key":"BloodPotion"},{"floor":7.0,"key":"Swift Potion"},{"floor":8.0,"key":"SpeedPotion"},{"floor":10.0,"key":"Ancient Potion"},{"floor":30.0,"key":"FearPotion"},{"floor":31.0,"key":"SteroidPotion"},{"floor":33.0,"key":"GamblersBrew"},{"floor":39.0,"key":"Weak Potion"},{"floor":47.0,"key":"SpeedPotion"},{"floor":48.0,"key":"Regen Potion"}],"is_trial":false,"path_per_floor":["M","M","$","M","M","R","M","E","T","E","?","R","E","$","R","B",null,"M","?","M","M","$","R","E","R","T","R","?","M","M","M","R","B",null,"M","?","$","M","M","E","R","M","T","E","R","$","E","M","R","B"],"character_chosen":"IRONCLAD","items_purchased":["Vajra","Block Potion","BloodPotion","Pommel Strike","Lee\u0027s Waffle","Pen Nib","AttackPotion"],"campfire_rested":6,"item_purchase_floors":[14,22,37,37,46,46,46],"current_hp_per_floor":[68,70,70,78,76,76,51,28,28,22,48,72,66,66,66,33,68,68,68,49,35,35,59,40,64,64,64,64,48,80,77,77,10,63,54,54,54,50,59,21,45,28,28,12,37,93,75,70,95,0],"gold":46,"neow_bonus":"ONE_RARE_RELIC","is_prod":false,"is_daily":false,"chose_seed":false,"campfire_upgraded":4,"win_rate":0,"timestamp":1541774938,"path_taken":["M","M","$","M","M","R","M","E","T","E","?","R","E","$","R","BOSS","M","?","M","M","$","R","E","R","T","R","?","?","M","?","R","BOSS","M","?","$","M","?","E","R","M","T","E","R","$","E","M","R","BOSS"],"build_version":"2018-11-08","purchased_purges":3,"victory":false,"max_hp_per_floor":[80,80,80,80,80,80,80,80,80,80,80,80,80,80,80,80,80,80,80,80,80,80,80,80,80,80,80,80,80,80,80,80,80,80,80,80,80,80,80,82,82,84,84,86,86,93,93,95,95,95],"card_choices":[{"not_picked":["Power Through","Sword Boomerang"],"picked":"Armaments","floor":1.0},{"not_picked":["Shrug It Off","Wild Strike"],"picked":"Inflame","floor":2.0},{"not_picked":["True Grit","Havoc"],"picked":"Headbutt","floor":4.0},{"not_picked":["Thunderclap","Headbutt","Feel No Pain"],"picked":"SKIP","floor":5.0},{"not_picked":["Body Slam","True Grit","Bloodletting"],"picked":"SKIP","floor":7.0},{"not_picked":["Anger","Feel No Pain","Body Slam"],"picked":"SKIP","floor":8.0},{"not_picked":["Power Through","Sever Soul"],"picked":"Immolate","floor":10.0},{"not_picked":["Flex","Seeing Red"],"picked":"Uppercut","floor":13.0},{"not_picked":["Limit Break","Fiend Fire"],"picked":"Double Tap","floor":16.0},{"not_picked":["Wild Strike","Armaments","Flex"],"picked":"SKIP","floor":18.0},{"not_picked":["Rupture","Cleave","Sword Boomerang+1"],"picked":"SKIP","floor":20.0},{"not_picked":["Flex","Clothesline+1"],"picked":"Intimidate+1","floor":21.0},{"not_picked":["Searing Blow+1","Cleave+1","Headbutt"],"picked":"SKIP","floor":24.0},{"not_picked":["Dual Wield","Anger"],"picked":"Reaper","floor":29.0},{"not_picked":["Body Slam","Clash","Anger"],"picked":"SKIP","floor":30.0},{"not_picked":["Anger","Headbutt","Clothesline"],"picked":"SKIP","floor":31.0},{"not_picked":["Dark Embrace","Bludgeon"],"picked":"Exhume","floor":33.0},{"not_picked":["Armaments","Sword Boomerang+1","Anger+1"],"picked":"SKIP","floor":35.0},{"not_picked":["Iron Wave","Shrug It Off"],"picked":"Hemokinesis+1","floor":38.0},{"not_picked":["Wild Strike","Warcry+1"],"picked":"Rage","floor":39.0},{"not_picked":["Reaper","Bloodletting","Disarm+1"],"picked":"Singing Bowl","floor":40.0},{"not_picked":["Warcry+1","Headbutt","Twin Strike"],"picked":"Singing Bowl","floor":42.0},{"not_picked":["Brutality","Fiend Fire","Sword Boomerang+1"],"picked":"Singing Bowl","floor":44.0},{"not_picked":["Twin Strike+1","Havoc"],"picked":"Flame Barrier+1","floor":47.0},{"not_picked":["Clash+1","Wild Strike+1","Shrug It Off"],"picked":"Singing Bowl","floor":48.0}],"player_experience":87455,"relics_obtained":[{"floor":8.0,"key":"Bottled Lightning"},{"floor":9.0,"key":"Ginger"},{"floor":10.0,"key":"Sundial"},{"floor":13.0,"key":"Gambling Chip"},{"floor":24.0,"key":"Lantern"},{"floor":26.0,"key":"Old Coin"},{"floor":40.0,"key":"Singing Bowl"},{"floor":43.0,"key":"Anchor"},{"floor":44.0,"key":"Omamori"},{"floor":47.0,"key":"Ancient Tea Set"}],"event_choices":[{"damage_healed":26.0,"max_hp_gain":0.0,"max_hp_loss":0.0,"gold_gain":0.0,"event_name":"Big Fish","player_choice":"Banana","floor":11.0,"gold_loss":0.0,"damage_taken":0.0},{"cards_removed":["Strike_R"],"damage_healed":0.0,"max_hp_gain":0.0,"max_hp_loss":0.0,"gold_gain":0.0,"event_name":"Back to Basics","player_choice":"Elegance","floor":19.0,"gold_loss":0.0,"damage_taken":0.0},{"cards_removed":["Bash"],"damage_healed":0.0,"max_hp_gain":0.0,"max_hp_loss":0.0,"gold_gain":0.0,"event_name":"Beggar","player_choice":"Gave Gold","floor":28.0,"gold_loss":75.0,"damage_taken":0.0},{"damage_healed":0.0,"max_hp_gain":0.0,"max_hp_loss":0.0,"gold_gain":0.0,"event_name":"WeMeetAgain","player_choice":"Gave Potion","floor":36.0,"gold_loss":0.0,"damage_taken":0.0,"relics_obtained":["Smiling Mask"]}],"is_beta":false,"boss_relics":[{"not_picked":["Calling Bell","Coffee Dripper"],"picked":"Empty Cage"},{"not_picked":["White Beast Statue","Philosopher\u0027s Stone"],"picked":"Pandora\u0027s Box"}],"items_purged_floors":[3,22,37],"is_endless":false,"potions_floor_spawned":[2,7,8,10,16,20,30,31,33,39,47,48],"killed_by":"Donu and Deca","ascension_level":7}