{"gold_per_floor":[11,61,80,91,109,134,134,159,159,186,186,196,196,211,211,288,288,299,27,38,54,74,109,34,67,139,139,158,158,173,173,173,252,252,266,279,279,279,57,82,82,99,126,171,121,138,168,182,182,182],"floor_reached":50,"playtime":2191,"items_purged":["Strike_R","Decay","Strike_R"],"score":1228,"play_id":"3ca15529-8e93-4c11-8117-46fc39e86fc4","local_time":"20181124112436","is_ascension_mode":true,"campfire_choices":[{"data":"Shockwave","floor":7,"key":"SMITH"},{"data":"Perfected Strike","floor":11,"key":"SMITH"},{"data":"Metallicize","floor":13,"key":"SMITH"},{"data":"Iron Wave","floor":15,"key":"SMITH"},{"data":"Demon Form","floor":27,"key":"SMITH"},{"data":"Inflame","floor":29,"key":"SMITH"},{"data":"Offering","floor":32,"key":"SMITH"},{"data":"Apotheosis","floor":41,"key":"SMITH"},{"data":"Pummel","floor":49,"key":"SMITH"}],"neow_cost":"NO_GOLD","seed_source_timestamp":353066198382769,"circlet_count":0,"master_deck":["AscendersBane","Strike_R","Strike_R","Strike_R","Defend_R","Defend_R","Defend_R","Defend_R","Bash","Shockwave+1","Iron Wave+1","Pummel+1","Cleave","Perfected Strike+1","Thunderclap","Pommel Strike","Metallicize+1","Clash","Demon Form+1","Twin Strike","Inflame+1","Heavy Blade+1","Sword Boomerang+1","Offering+1","Fiend Fire","Clumsy","Shame","Ghostly Armor","Master of Strategy","Apotheosis+1","Shrug It Off+1","Sword Boomerang+1"],"relics":["Burning Blood","FossilizedHelix","Shuriken","Letter Opener","Mummified Hand","Mercury Hourglass","Coffee Dripper","Vajra","Bag of Marbles","Singing Bowl","Sundial","Calling Bell","Smiling Mask","Darkstone Periapt","Nunchaku","Happy Flower","Red Skull","Omamori","Du-Vu Doll","PreservedInsect"],"potions_floor_usage":[6,18,23,25,40,42,50,50],"damage_taken":[{"damage":0,"enemies":"Jaw Worm","floor":1,"turns":4},{"damage":0,"enemies":"Cultist","floor":3,"turns":3},{"damage":0,"enemies":"Small Slimes","floor":4,"turns":4},{"damage":5,"enemies":"3 Louse","floor":5,"turns":4},{"damage":6,"enemies":"Gremlin Nob","floor":6,"turns":5},{"damage":11,"enemies":"Lagavulin","floor":8,"turns":8},{"damage":13,"enemies":"Gremlin Nob","floor":10,"turns":4},{"damage":0,"enemies":"Exordium Wildlife","floor":12,"turns":3},{"damage":0,"enemies":"Large Slime","floor":14,"turns":4},{"damage":0,"enemies":"Slime Boss","floor":16,"turns":8},{"damage":11,"enemies":"Shell Parasite","floor":18,"turns":4},{"damage":0,"enemies":"Chosen","floor":20,"turns":2},{"damage":3,"enemies":"Snecko","floor":21,"turns":4},{"damage":20,"enemies":"Shelled Parasite and Fungi","floor":22,"turns":4},{"damage":0,"enemies":"Slavers","floor":23,"turns":2},{"damage":27,"enemies":"Book of Stabbing","floor":25,"turns":5},{"damage":0,"enemies":"Centurion and Healer","floor":28,"turns":3},{"damage":0,"enemies":"Chosen and Byrds","floor":30,"turns":3},{"damage":26,"enemies":"Champ","floor":33,"turns":5},{"damage":9,"enemies":"3 Darklings","floor":35,"turns":4},{"damage":0,"enemies":"Orb Walker","floor":36,"turns":2},{"damage":20,"enemies":"Reptomancer","floor":40,"turns":4},{"damage":0,"enemies":"Transient","floor":42,"turns":6},{"damage":25,"enemies":"2 Orb Walkers","floor":44,"turns":3},{"damage":3,"enemies":"Jaw Worm Horde","floor":46,"turns":4},{"damage":15,"enemies":"Giant Head","floor":47,"turns":4},{"damage":24,"enemies":"4 Shapes","floor":48,"turns":10},{"damage":67,"enemies":"Awakened One","floor":50,"turns":5}],"seed_played":"-2472065182301847109","potions_obtained":[{"floor":1,"key":"Block Potion"},{"floor":10,"key":"SteroidPotion"},{"floor":12,"key":"Explosive Potion"},{"floor":20,"key":"Swift Potion"},{"floor":22,"key":"Block Potion"},{"floor":25,"key":"Weak Potion"},{"floor":28,"key":"Weak Potion"},{"floor":36,"key":"LiquidBronze"},{"floor":40,"key":"Poison Potion"},{"floor":42,"key":"Swift Potion"},{"floor":48,"key":"Strength Potion"}],"is_trial":false,"path_per_floor":["M","?","M","M","M","E","R","E","T","E","R","M","R","M","R","B",null,"M","$","M","M","M","E","$","E","T","R","M","R","M","?","R","B",null,"M","M","?","?","$","E","R","M","T","?","$","M","E","M","R","B"],"character_chosen":"IRONCLAD","items_purchased":["Vajra","Inflame","Shrug It Off","Happy Flower"],"campfire_rested":0,"item_purchase_floors":[19,19,19,39],"current_hp_per_floor":[74,74,75,75,75,75,75,70,70,63,63,69,69,75,75,75,75,70,70,75,75,61,67,67,48,48,48,54,54,62,62,62,42,70,67,75,75,70,70,56,56,62,62,45,45,50,43,27,27,0],"gold":182,"neow_bonus":"ONE_RARE_RELIC","is_prod":false,"is_daily":false,"chose_seed":false,"campfire_upgraded":9,"win_rate":0,"timestamp":1543055076,"path_taken":["M","?","M","M","M","E","R","E","T","E","R","?","R","M","R","BOSS","M","$","M","M","M","E","$","E","T","R","?","R","M","?","R","BOSS","M","M","?","?","$","E","R","M","T","?","$","M","E","M","R","BOSS"],"build_version":"2018-11-15","purchased_purges":3,"victory":false,"max_hp_per_floor":[75,75,75,75,75,75,75,75,75,75,75,75,75,75,75,75,75,75,75,75,75,75,75,75,77,77,77,77,77,79,79,79,79,79,79,81,81,81,81,81,81,81,81,83,83,85,87,89,89,89],"card_choices":[{"not_picked":["Combust","Armaments"],"picked":"Shockwave","floor":1},{"not_picked":["Fire Breathing","Entrench"],"picked":"Iron Wave","floor":3},{"not_picked":["Rampage","Bloodletting"],"picked":"Pummel","floor":4},{"not_picked":["Entrench","Armaments"],"picked":"Cleave","floor":5},{"not_picked":["Pommel Strike","Intimidate"],"picked":"Perfected Strike","floor":6},{"not_picked":["Juggernaut","Iron Wave"],"picked":"Thunderclap","floor":8},{"not_picked":["Iron Wave","Cleave"],"picked":"Pommel Strike","floor":10},{"not_picked":["Headbutt","Dropkick"],"picked":"Metallicize","floor":12},{"not_picked":["Wild Strike","Heavy Blade"],"picked":"Clash","floor":14},{"not_picked":["Immolate","Feed"],"picked":"Demon Form","floor":16},{"not_picked":["Havoc","Cleave"],"picked":"Twin Strike","floor":18},{"not_picked":["Rupture","Rampage"],"picked":"Heavy Blade+1","floor":20},{"not_picked":["Wild Strike","Seeing Red","Feed"],"picked":"SKIP","floor":21},{"not_picked":["Havoc","Flex+1","Armaments"],"picked":"SKIP","floor":22},{"not_picked":["Burning Pact","Carnage","Feel No Pain"],"picked":"SKIP","floor":23},{"not_picked":["Twin Strike","Havoc+1","Fire Breathing"],"picked":"Singing Bowl","floor":25},{"not_picked":["Metallicize","Shrug It Off"],"picked":"Sword Boomerang+1","floor":28},{"not_picked":["True Grit","Fire Breathing","Thunderclap"],"picked":"Singing Bowl","floor":30},{"not_picked":["Immolate","Barricade"],"picked":"Fiend Fire","floor":33},{"not_picked":["Rage","True Grit"],"picked":"Ghostly Armor","floor":35},{"not_picked":["Clash","Iron Wave","Sentinel+1"],"picked":"Singing Bowl","floor":36},{"not_picked":["Flash of Steel","Deep Breath"],"picked":"Master of Strategy","floor":38},{"not_picked":["Jack Of All Trades","Trip"],"picked":"Apotheosis","floor":38},{"not_picked":["True Grit","Impervious"],"picked":"Shrug It Off+1","floor":40},{"not_picked":["Perfected Strike","Flex"],"picked":"Sword Boomerang+1","floor":42},{"not_picked":["True Grit","Iron Wave+1","Cleave"],"picked":"Singing Bowl","floor":44},{"not_picked":["Reckless Charge","Body Slam+1","Entrench"],"picked":"Singing Bowl","floor":46},{"not_picked":["Bloodletting","Entrench","Havoc+1"],"picked":"Singing Bowl","floor":47},{"not_picked":["Entrench+1","Immolate","Evolve"],"picked":"Singing Bowl","floor":48}],"player_experience":353241,"relics_obtained":[{"floor":6,"key":"Shuriken"},{"floor":8,"key":"Letter Opener"},{"floor":9,"key":"Mummified Hand"},{"floor":10,"key":"Mercury Hourglass"},{"floor":23,"key":"Bag of Marbles"},{"floor":25,"key":"Singing Bowl"},{"floor":26,"key":"Sundial"},{"floor":34,"key":"Smiling Mask"},{"floor":34,"key":"Darkstone Periapt"},{"floor":34,"key":"Nunchaku"},{"floor":40,"key":"Red Skull"},{"floor":43,"key":"Omamori"},{"floor":44,"key":"Du-Vu Doll"},{"floor":47,"key":"PreservedInsect"}],"event_choices":[{"damage_healed":0,"gold_gain":50,"player_choice":"Pray","damage_taken":0,"max_hp_gain":0,"max_hp_loss":0,"event_name":"Golden Shrine","floor":2,"gold_loss":0},{"damage_healed":0,"gold_gain":0,"player_choice":"Read","damage_taken":0,"max_hp_gain":0,"max_hp_loss":0,"event_name":"The Library","floor":31,"gold_loss":0,"cards_obtained":["Offering"]},{"cards_removed":["Shrug It Off"],"damage_healed":0,"gold_gain":0,"player_choice":"Removed Skill","damage_taken":0,"max_hp_gain":0,"max_hp_loss":0,"event_name":"Falling","floor":37,"gold_loss":0},{"damage_healed":0,"gold_gain":0,"player_choice":"Memory 2","damage_taken":5,"max_hp_gain":0,"max_hp_loss":0,"event_name":"SensoryStone","floor":38,"gold_loss":0},{"damage_healed":0,"gold_gain":0,"player_choice":"Fight","damage_taken":0,"max_hp_gain":0,"max_hp_loss":0,"event_name":"Mysterious Sphere","floor":44,"gold_loss":0}],"is_beta":false,"boss_relics":[{"not_picked":["Lizard Tail","Tiny House"],"picked":"Coffee Dripper"},{"not_picked":["Runic Cube","White Beast Statue"],"picked":"Calling Bell"}],"items_purged_floors":[24,39,45],"is_endless":false,"potions_floor_spawned":[1,10,12,14,16,20,22,25,28,33,36,40,42,47,48],"killed_by":"Awakened One","ascension_level":17}