{"gold_per_floor":[360,227,244,257,257,257,272,307,307,307,325,325,359,371,371,446,446,464,191,191,191,208,208,111,139,221,221,19,39,89,189,189,260,260,280,299,299,312,323,323,348,348,394,428,428,463,463,496,496,496,496,496,496,163,193,193],"floor_reached":57,"playtime":2859,"items_purged":["Strike_R","Strike_R","Strike_R","Strike_R"],"score":3492,"play_id":"2be6ca7f-e164-4eab-a25e-b94c669b25e7","local_time":"20190427222059","is_ascension_mode":true,"campfire_choices":[{"data":"Armaments","floor":6.0,"key":"SMITH"},{"floor":10.0,"key":"DIG"},{"floor":12.0,"key":"DIG"},{"data":"Carnage","floor":15.0,"key":"SMITH"},{"floor":23.0,"key":"DIG"},{"floor":27.0,"key":"DIG"},{"data":"Battle Trance","floor":32.0,"key":"SMITH"},{"data":"True Grit","floor":40,"key":"SMITH"},{"data":"Burning Pact","floor":42,"key":"SMITH"},{"floor":45,"key":"DIG"},{"floor":49,"key":"RECALL"},{"floor":53,"key":"DIG"}],"neow_cost":"TEN_PERCENT_HP_LOSS","seed_source_timestamp":8791738489300,"circlet_count":0,"master_deck":["AscendersBane","Defend_R","Defend_R","Defend_R","Defend_R","Bash","Disarm","Armaments+1","Evolve","Burning Pact+1","Shrug It Off","Immolate","Finesse","Body Slam+1","Battle Trance+1","Offering","True Grit+1"],"special_seed":0,"relics":["Black Blood","Shovel","Singing Bowl","Sundial","Omamori","Darkstone Periapt","Busted Crown","Anchor","Art of War","Self Forming Clay","Pantograph","Turnip","FossilizedHelix","Thread and Needle","Letter Opener","Centennial Puzzle","Juzu Bracelet","Bag of Preparation","Oddly Smooth Stone","Smiling Mask","Bottled Lightning","Gremlin Horn","Dodecahedron","Bronze Scales"],"potions_floor_usage":[56],"damage_taken":[{"damage":6.0,"enemies":"Cultist","floor":1.0,"turns":4.0},{"damage":14.0,"enemies":"Small Slimes","floor":3.0,"turns":6.0},{"damage":2.0,"enemies":"Jaw Worm","floor":4.0,"turns":3.0},{"damage":7.0,"enemies":"Exordium Wildlife","floor":7.0,"turns":4.0},{"damage":25.0,"enemies":"Lagavulin","floor":8.0,"turns":8.0},{"damage":7.0,"enemies":"Blue Slaver","floor":11.0,"turns":5.0},{"damage":19.0,"enemies":"3 Sentries","floor":13.0,"turns":12.0},{"damage":4.0,"enemies":"Looter","floor":14.0,"turns":4.0},{"damage":29.0,"enemies":"The Guardian","floor":16.0,"turns":14.0},{"damage":31.0,"enemies":"2 Thieves","floor":18.0,"turns":4.0},{"damage":0.0,"enemies":"Shell Parasite","floor":22.0,"turns":8.0},{"damage":22.0,"enemies":"Book of Stabbing","floor":25.0,"turns":10.0},{"damage":7.0,"enemies":"Snecko","floor":29.0,"turns":5.0},{"damage":0.0,"enemies":"Colosseum Slavers","floor":31.0,"turns":5.0},{"damage":0.0,"enemies":"Colosseum Nobs","floor":31.0,"turns":3.0},{"damage":27.0,"enemies":"Automaton","floor":33.0,"turns":9.0},{"damage":0.0,"enemies":"3 Darklings","floor":35.0,"turns":2.0},{"damage":0.0,"enemies":"3 Shapes","floor":36.0,"turns":2.0},{"damage":28.0,"enemies":"3 Darklings","floor":38.0,"turns":3.0},{"damage":6,"enemies":"Writhing Mass","floor":39,"turns":5},{"damage":7,"enemies":"Giant Head","floor":41,"turns":6},{"damage":8,"enemies":"Reptomancer","floor":44,"turns":5},{"damage":6,"enemies":"Nemesis","floor":46,"turns":3},{"damage":0,"enemies":"Reptomancer","floor":48,"turns":4},{"damage":0,"enemies":"Time Eater","floor":50,"turns":7},{"damage":0,"enemies":"Donu and Deca","floor":51,"turns":3},{"damage":0,"enemies":"Shield and Spear","floor":55,"turns":2},{"damage":0,"enemies":"The Heart","floor":56,"turns":6}],"seed_played":"8307711094206776799","potions_obtained":[{"floor":1.0,"key":"SmokeBomb"},{"floor":8.0,"key":"SpeedPotion"},{"floor":14.0,"key":"Ancient Potion"},{"floor":16.0,"key":"Weak Potion"},{"floor":35.0,"key":"FearPotion"},{"floor":36.0,"key":"Energy Potion"},{"floor":44,"key":"Swift Potion"}],"is_trial":false,"path_per_floor":["M","$","M","M","?","R","M","E","T","R","M","R","E","M","R","B",null,"M","$","?","?","M","R","$","E","T","R","$","M","?","?","R","B",null,"M","M","?","M","M","R","E","R","T","E","R","E","?","E","R","B","B",null,"R","$","E","B",null],"character_chosen":"IRONCLAD","items_purchased":["Armaments","Anchor","Finesse","Battle Trance","Dodecahedron"],"campfire_rested":0,"item_purchase_floors":[2,19,24,28,54],"current_hp_per_floor":[68,68,60,64,64,64,63,44,44,44,43,43,30,34,34,11,55,32,32,32,32,40,40,40,24,24,24,24,25,25,39,39,43,69,80,82,82,64,70,70,75,75,75,79,79,85,85,92,92,92,92,92,92,92,94,94],"gold":193,"neow_bonus":"TWO_FIFTY_GOLD","is_prod":false,"is_daily":false,"chose_seed":false,"campfire_upgraded":5,"win_rate":0,"timestamp":1556374859,"path_taken":["M","$","?","?","?","R","?","E","T","R","M","R","E","M","R","BOSS","M","$","?","?","M","R","?","E","T","R","$","?","?","?","R","BOSS","M","M","?","?","M","R","E","R","T","E","R","E","?","E","R","BOSS","BOSS","R","$","E","BOSS"],"build_version":"2019-04-23","purchased_purges":4,"victory":true,"max_hp_per_floor":[68,68,68,68,68,68,68,68,68,68,68,68,68,70,70,70,70,72,72,72,72,74,74,74,74,74,74,74,76,76,78,78,78,78,80,82,82,82,84,84,86,86,86,88,88,90,90,92,92,92,92,92,92,92,94,94],"card_choices":[{"not_picked":["Pommel Strike","Iron Wave"],"picked":"Disarm","floor":1.0},{"not_picked":["Sword Boomerang","Rage"],"picked":"Carnage","floor":3.0},{"not_picked":["Armaments","Feel No Pain","Heavy Blade"],"picked":"SKIP","floor":4.0},{"not_picked":["Rupture","Blood for Blood","Twin Strike"],"picked":"SKIP","floor":7.0},{"not_picked":["Iron Wave","Thunderclap"],"picked":"Evolve","floor":8.0},{"not_picked":["Juggernaut","Evolve"],"picked":"Burning Pact","floor":11.0},{"not_picked":["Spot Weakness","Rupture"],"picked":"Shrug It Off","floor":13.0},{"not_picked":["Power Through","Flex","Feel No Pain"],"picked":"Singing Bowl","floor":14.0},{"not_picked":["Impervious","Exhume"],"picked":"Immolate","floor":16.0},{"not_picked":["Clash"],"picked":"Singing Bowl","floor":18.0},{"not_picked":["Armaments"],"picked":"Singing Bowl","floor":22.0},{"not_picked":[],"picked":"Body Slam+1","floor":25.0},{"not_picked":["Carnage"],"picked":"Singing Bowl","floor":29.0},{"not_picked":["Dual Wield"],"picked":"Singing Bowl","floor":31.0},{"not_picked":[],"picked":"Offering","floor":33.0},{"not_picked":["Clothesline"],"picked":"Singing Bowl","floor":35.0},{"not_picked":["Power Through"],"picked":"Singing Bowl","floor":36.0},{"not_picked":[],"picked":"True Grit","floor":38.0},{"not_picked":["Flex"],"picked":"Singing Bowl","floor":39},{"not_picked":["Reaper"],"picked":"Singing Bowl","floor":41},{"not_picked":["Sentinel"],"picked":"Singing Bowl","floor":44},{"not_picked":["Metallicize+1"],"picked":"Singing Bowl","floor":46},{"not_picked":["Body Slam"],"picked":"Singing Bowl","floor":48},{"not_picked":["Sever Soul"],"picked":"Singing Bowl","floor":55}],"player_experience":1402742,"relics_obtained":[{"floor":8.0,"key":"Shovel"},{"floor":9.0,"key":"Singing Bowl"},{"floor":10.0,"key":"Sundial"},{"floor":12.0,"key":"Omamori"},{"floor":13.0,"key":"Darkstone Periapt"},{"floor":23.0,"key":"Pantograph"},{"floor":25.0,"key":"Turnip"},{"floor":27.0,"key":"FossilizedHelix"},{"floor":31.0,"key":"Thread and Needle"},{"floor":31.0,"key":"Letter Opener"},{"floor":41,"key":"Centennial Puzzle"},{"floor":43,"key":"Juzu Bracelet"},{"floor":44,"key":"Bag of Preparation"},{"floor":45,"key":"Oddly Smooth Stone"},{"floor":46,"key":"Smiling Mask"},{"floor":48,"key":"Bottled Lightning"},{"floor":53,"key":"Gremlin Horn"},{"floor":55,"key":"Bronze Scales"}],"event_choices":[{"cards_removed":["Strike_R"],"damage_healed":0.0,"max_hp_gain":0.0,"max_hp_loss":0.0,"gold_gain":0.0,"event_name":"Purifier","player_choice":"Purged","floor":5.0,"gold_loss":0.0,"damage_taken":0.0},{"damage_healed":0.0,"max_hp_gain":0.0,"max_hp_loss":0.0,"gold_gain":0.0,"event_name":"Addict","player_choice":"Stole Relic","floor":20.0,"gold_loss":0.0,"damage_taken":0.0,"relics_obtained":["Art of War"],"cards_obtained":["Shame"]},{"damage_healed":0.0,"max_hp_gain":0.0,"max_hp_loss":0.0,"gold_gain":0.0,"event_name":"The Mausoleum","player_choice":"Opened","floor":21.0,"gold_loss":0.0,"damage_taken":0.0,"relics_obtained":["Self Forming Clay"],"cards_obtained":["Writhe"]},{"damage_healed":0.0,"max_hp_gain":0.0,"max_hp_loss":0.0,"gold_gain":50.0,"event_name":"Nest","player_choice":"Stole From Cult","floor":30.0,"gold_loss":0.0,"damage_taken":0.0},{"damage_healed":0.0,"max_hp_gain":0.0,"max_hp_loss":0.0,"gold_gain":0.0,"event_name":"Colosseum","player_choice":"Fight","floor":31.0,"gold_loss":0.0,"damage_taken":0.0},{"damage_healed":0.0,"max_hp_gain":0.0,"max_hp_loss":0.0,"gold_gain":0.0,"event_name":"Colosseum","player_choice":"Fought Nobs","floor":31.0,"gold_loss":0.0,"damage_taken":0.0},{"damage_healed":0.0,"max_hp_gain":0.0,"max_hp_loss":0.0,"gold_gain":0.0,"event_name":"Wheel of Change","player_choice":"Full Heal","floor":37.0,"gold_loss":0.0,"damage_taken":0.0},{"cards_removed":["Carnage"],"damage_healed":0,"gold_gain":0,"player_choice":"Removed Attack","damage_taken":0,"max_hp_gain":0,"max_hp_loss":0,"event_name":"Falling","floor":47,"gold_loss":0}],"is_beta":true,"boss_relics":[{"not_picked":["Runic Cube","White Beast Statue"],"picked":"Busted Crown"},{"not_picked":["Snecko Eye","Fusion Hammer"],"picked":"Black Blood"}],"items_purged_floors":[2,19,28,54],"is_endless":false,"potions_floor_spawned":[1,8,14,16,18,22,31,35,36,39,44,55],"ascension_level":20}