{"gold_per_floor":[110,360,435,11,23,49,224,224,224,249,199,199,224,240,240,240],"floor_reached":16,"playtime":339,"items_purged":["Regret","Doubt"],"score":183,"play_id":"0ac5e9a1-5e52-4f2c-8f26-8e6e712a1ff8","local_time":"25610725005504","is_ascension_mode":true,"campfire_choices":[{"data":"Bash","floor":8,"key":"SMITH"},{"floor":15,"key":"DIG"}],"neow_cost":"NONE","seed_source_timestamp":48032083503684,"circlet_count":0,"master_deck":["Strike_R","Strike_R","Strike_R","Strike_R","Strike_R+1","Defend_R+1","Defend_R","Defend_R+1","Defend_R+1","Bash+1","Shockwave","Flex","Inflame","Dropkick"],"relics":["Burning Blood","NeowsBlessing","Bag of Marbles","HandDrill","Smiling Mask","Letter Opener","Bottled Flame","Shovel","War Paint"],"potions_floor_usage":[10,10,13,16],"damage_taken":[{"damage":0,"enemies":"Small Slimes","floor":1,"turns":1},{"damage":0,"enemies":"Cultist","floor":5,"turns":1},{"damage":0,"enemies":"Lagavulin","floor":6,"turns":1},{"damage":23,"enemies":"3 Sentries","floor":10,"turns":9},{"damage":20,"enemies":"Gremlin Nob","floor":13,"turns":4},{"damage":9,"enemies":"Jaw Worm","floor":14,"turns":2},{"damage":44,"enemies":"Hexaghost","floor":16,"turns":9}],"seed_played":"468327411929129115","potions_obtained":[{"floor":1,"key":"Regen Potion"},{"floor":5,"key":"PowerPotion"},{"floor":6,"key":"AttackPotion"},{"floor":14,"key":"Dexterity Potion"}],"is_trial":false,"path_per_floor":["M","?","?","$","M","E","?","R","T","E","$","?","E","M","R"],"character_chosen":"IRONCLAD","items_purchased":["Bag of Marbles","HandDrill"],"campfire_rested":0,"item_purchase_floors":[4,4],"current_hp_per_floor":[78,78,67,67,73,79,79,79,79,62,62,46,44,41,41,0],"gold":240,"neow_bonus":"THREE_ENEMY_KILL","is_prod":false,"is_daily":false,"chose_seed":false,"campfire_upgraded":1,"win_rate":0,"timestamp":1532454904,"path_taken":["M","?","?","$","M","E","?","R","T","E","$","?","E","M","R","BOSS"],"build_version":"2018-07-19v2","purchased_purges":2,"victory":false,"max_hp_per_floor":[80,80,80,80,80,80,80,80,80,80,80,80,80,80,80,80],"card_choices":[{"not_picked":["Dropkick","Havoc"],"picked":"Shockwave","floor":1},{"not_picked":["Warcry","Sever Soul"],"picked":"Flex","floor":5},{"not_picked":["Disarm","Flex","Rupture"],"picked":"SKIP","floor":6},{"not_picked":["Power Through","Bloodletting"],"picked":"Inflame","floor":10},{"not_picked":["Hemokinesis","Cleave"],"picked":"Dropkick","floor":13},{"not_picked":["Cleave","Headbutt","Anger"],"picked":"SKIP","floor":14}],"player_experience":136750,"relics_obtained":[{"floor":6,"key":"Smiling Mask"},{"floor":9,"key":"Letter Opener"},{"floor":10,"key":"Bottled Flame"},{"floor":13,"key":"Shovel"},{"floor":15,"key":"War Paint"}],"event_choices":[{"event_name":"Golden Shrine","player_choice":"Desecrate","floor":2,"damage_taken":0},{"event_name":"World of Goop","player_choice":"Gather Gold","floor":3,"damage_taken":0},{"event_name":"Liars Game","player_choice":"agreed","floor":7,"damage_taken":0},{"event_name":"Shining Light","player_choice":"Entered Light","floor":12,"damage_taken":0}],"is_beta":false,"boss_relics":[],"items_purged_floors":[4,11],"is_endless":false,"potions_floor_spawned":[1,5,6,14],"killed_by":"Hexaghost","ascension_level":6}