{"gold_per_floor":[119,132,132,132,57,57,88,88,88,33,33,43,63,73,73,151,151,166,166,178,188,208,208,208,208,208,208,238,238,3,18,18,89,89,105,105,125,145,157,190,190,224,276,11,11,29,57,57,57,57,57,57,57,15,15],"floor_reached":55,"playtime":3344,"items_purged":["Strike_G+1","Parasite"],"score":2250,"play_id":"6a3ded18-4cb2-4435-873a-134537532633","local_time":"20190405005953","is_ascension_mode":true,"campfire_choices":[{"data":"Dagger Spray","floor":6.0,"key":"SMITH"},{"floor":8.0,"key":"REST"},{"data":"Finisher","floor":11.0,"key":"SMITH"},{"data":"Acrobatics","floor":15.0,"key":"SMITH"},{"data":"Tactician","floor":23.0,"key":"SMITH"},{"data":"Envenom","floor":25.0,"key":"SMITH"},{"data":"Neutralize","floor":27.0,"key":"SMITH"},{"data":"Well Laid Plans","floor":32.0,"key":"SMITH"},{"data":"Calculated Gamble","floor":41.0,"key":"SMITH"},{"data":"Acrobatics","floor":45.0,"key":"SMITH"},{"floor":49.0,"key":"RECALL"},{"data":"Ghostly","floor":53,"key":"SMITH"}],"neow_cost":"PERCENT_DAMAGE","seed_source_timestamp":0,"circlet_count":0,"master_deck":["AscendersBane","Defend_G+1","Defend_G+1","Defend_G+1","Defend_G+1","Strike_G+1","Strike_G+1","Survivor","Neutralize+1","Finisher+1","Dagger Spray+1","Tactician+1","Infinite Blades","Acrobatics+1","Envenom+1","Blur+1","Dodge and Roll+1","Ghostly","Ghostly+1","Ghostly","Concentrate+1","Calculated Gamble+1","Well Laid Plans+1","Backflip","Acrobatics+1","Cloak And Dagger+1","After Image","Cloak And Dagger+1"],"special_seed":0,"relics":["Ring of the Snake","Snake Skull","Kunai","Runic Dome","Pantograph","Orichalcum","Philosopher\u0027s Stone","FaceOfCleric","Regal Pillow","Toxic Egg 2","The Courier"],"potions_floor_usage":[],"damage_taken":[{"damage":8.0,"enemies":"Cultist","floor":1.0,"turns":5.0},{"damage":0.0,"enemies":"Jaw Worm","floor":2.0,"turns":3.0},{"damage":35.0,"enemies":"Lagavulin","floor":7.0,"turns":7.0},{"damage":2.0,"enemies":"2 Louse","floor":12.0,"turns":2.0},{"damage":0.0,"enemies":"Blue Slaver","floor":13.0,"turns":3.0},{"damage":1.0,"enemies":"Looter","floor":14.0,"turns":4.0},{"damage":13.0,"enemies":"Slime Boss","floor":16.0,"turns":11.0},{"damage":23.0,"enemies":"Spheric Guardian","floor":18.0,"turns":5.0},{"damage":3.0,"enemies":"Shell Parasite","floor":20.0,"turns":8.0},{"damage":9.0,"enemies":"Shelled Parasite and Fungi","floor":21.0,"turns":8.0},{"damage":0.0,"enemies":"Sentry and Sphere","floor":22.0,"turns":4.0},{"damage":3.0,"enemies":"Slavers","floor":28.0,"turns":5.0},{"damage":10.0,"enemies":"Colosseum Slavers","floor":29.0,"turns":5.0},{"damage":0.0,"enemies":"Centurion and Healer","floor":31.0,"turns":6.0},{"damage":0.0,"enemies":"Champ","floor":33.0,"turns":18.0},{"damage":0.0,"enemies":"Orb Walker","floor":35.0,"turns":4.0},{"damage":0.0,"enemies":"3 Darklings","floor":37.0,"turns":4.0},{"damage":0.0,"enemies":"Jaw Worm Horde","floor":38.0,"turns":5.0},{"damage":0.0,"enemies":"Writhing Mass","floor":39.0,"turns":6.0},{"damage":0.0,"enemies":"Giant Head","floor":40.0,"turns":9.0},{"damage":0.0,"enemies":"Reptomancer","floor":42.0,"turns":6.0},{"damage":0.0,"enemies":"3 Darklings","floor":46.0,"turns":4.0},{"damage":0.0,"enemies":"Nemesis","floor":47.0,"turns":9.0},{"damage":32,"enemies":"Time Eater","floor":50,"turns":16},{"damage":0,"enemies":"Awakened One","floor":51,"turns":13},{"damage":36,"enemies":"Shield and Spear","floor":55,"turns":2}],"seed_played":"6289605981673763392","potions_obtained":[{"floor":1.0,"key":"GamblersBrew"},{"floor":2.0,"key":"LiquidBronze"},{"floor":13.0,"key":"GamblersBrew"},{"floor":20.0,"key":"AttackPotion"},{"floor":21.0,"key":"Strength Potion"},{"floor":33.0,"key":"Strength Potion"},{"floor":35.0,"key":"Explosive Potion"},{"floor":38.0,"key":"Swift Potion"},{"floor":39.0,"key":"Fire Potion"}],"is_trial":false,"path_per_floor":["M","M","?","?","?","R","E","R","T","$","R","M","M","M","R","B",null,"M","?","M","M","M","R","?","R","T","R","E","?","$","M","R","B",null,"M","?","M","M","M","E","R","E","T","$","R","M","E","?","R","B","B",null,"R","$","E"],"character_chosen":"THE_SILENT","items_purchased":["SteroidPotion","Calculated Gamble","Well Laid Plans","After Image","Cloak And Dagger+1"],"campfire_rested":1,"item_purchase_floors":[10,30,30,44,54],"current_hp_per_floor":[36,36,36,36,36,36,1,20,20,20,20,18,18,17,17,4,51,28,28,25,16,16,16,16,16,16,16,13,3,3,3,3,28,32,32,32,33,34,35,36,36,37,37,35,35,36,37,35,35,4,30,35,35,35,0],"gold":15,"neow_bonus":"REMOVE_TWO","is_prod":false,"is_daily":false,"chose_seed":false,"campfire_upgraded":10,"win_rate":0,"timestamp":1554397193,"path_taken":["M","M","?","?","?","R","E","R","T","?","R","M","?","M","R","BOSS","M","?","M","M","M","R","?","R","T","R","E","?","$","M","R","BOSS","M","?","M","?","M","E","R","E","T","$","R","M","E","?","R","BOSS","BOSS","R","$","E"],"build_version":"2019-01-23","purchased_purges":2,"victory":false,"max_hp_per_floor":[66,66,66,66,66,66,66,66,66,66,66,66,66,66,66,66,66,66,66,66,66,66,66,33,33,33,33,33,33,33,33,33,33,33,33,33,34,35,36,37,37,38,38,35,35,36,37,35,35,36,37,37,37,37,37],"card_choices":[{"not_picked":["Calculated Gamble","Prepared"],"picked":"Finisher","floor":1.0},{"not_picked":["Eviscerate","Dagger Throw"],"picked":"Dagger Spray","floor":2.0},{"not_picked":["Dagger Throw","Calculated Gamble"],"picked":"Tactician","floor":7.0},{"not_picked":["Sucker Punch","Well Laid Plans"],"picked":"Infinite Blades","floor":12.0},{"not_picked":["Deflect","Flying Knee"],"picked":"Acrobatics","floor":13.0},{"not_picked":["Bouncing Flask","Predator","Bane"],"picked":"SKIP","floor":14.0},{"not_picked":["Glass Knife","Wraith Form v2"],"picked":"Envenom","floor":16.0},{"not_picked":["Backflip","Blade Dance"],"picked":"Blur+1","floor":18.0},{"not_picked":["Prepared","Dagger Spray","Bane"],"picked":"SKIP","floor":20.0},{"not_picked":["Slice","Blur"],"picked":"Dodge and Roll+1","floor":21.0},{"not_picked":["Dagger Spray","Predator","Finisher"],"picked":"SKIP","floor":22.0},{"not_picked":["Endless Agony","A Thousand Cuts"],"picked":"Concentrate+1","floor":28.0},{"not_picked":["Dagger Throw","Flying Knee+1","Underhanded Strike"],"picked":"SKIP","floor":31.0},{"not_picked":["Dagger Throw","Flying Knee+1","Underhanded Strike"],"picked":"SKIP","floor":31.0},{"not_picked":["Quick Slash","Terror"],"picked":"Backflip","floor":35.0},{"not_picked":["Poisoned Stab+1","Bane","Deadly Poison+1"],"picked":"SKIP","floor":37.0},{"not_picked":["Poisoned Stab+1","Bane","Deadly Poison+1"],"picked":"SKIP","floor":37.0},{"not_picked":["Distraction","Slice","Deflect"],"picked":"SKIP","floor":38.0},{"not_picked":["Bane+1","Crippling Poison"],"picked":"Acrobatics","floor":39.0},{"not_picked":["Heel Hook","Outmaneuver","Infinite Blades"],"picked":"SKIP","floor":40.0},{"not_picked":["Dagger Spray+1","Sucker Punch"],"picked":"Cloak And Dagger","floor":42.0},{"not_picked":["Dagger Throw","Concentrate+1","Skewer+1"],"picked":"SKIP","floor":46.0},{"not_picked":["Dagger Throw","Concentrate+1","Skewer+1"],"picked":"SKIP","floor":46.0},{"not_picked":["Underhanded Strike","Blade Dance+1","Slice+1"],"picked":"SKIP","floor":47.0}],"player_experience":2924063,"relics_obtained":[{"floor":7.0,"key":"Snake Skull"},{"floor":9.0,"key":"Kunai"},{"floor":26.0,"key":"Pantograph"},{"floor":28.0,"key":"Orichalcum"},{"floor":40.0,"key":"Regal Pillow"},{"floor":42.0,"key":"Toxic Egg 2"},{"floor":47.0,"key":"The Courier"}],"event_choices":[{"damage_healed":0.0,"max_hp_gain":0.0,"max_hp_loss":0.0,"gold_gain":0.0,"event_name":"Scrap Ooze","player_choice":"Fled","floor":3.0,"gold_loss":0.0,"damage_taken":0.0},{"damage_healed":0.0,"max_hp_gain":0.0,"max_hp_loss":0.0,"gold_gain":0.0,"event_name":"Liars Game","player_choice":"Ignored","floor":4.0,"gold_loss":0.0,"damage_taken":0.0},{"cards_removed":["Strike_G"],"damage_healed":0.0,"max_hp_gain":0.0,"max_hp_loss":0.0,"gold_gain":0.0,"event_name":"The Cleric","player_choice":"Card Removal","floor":5.0,"gold_loss":75.0,"damage_taken":0.0},{"damage_healed":0.0,"max_hp_gain":0.0,"max_hp_loss":0.0,"gold_gain":0.0,"event_name":"Back to Basics","player_choice":"Simplicity","floor":19.0,"gold_loss":0.0,"damage_taken":0.0,"cards_upgraded":["Defend_G","Defend_G","Defend_G","Defend_G","Strike_G","Strike_G","Strike_G"]},{"damage_healed":0.0,"max_hp_gain":0.0,"max_hp_loss":33.0,"gold_gain":0.0,"event_name":"Ghosts","player_choice":"Became a Ghost","floor":24.0,"gold_loss":0.0,"damage_taken":0.0,"cards_obtained":["Ghostly","Ghostly","Ghostly"]},{"damage_healed":0.0,"max_hp_gain":0.0,"max_hp_loss":0.0,"gold_gain":0.0,"event_name":"Colosseum","player_choice":"Fight","floor":29.0,"gold_loss":0.0,"damage_taken":0.0},{"damage_healed":0.0,"max_hp_gain":0.0,"max_hp_loss":0.0,"gold_gain":0.0,"event_name":"Colosseum","player_choice":"Fled From Nobs","floor":29.0,"gold_loss":0.0,"damage_taken":0.0},{"damage_healed":0.0,"max_hp_gain":0.0,"max_hp_loss":0.0,"gold_gain":0.0,"event_name":"FaceTrader","player_choice":"Trade","floor":36.0,"gold_loss":0.0,"damage_taken":0.0,"relics_obtained":["FaceOfCleric"]},{"damage_healed":0.0,"max_hp_gain":0.0,"max_hp_loss":2.0,"gold_gain":0.0,"event_name":"Winding Halls","player_choice":"Max HP","floor":48.0,"gold_loss":0.0,"damage_taken":0.0}],"is_beta":false,"boss_relics":[{"not_picked":["Orrery","Black Star"],"picked":"Runic Dome"},{"not_picked":["White Beast Statue","HoveringKite"],"picked":"Philosopher\u0027s Stone"}],"items_purged_floors":[30,44],"is_endless":false,"potions_floor_spawned":[1,2,13,20,21,33,35,38,39],"killed_by":"Shield and Spear","ascension_level":20}