{"gold_per_floor":[110,126,126,142,152,152,177,195,195,195,221,221,256,272,272,349,349,269,269,269,269,269,269,269,269,269,269,269,269,269,269,269,269,269,269,269,47,47,47,47,47,47,47,47,47,47,47,47,47,47,47,47,47,47,47,47],"floor_reached":57,"playtime":4825,"items_purged":[],"score":3148,"play_id":"66b87e6d-0a77-4a27-b9b1-3929633dc4ac","local_time":"20190118105435","daily_mods":["SealedDeck","DeadlyEvents","Elite Swarm"],"is_ascension_mode":true,"campfire_choices":[{"data":"Hemokinesis","floor":6,"key":"SMITH"},{"data":"Rage","floor":10,"key":"SMITH"},{"data":"Shockwave","floor":12,"key":"SMITH"},{"data":"Flame Barrier","floor":15,"key":"SMITH"},{"data":"Feed","floor":24,"key":"SMITH"},{"data":"Barricade","floor":30,"key":"SMITH"},{"data":"Dark Embrace","floor":32,"key":"SMITH"},{"floor":41,"key":"RECALL"},{"floor":49,"key":"REST"},{"data":"Spot Weakness","floor":53,"key":"SMITH"}],"neow_cost":"","seed_source_timestamp":0,"circlet_count":0,"master_deck":["AscendersBane","Shrug It Off","Twin Strike","Shockwave+1","Flame Barrier+1","Pommel Strike","Clothesline","Headbutt","Shrug It Off","Hemokinesis+1","Whirlwind","Spot Weakness+1","Feed+1","Impervious+1","Limit Break+1","Exhume+1","True Grit+1","Disarm+1","Exhume+1","Dark Embrace+1","Barricade+1","Offering+1","Apotheosis+1","True Grit+1","Exhume+1","Offering+1","Feel No Pain+1","Heavy Blade+1","Uppercut+1","Reaper+1"],"relics":["Burning Blood","Pocketwatch","Strawberry","Toxic Egg 2","Magic Flower","Pen Nib","Ectoplasm","Red Mask","Dream Catcher","Bronze Scales","Thread and Needle","Ginger","Centennial Puzzle","Empty Cage","Potion Belt","Singing Bowl","Bird Faced Urn","Molten Egg 2","Unceasing Top","Orichalcum"],"potions_floor_usage":[11,13,22,23,27,45,50,56,56,56],"damage_taken":[{"damage":0,"enemies":"2 Louse","floor":1,"turns":2},{"damage":1,"enemies":"Jaw Worm","floor":2,"turns":4},{"damage":0,"enemies":"Small Slimes","floor":4,"turns":4},{"damage":0,"enemies":"Blue Slaver","floor":5,"turns":4},{"damage":9,"enemies":"3 Sentries","floor":7,"turns":7},{"damage":14,"enemies":"Exordium Wildlife","floor":8,"turns":4},{"damage":14,"enemies":"Lagavulin","floor":11,"turns":6},{"damage":2,"enemies":"3 Sentries","floor":13,"turns":4},{"damage":0,"enemies":"3 Louse","floor":14,"turns":2},{"damage":29,"enemies":"Slime Boss","floor":16,"turns":10},{"damage":2,"enemies":"2 Thieves","floor":18,"turns":4},{"damage":2,"enemies":"Shell Parasite","floor":19,"turns":4},{"damage":2,"enemies":"Chosen and Byrds","floor":20,"turns":5},{"damage":7,"enemies":"Centurion and Healer","floor":21,"turns":7},{"damage":18,"enemies":"Masked Bandits","floor":22,"turns":4},{"damage":7,"enemies":"Book of Stabbing","floor":23,"turns":8},{"damage":14,"enemies":"Slavers","floor":27,"turns":8},{"damage":3,"enemies":"Shelled Parasite and Fungi","floor":28,"turns":6},{"damage":6,"enemies":"Book of Stabbing","floor":29,"turns":7},{"damage":2,"enemies":"Gremlin Leader","floor":31,"turns":10},{"damage":8,"enemies":"Collector","floor":33,"turns":10},{"damage":10,"enemies":"3 Shapes","floor":35,"turns":4},{"damage":6,"enemies":"3 Darklings","floor":38,"turns":6},{"damage":6,"enemies":"4 Shapes","floor":39,"turns":9},{"damage":0,"enemies":"Nemesis","floor":40,"turns":11},{"damage":39,"enemies":"Reptomancer","floor":42,"turns":11},{"damage":44,"enemies":"Nemesis","floor":44,"turns":7},{"damage":13,"enemies":"Spire Growth","floor":45,"turns":8},{"damage":42,"enemies":"Reptomancer","floor":46,"turns":8},{"damage":14,"enemies":"3 Darklings","floor":47,"turns":5},{"damage":34,"enemies":"Jaw Worm Horde","floor":48,"turns":4},{"damage":23,"enemies":"Awakened One","floor":50,"turns":12},{"damage":27,"enemies":"Time Eater","floor":51,"turns":12},{"damage":53,"enemies":"Shield and Spear","floor":55,"turns":8},{"damage":108,"enemies":"The Heart","floor":56,"turns":12}],"seed_played":"-1626781224378141120","potions_obtained":[{"floor":2,"key":"SkillPotion"},{"floor":7,"key":"Fruit Juice"},{"floor":11,"key":"Block Potion"},{"floor":16,"key":"Swift Potion"},{"floor":18,"key":"Block Potion"},{"floor":22,"key":"FearPotion"},{"floor":33,"key":"PowerPotion"},{"floor":35,"key":"Strength Potion"},{"floor":39,"key":"Regen Potion"},{"floor":45,"key":"Explosive Potion"},{"floor":47,"key":"PowerPotion"}],"is_trial":true,"path_per_floor":["M","M","?","M","M","R","E","M","T","R","E","R","E","M","R","B",null,"M","M","M","M","?","E","R","?","T","E","M","E","R","E","R","B",null,"M","?","$","M","M","E","R","E","T","E","M","E","M","M","R","B","B",null,"R","$","E","B",null],"character_chosen":"IRONCLAD","items_purchased":["Potion Belt","PowerPotion"],"campfire_rested":1,"item_purchase_floors":[37,37],"current_hp_per_floor":[74,75,70,75,75,75,79,74,74,74,74,74,86,95,95,80,94,102,105,108,114,115,122,122,122,122,123,131,135,135,139,139,139,139,151,151,151,155,163,169,169,145,145,124,158,134,141,143,204,205,202,210,210,210,181,126],"gold":47,"neow_bonus":"","is_prod":false,"is_daily":false,"chose_seed":false,"campfire_upgraded":8,"win_rate":0,"timestamp":1547837675,"path_taken":["M","M","?","M","M","R","E","?","T","R","E","R","E","M","R","BOSS","M","M","M","M","?","E","R","?","T","E","M","E","R","E","R","BOSS","M","?","$","M","M","E","R","E","T","E","M","E","M","M","R","BOSS","BOSS","R","$","E","BOSS"],"build_version":"2019-01-17v2","purchased_purges":0,"victory":true,"max_hp_per_floor":[75,75,75,75,75,75,82,85,85,85,93,93,96,96,96,99,99,102,105,108,114,120,123,123,123,123,127,131,135,135,139,139,139,139,151,151,151,155,163,169,169,173,173,179,185,189,193,205,205,209,213,213,213,213,217,217],"card_choices":[{"not_picked":["Perfected Strike","Iron Wave"],"picked":"Hemokinesis","floor":1},{"not_picked":["Sword Boomerang","Flex","Perfected Strike"],"picked":"SKIP","floor":2},{"not_picked":["Shrug It Off","Battle Trance"],"picked":"Whirlwind","floor":4},{"not_picked":["Rampage","Flame Barrier"],"picked":"Spot Weakness","floor":5},{"not_picked":["Reaper","Exhume"],"picked":"Feed","floor":7},{"not_picked":["Clash","Cleave","Pommel Strike"],"picked":"SKIP","floor":8},{"not_picked":["Brutality","Demon Form"],"picked":"Impervious+1","floor":11},{"not_picked":["Feed","Dark Embrace"],"picked":"Limit Break+1","floor":13},{"not_picked":["Twin Strike","Blood for Blood","Havoc+1"],"picked":"SKIP","floor":14},{"not_picked":["Offering+1","Dark Embrace"],"picked":"Exhume+1","floor":16},{"not_picked":["Wild Strike","Rupture","Pummel"],"picked":"SKIP","floor":18},{"not_picked":["Pommel Strike","Havoc+1"],"picked":"True Grit+1","floor":19},{"not_picked":["Heavy Blade","Armaments+1"],"picked":"Disarm+1","floor":20},{"not_picked":["Havoc+1","Rampage","Shockwave+1"],"picked":"SKIP","floor":21},{"not_picked":["Double Tap+1","Brutality"],"picked":"Exhume+1","floor":23},{"not_picked":["Immolate","Demon Form"],"picked":"Dark Embrace","floor":27},{"not_picked":["Perfected Strike","Body Slam","Shrug It Off+1"],"picked":"SKIP","floor":28},{"not_picked":["Berserk","Bludgeon"],"picked":"Barricade","floor":29},{"not_picked":["Offering+1","Barricade","Immolate"],"picked":"SKIP","floor":31},{"not_picked":["Barricade","Immolate"],"picked":"Offering+1","floor":31},{"not_picked":["Sentinel+1","Power Through+1","Second Wind+1"],"picked":"SKIP","floor":35},{"not_picked":["Dark Shackles+1","Flash of Steel"],"picked":"Apotheosis+1","floor":36},{"not_picked":["Clothesline","True Grit+1","Carnage+1"],"picked":"SKIP","floor":38},{"not_picked":["Thunderclap","Shrug It Off+1"],"picked":"True Grit+1","floor":39},{"not_picked":["Offering+1","Immolate","Dark Embrace"],"picked":"Singing Bowl","floor":40},{"not_picked":["Bludgeon","Immolate"],"picked":"Exhume+1","floor":42},{"not_picked":["Feed","Exhume+1","Bludgeon"],"picked":"Singing Bowl","floor":44},{"not_picked":["Rampage+1","Metallicize","Fire Breathing"],"picked":"Singing Bowl","floor":45},{"not_picked":["Brutality","Immolate+1"],"picked":"Offering+1","floor":46},{"not_picked":["Thunderclap+1","Combust+1"],"picked":"Feel No Pain+1","floor":47},{"not_picked":["Twin Strike+1","Clash+1"],"picked":"Heavy Blade+1","floor":48},{"not_picked":["Anger+1","Blood for Blood+1"],"picked":"Uppercut+1","floor":49},{"not_picked":["Limit Break+1","Demon Form"],"picked":"Reaper+1","floor":55}],"player_experience":1999240,"relics_obtained":[{"floor":7,"key":"Strawberry"},{"floor":9,"key":"Toxic Egg 2"},{"floor":11,"key":"Magic Flower"},{"floor":13,"key":"Pen Nib"},{"floor":22,"key":"Red Mask"},{"floor":23,"key":"Dream Catcher"},{"floor":26,"key":"Bronze Scales"},{"floor":27,"key":"Thread and Needle"},{"floor":29,"key":"Ginger"},{"floor":31,"key":"Centennial Puzzle"},{"floor":40,"key":"Singing Bowl"},{"floor":42,"key":"Bird Faced Urn"},{"floor":44,"key":"Molten Egg 2"},{"floor":46,"key":"Unceasing Top"},{"floor":55,"key":"Orichalcum"}],"event_choices":[{"damage_healed":0,"gold_gain":0,"player_choice":"Success","damage_taken":5,"relics_obtained":["Pocketwatch"],"max_hp_gain":0,"max_hp_loss":0,"event_name":"Scrap Ooze","floor":3,"gold_loss":0},{"damage_healed":0,"gold_gain":0,"player_choice":"Fought Bandits","damage_taken":0,"max_hp_gain":0,"max_hp_loss":0,"event_name":"Masked Bandits","floor":22,"gold_loss":0},{"damage_healed":0,"gold_gain":50,"player_choice":"Stole From Cult","damage_taken":0,"max_hp_gain":0,"max_hp_loss":0,"event_name":"Nest","floor":25,"gold_loss":0},{"damage_healed":0,"gold_gain":0,"player_choice":"Memory 1","damage_taken":0,"max_hp_gain":0,"max_hp_loss":0,"event_name":"SensoryStone","floor":36,"gold_loss":0}],"is_beta":false,"boss_relics":[{"not_picked":["Calling Bell","Runic Dome"],"picked":"Ectoplasm"},{"not_picked":["Runic Pyramid","Sozu"],"picked":"Empty Cage"}],"items_purged_floors":[],"is_endless":false,"potions_floor_spawned":[2,7,11,16,18,19,21,22,33,35,39,44,45,46,47],"ascension_level":20}