{"gold_per_floor":[109,109,109,126,126,159,178,178,231,231,181,181,195,212,212,317,317,329,329,22,22,22,22,22,55,55,73,105,105,130,229,229,327,327,346,28,83,95,108,108,124,124,124,158,184,194,207,235,235,235],"floor_reached":51,"playtime":2013,"items_purged":["Defend_G"],"score":936,"play_id":"dec1486e-6fe5-4017-97d0-bc02af85f4fa","local_time":"25620320234029","is_ascension_mode":false,"campfire_choices":[{"data":"Bouncing Flask","floor":8,"key":"SMITH"},{"data":"Blur","floor":10,"key":"SMITH"},{"data":"After Image","floor":15,"key":"SMITH"},{"data":"A Thousand Cuts","floor":23,"key":"SMITH"},{"data":"Footwork","floor":29,"key":"SMITH"},{"data":"Well Laid Plans","floor":32,"key":"SMITH"},{"data":"Footwork","floor":40,"key":"SMITH"},{"data":"Adrenaline","floor":42,"key":"SMITH"},{"data":"After Image","floor":49,"key":"SMITH"}],"neow_cost":"NONE","seed_source_timestamp":24893718366390,"circlet_count":0,"master_deck":["Defend_G","Defend_G","Defend_G","Survivor","Neutralize+1","Blur+1","Backstab","Bouncing Flask+1","Infinite Blades+1","Backflip","After Image+1","A Thousand Cuts+1","Well Laid Plans+1","Bite","Bite","Bite","Bite","Bite","Bullet Time+1","Blind","Adrenaline+1","Backstab+1","Footwork+1","Prepared+1","Envenom","Dodge and Roll+1","Footwork+1","After Image+1","Distraction+1"],"relics":["Ring of the Snake","NeowsBlessing","Juzu Bracelet","Regal Pillow","Mummified Hand","PreservedInsect","Empty Cage","Bag of Marbles","Nilry\u0027s Codex","Letter Opener","Molten Egg 2","Omamori","Pantograph","Busted Crown","Bottled Tornado","Tough Bandages","Dream Catcher","Dodecahedron","Happy Flower","War Paint"],"potions_floor_usage":[16,16,30,33,50,50,50],"damage_taken":[{"damage":0,"enemies":"2 Louse","floor":1,"turns":1},{"damage":0,"enemies":"Jaw Worm","floor":4,"turns":1},{"damage":0,"enemies":"3 Sentries","floor":6,"turns":1},{"damage":3,"enemies":"Cultist","floor":7,"turns":3},{"damage":2,"enemies":"Looter","floor":13,"turns":3},{"damage":2,"enemies":"Blue Slaver","floor":14,"turns":3},{"damage":9,"enemies":"Slime Boss","floor":16,"turns":14},{"damage":11,"enemies":"2 Thieves","floor":18,"turns":4},{"damage":0,"enemies":"Gremlin Leader","floor":25,"turns":5},{"damage":0,"enemies":"Shell Parasite","floor":27,"turns":4},{"damage":0,"enemies":"Book of Stabbing","floor":28,"turns":4},{"damage":10,"enemies":"Slavers","floor":30,"turns":3},{"damage":0,"enemies":"Automaton","floor":33,"turns":8},{"damage":1,"enemies":"3 Darklings","floor":35,"turns":3},{"damage":36,"enemies":"2 Orb Walkers","floor":37,"turns":6},{"damage":0,"enemies":"Orb Walker","floor":38,"turns":3},{"damage":3,"enemies":"Spire Growth","floor":39,"turns":4},{"damage":7,"enemies":"3 Darklings","floor":41,"turns":9},{"damage":21,"enemies":"Reptomancer","floor":44,"turns":6},{"damage":10,"enemies":"Sphere and 2 Shapes","floor":46,"turns":6},{"damage":15,"enemies":"Jaw Worm Horde","floor":47,"turns":5},{"damage":0,"enemies":"Giant Head","floor":48,"turns":7},{"damage":15,"enemies":"Time Eater","floor":50,"turns":11}],"seed_played":"5737564194457260729","potions_obtained":[{"floor":1,"key":"SkillPotion"},{"floor":6,"key":"Explosive Potion"},{"floor":7,"key":"Regen Potion"},{"floor":14,"key":"Dexterity Potion"},{"floor":18,"key":"Ancient Potion"},{"floor":28,"key":"Explosive Potion"},{"floor":30,"key":"GamblersBrew"},{"floor":39,"key":"Block Potion"},{"floor":41,"key":"PowerPotion"}],"is_trial":false,"path_per_floor":["M","?","T","M","?","E","M","R","T","R","?","?","M","M","R","B",null,"M","?","$","?","?","R","?","E","T","M","E","R","E","?","R","B",null,"M","$","?","M","M","R","M","R","T","E","T","M","M","E","R","B",null],"character_chosen":"THE_SILENT","items_purchased":["Bullet Time","Blind","Footwork","Bottled Tornado"],"campfire_rested":0,"item_purchase_floors":[20,20,36,36],"current_hp_per_floor":[70,70,70,70,70,70,67,67,67,67,67,67,65,63,63,54,70,59,49,49,49,33,33,33,41,41,49,49,49,47,47,47,49,49,49,49,25,31,36,36,47,47,47,38,38,38,33,47,47,46],"gold":235,"neow_bonus":"THREE_ENEMY_KILL","is_prod":false,"is_daily":false,"chose_seed":false,"campfire_upgraded":9,"win_rate":0.0,"timestamp":1553100029,"path_taken":["M","?","?","M","?","E","M","R","T","R","?","?","M","M","R","BOSS","M","?","$","?","?","R","?","E","T","M","E","R","E","?","R","BOSS","M","$","?","M","M","R","M","R","T","E","?","M","M","E","R","BOSS"],"build_version":"2019-01-23","purchased_purges":1,"victory":true,"max_hp_per_floor":[70,70,70,70,70,70,70,70,70,70,70,70,70,70,70,70,70,70,49,49,49,49,49,49,49,49,49,49,49,49,49,49,49,49,49,49,49,49,49,49,49,49,49,49,49,49,49,49,49,49],"card_choices":[{"not_picked":["Prepared","Deflect"],"picked":"Blur","floor":1},{"not_picked":["Flying Knee","Underhanded Strike"],"picked":"Backstab","floor":4},{"not_picked":["Backflip","Tactician"],"picked":"Bouncing Flask","floor":6},{"not_picked":["Distraction","PiercingWail"],"picked":"Infinite Blades","floor":7},{"not_picked":["Deflect","Slice"],"picked":"Backflip","floor":13},{"not_picked":["Terror","Dodge and Roll"],"picked":"After Image","floor":14},{"not_picked":["Die Die Die","Venomology"],"picked":"A Thousand Cuts","floor":16},{"not_picked":["Flechettes","Sucker Punch"],"picked":"Well Laid Plans","floor":18},{"not_picked":["Flying Knee+1","Acrobatics+1"],"picked":"Adrenaline","floor":25},{"not_picked":["Deadly Poison+1","Slice+1"],"picked":"Backstab+1","floor":27},{"not_picked":["Acrobatics","Finisher+1"],"picked":"Footwork","floor":28},{"not_picked":["Quick Slash+1","Prepared","Dash+1"],"picked":"SKIP","floor":30},{"not_picked":["Quick Slash+1","Dash+1"],"picked":"Prepared","floor":30},{"not_picked":["Wraith Form v2","Bullet Time"],"picked":"Envenom","floor":33},{"not_picked":[],"picked":"Dodge and Roll+1","floor":35},{"not_picked":["Endless Agony+1"],"picked":"SKIP","floor":38},{"not_picked":["Flying Knee+1"],"picked":"SKIP","floor":39},{"not_picked":["Choke+1"],"picked":"SKIP","floor":41},{"not_picked":["Poisoned Stab+1"],"picked":"SKIP","floor":44},{"not_picked":[],"picked":"After Image","floor":46},{"not_picked":["Flying Knee+1"],"picked":"SKIP","floor":47},{"not_picked":[],"picked":"Distraction+1","floor":48}],"player_experience":3533,"relics_obtained":[{"floor":3,"key":"Juzu Bracelet"},{"floor":6,"key":"Mummified Hand"},{"floor":9,"key":"PreservedInsect"},{"floor":22,"key":"Nilry\u0027s Codex"},{"floor":25,"key":"Letter Opener"},{"floor":26,"key":"Molten Egg 2"},{"floor":28,"key":"Omamori"},{"floor":30,"key":"Pantograph"},{"floor":37,"key":"Tough Bandages"},{"floor":43,"key":"Dream Catcher"},{"floor":44,"key":"Dodecahedron"},{"floor":45,"key":"Happy Flower"},{"floor":48,"key":"War Paint"}],"event_choices":[{"damage_healed":0,"gold_gain":0,"player_choice":"Grow","damage_taken":0,"max_hp_gain":0,"max_hp_loss":0,"event_name":"Living Wall","floor":2,"gold_loss":0,"cards_upgraded":["Neutralize"]},{"damage_healed":0,"gold_gain":0,"player_choice":"Box","damage_taken":0,"relics_obtained":["Regal Pillow"],"max_hp_gain":0,"max_hp_loss":0,"event_name":"Big Fish","floor":5,"gold_loss":0,"cards_obtained":["Regret"]},{"cards_removed":["Regret"],"damage_healed":0,"gold_gain":0,"player_choice":"Card Removal","damage_taken":0,"max_hp_gain":0,"max_hp_loss":0,"event_name":"The Cleric","floor":11,"gold_loss":50},{"damage_healed":0,"gold_gain":0,"player_choice":"Upgraded","damage_taken":0,"max_hp_gain":0,"max_hp_loss":0,"event_name":"Upgrade Shrine","floor":12,"gold_loss":0,"cards_upgraded":["Infinite Blades"]},{"damage_healed":0,"gold_gain":0,"player_choice":"Became a vampire","damage_taken":0,"max_hp_gain":0,"max_hp_loss":21,"event_name":"Vampires","floor":19,"gold_loss":0,"cards_obtained":["Bite","Bite","Bite","Bite","Bite"]},{"damage_healed":0,"gold_gain":0,"player_choice":"Opened","damage_taken":0,"relics_obtained":["Bag of Marbles"],"max_hp_gain":0,"max_hp_loss":0,"event_name":"The Mausoleum","floor":21,"gold_loss":0},{"damage_healed":0,"gold_gain":0,"player_choice":"Obtained Book","damage_taken":16,"max_hp_gain":0,"max_hp_loss":0,"event_name":"Cursed Tome","floor":22,"gold_loss":0},{"damage_healed":0,"gold_gain":0,"player_choice":"Ignored","damage_taken":0,"max_hp_gain":0,"max_hp_loss":0,"event_name":"Ghosts","floor":24,"gold_loss":0},{"damage_healed":0,"gold_gain":99,"player_choice":"Stole From Cult","damage_taken":0,"max_hp_gain":0,"max_hp_loss":0,"event_name":"Nest","floor":31,"gold_loss":0},{"damage_healed":0,"gold_gain":0,"player_choice":"Fight","damage_taken":0,"max_hp_gain":0,"max_hp_loss":0,"event_name":"Mysterious Sphere","floor":37,"gold_loss":0}],"is_beta":false,"boss_relics":[{"not_picked":["Tiny House","Lizard Tail"],"picked":"Empty Cage"},{"not_picked":["Ring of the Serpent","White Beast Statue"],"picked":"Busted Crown"}],"items_purged_floors":[20],"is_endless":false,"potions_floor_spawned":[1,6,7,14,18,28,30,39,41,44],"ascension_level":0}