{"gold_per_floor":[116,131,145,157,173,202,213,198],"floor_reached":8,"playtime":805,"items_purged":[],"score":71,"play_id":"695eafa1-cae3-4a4e-9be3-ca706a330904","local_time":"20190302004640","is_ascension_mode":true,"campfire_choices":[],"neow_cost":"NONE","seed_source_timestamp":9075227386377,"circlet_count":0,"master_deck":["Defend_G","Defend_G","Defend_G","Defend_G","Defend_G","Strike_G","Strike_G","Strike_G","Strike_G","Strike_G","Survivor","Neutralize","Flying Knee","Escape Plan","Unload","Blade Dance","Finisher","Dagger Throw","Deadly Poison"],"relics":["Ring of the Snake","Shuriken"],"potions_floor_usage":[6,6],"damage_taken":[{"damage":4,"enemies":"Small Slimes","floor":1,"turns":4},{"damage":4,"enemies":"Cultist","floor":2,"turns":3},{"damage":0,"enemies":"2 Louse","floor":3,"turns":2},{"damage":15,"enemies":"2 Fungi Beasts","floor":4,"turns":3},{"damage":8,"enemies":"Red Slaver","floor":5,"turns":4},{"damage":34,"enemies":"Lagavulin","floor":6,"turns":6},{"damage":5,"enemies":"3 Louse","floor":7,"turns":2},{"damage":13,"enemies":"Exordium Thugs","floor":8,"turns":1}],"seed_played":"1143887261831320396","potions_obtained":[{"floor":2,"key":"Strength Potion"},{"floor":3,"key":"Energy Potion"},{"floor":4,"key":"SkillPotion"}],"is_trial":false,"path_per_floor":["M","M","M","M","M","E","M","M"],"character_chosen":"THE_SILENT","items_purchased":[],"campfire_rested":0,"item_purchase_floors":[],"current_hp_per_floor":[73,69,69,54,46,12,7,0],"gold":198,"neow_bonus":"TEN_PERCENT_HP_BONUS","is_prod":false,"is_daily":false,"chose_seed":false,"campfire_upgraded":0,"win_rate":0,"timestamp":1551498400,"path_taken":["M","M","M","M","M","E","M","M"],"build_version":"2019-01-23","purchased_purges":0,"victory":false,"max_hp_per_floor":[77,77,77,77,77,77,77,77],"card_choices":[{"not_picked":["Slice","Deflect"],"picked":"Flying Knee","floor":1},{"not_picked":["Dodge and Roll","Dagger Spray"],"picked":"Escape Plan","floor":2},{"not_picked":["PiercingWail","Dagger Spray"],"picked":"Unload","floor":3},{"not_picked":["Heel Hook","Outmaneuver"],"picked":"Blade Dance","floor":4},{"not_picked":["Outmaneuver","Masterful Stab"],"picked":"Finisher","floor":5},{"not_picked":["Flying Knee","Prepared"],"picked":"Dagger Throw","floor":6},{"not_picked":["Calculated Gamble","Deflect"],"picked":"Deadly Poison","floor":7}],"player_experience":151573,"relics_obtained":[{"floor":6,"key":"Shuriken"}],"event_choices":[],"is_beta":false,"boss_relics":[],"items_purged_floors":[],"is_endless":false,"potions_floor_spawned":[2,3,4,5],"killed_by":"Exordium Thugs","ascension_level":3}