{"gold_per_floor":[118,5,19,19,19,54,54,65,65,30,30,30,30,59,59,132,132,150,184,83,98,114,114,144,144,144,158,170,200,200,220,220,292,292,303,318,44,44,44,44,72,72,72,72,84,14,14,14,14,14],"floor_reached":51,"playtime":4135,"items_purged":["Strike_B","Strike_B"],"score":1696,"play_id":"32935cbe-8f93-4fa5-8cb1-56c54dbb12c7","local_time":"20180718203034","is_ascension_mode":true,"campfire_choices":[{"floor":7.0,"key":"REST"},{"data":"Streamline","floor":13.0,"key":"SMITH"},{"data":"Defragment","floor":15.0,"key":"SMITH"},{"floor":23.0,"key":"REST"},{"floor":25.0,"key":"REST"},{"data":"Blizzard","floor":32.0,"key":"SMITH"},{"data":"Hologram","floor":40.0,"key":"SMITH"},{"floor":42,"key":"REST"},{"data":"Go for the Eyes","floor":47,"key":"SMITH"},{"data":"Glacier","floor":49,"key":"SMITH"}],"neow_cost":"TEN_PERCENT_HP_LOSS","seed_source_timestamp":41010438988725,"circlet_count":0,"master_deck":["Strike_B","Defend_B","Defend_B","Defend_B+1","Zap+1","Dualcast+1","AscendersBane","Defragment+1","Glacier+1","FTL","BootSequence","Biased Cognition","Streamline+1","Glacier","Seek","Blizzard+1","Hologram+1","Barrage","Go for the Eyes+1","Glacier+1","Hologram+1","Self Repair","Chill","Coolheaded+1","Redo+1","Jack Of All Trades+1","BootSequence+1"],"special_seed":0,"relics":["Cracked Core","The Courier","DataDisk","Dream Catcher","Sozu","Red Mask","Dead Branch","Pear","Boot","Bottled Lightning","Nuclear Battery","Toxic Egg 2","Oddly Smooth Stone","Matryoshka","Bag of Marbles","Cables","Ginger"],"potions_floor_usage":[50],"damage_taken":[{"damage":4.0,"enemies":"Jaw Worm","floor":1.0,"turns":4.0},{"damage":0.0,"enemies":"Small Slimes","floor":3.0,"turns":4.0},{"damage":34.0,"enemies":"Gremlin Nob","floor":6.0,"turns":6.0},{"damage":0.0,"enemies":"2 Louse","floor":8.0,"turns":3.0},{"damage":4.0,"enemies":"Lagavulin","floor":14.0,"turns":7.0},{"damage":33.0,"enemies":"The Guardian","floor":16.0,"turns":11.0},{"damage":0.0,"enemies":"2 Thieves","floor":18.0,"turns":4.0},{"damage":27.0,"floor":19.0,"turns":6.0},{"damage":0.0,"enemies":"3 Byrds","floor":21.0,"turns":5.0},{"damage":3.0,"enemies":"Snake Plant","floor":22.0,"turns":5.0},{"damage":22.0,"enemies":"Gremlin Leader","floor":24.0,"turns":10.0},{"damage":0.0,"enemies":"Snecko","floor":27.0,"turns":6.0},{"damage":0.0,"enemies":"Centurion and Healer","floor":28.0,"turns":6.0},{"damage":0.0,"enemies":"Book of Stabbing","floor":29.0,"turns":7.0},{"damage":0.0,"enemies":"3 Cultists","floor":31.0,"turns":5.0},{"damage":4.0,"enemies":"Collector","floor":33.0,"turns":13.0},{"damage":0.0,"enemies":"3 Darklings","floor":35.0,"turns":5.0},{"damage":0.0,"enemies":"Orb Walker","floor":36.0,"turns":3.0},{"damage":47,"enemies":"Giant Head","floor":41,"turns":11},{"damage":0,"enemies":"Spire Growth","floor":45,"turns":7},{"damage":0,"floor":48,"turns":7},{"damage":18,"enemies":"Awakened One","floor":50,"turns":20}],"seed_played":"3882006449538472194","potions_obtained":[{"floor":1.0,"key":"Swift Potion"},{"floor":8.0,"key":"Ancient Potion"},{"floor":14.0,"key":"AttackPotion"}],"is_trial":false,"path_per_floor":["M","$","M","?","?","E","R","M","T","?","?","$","R","E","R","B",null,"M","?","$","M","M","R","E","R","T","M","M","E","T","M","R","B",null,"M","M","$","?","?","R","E","R","T","T","M","$","R","?","R","B"],"character_chosen":"DEFECT","items_purchased":["Glacier","FTL","Barrage","Toxic Egg 2","Jack Of All Trades+1"],"campfire_rested":4,"item_purchase_floors":[2,2,20,37,46],"current_hp_per_floor":[60,60,60,41,41,7,26,26,26,42,63,63,63,59,59,26,55,55,28,28,28,25,44,22,41,51,51,58,65,65,72,72,74,74,74,74,74,74,74,74,34,56,56,56,63,63,63,70,70,52],"gold":14,"neow_bonus":"REMOVE_TWO","is_prod":false,"is_daily":false,"chose_seed":false,"campfire_upgraded":6,"win_rate":0,"timestamp":1531971034,"path_taken":["M","$","M","?","?","E","R","?","T","?","?","?","R","E","R","BOSS","M","?","?","M","M","R","E","R","T","M","M","E","?","M","R","BOSS","M","M","$","?","?","R","E","R","T","?","M","?","R","?","R","BOSS"],"build_version":"2018-07-12","purchased_purges":2,"victory":true,"max_hp_per_floor":[64,64,64,64,64,64,64,64,64,64,64,64,64,64,64,64,64,64,64,64,64,64,64,64,64,74,74,74,74,74,74,74,74,74,74,74,74,74,74,74,74,74,74,74,74,74,74,74,74,74],"card_choices":[{"not_picked":["Melter","Leap"],"picked":"Defragment","floor":1.0},{"not_picked":["Hologram","Chill"],"picked":"BootSequence","floor":3.0},{"not_picked":["Static Discharge","Gash"],"picked":"Biased Cognition","floor":6.0},{"not_picked":["Go for the Eyes","Self Repair"],"picked":"Streamline","floor":8.0},{"not_picked":["Sweeping Beam","Skim"],"picked":"Glacier","floor":14.0},{"not_picked":["Rainbow","Thunder Strike"],"picked":"Seek","floor":16.0},{"not_picked":["Consume","Conserve Battery"],"picked":"Blizzard","floor":18.0},{"not_picked":["Streamline","Fusion+1"],"picked":"Hologram+1","floor":19.0},{"not_picked":["Doom and Gloom","White Noise"],"picked":"Go for the Eyes","floor":21.0},{"not_picked":["Redo","Rip and Tear+1"],"picked":"Coolheaded","floor":22.0},{"not_picked":["Tempest","Coolheaded"],"picked":"Glacier+1","floor":23.0},{"not_picked":["Leap","Chaos"],"picked":"Hologram","floor":24.0},{"not_picked":["Sunder","Gash"],"picked":"Self Repair","floor":27.0},{"not_picked":["Auto Shields","Undo"],"picked":"Chill","floor":28.0},{"not_picked":["White Noise","Doom and Gloom+1","Turbo"],"picked":"SKIP","floor":29.0},{"not_picked":["Compile Driver+1","Ball Lightning","Hologram"],"picked":"SKIP","floor":31.0},{"not_picked":["Steam","Ball Lightning+1","Sweeping Beam+1"],"picked":"SKIP","floor":35.0},{"not_picked":["Cold Snap+1","Sweeping Beam+1"],"picked":"Coolheaded+1","floor":36.0},{"not_picked":["Streamline","Reprogram+1"],"picked":"Redo+1","floor":41},{"not_picked":["Compile Driver","Steam Power+1","Ball Lightning"],"picked":"SKIP","floor":45},{"not_picked":["Cold Snap","Tempest+1"],"picked":"BootSequence+1","floor":48}],"player_experience":791963,"relics_obtained":[{"floor":6.0,"key":"The Courier"},{"floor":9.0,"key":"DataDisk"},{"floor":14.0,"key":"Dream Catcher"},{"floor":19.0,"key":"Red Mask"},{"floor":24.0,"key":"Dead Branch"},{"floor":26.0,"key":"Pear"},{"floor":29.0,"key":"Boot"},{"floor":30.0,"key":"Bottled Lightning"},{"floor":41,"key":"Oddly Smooth Stone"},{"floor":43,"key":"Matryoshka"},{"floor":44,"key":"Bag of Marbles"},{"floor":44,"key":"Cables"},{"floor":48,"key":"Ginger"}],"event_choices":[{"event_name":"Shining Light","player_choice":"Entered Light","floor":4.0,"damage_taken":0.0},{"event_name":"Living Wall","player_choice":"Grow","floor":5.0,"damage_taken":0.0},{"event_name":"The Cleric","player_choice":"Healed","floor":10.0,"damage_taken":0.0},{"event_name":"Big Fish","player_choice":"Banana","floor":11.0,"damage_taken":0.0},{"event_name":"Masked Bandits","player_choice":"Fought over 150 gold","floor":19.0,"damage_taken":0.0},{"event_name":"SensoryStone","player_choice":"Memory 1","floor":38.0,"damage_taken":0.0},{"event_name":"Falling","player_choice":"Removed Skill","floor":39.0,"damage_taken":0.0},{"event_name":"MindBloom","player_choice":"Fight","floor":48,"damage_taken":0}],"boss_relics":[{"not_picked":["White Beast Statue","Empty Cage"],"picked":"Sozu"},{"not_picked":["Philosopher\u0027s Stone","Lizard Tail"],"picked":"Nuclear Battery"}],"items_purged_floors":[20,37],"is_endless":false,"potions_floor_spawned":[1,8,14,18,22,28,31,35],"ascension_level":15}