{"gold_per_floor":[119,40,57,57,132,159,6,6,6,6,6,64,83,103,103,176,176,187,187,187,15,15,15,42,42,42,57,67,80,80],"floor_reached":30,"playtime":845,"items_purged":["Strike_R"],"score":501,"play_id":"f1792ac2-b9fd-445d-b31c-b041dfbe03b0","local_time":"20190104034021","is_ascension_mode":true,"campfire_choices":[{"data":"Whirlwind","floor":8,"key":"SMITH"},{"floor":15,"key":"DIG"},{"data":"Berserk","floor":23,"key":"SMITH"},{"floor":25,"key":"DIG"}],"neow_cost":"NONE","seed_source_timestamp":1211250575216688,"circlet_count":0,"master_deck":["AscendersBane","Strike_R+1","Strike_R+1","Strike_R+1","Strike_R+1","Defend_R+1","Defend_R+1","Defend_R+1","Defend_R+1","Bash","Wild Strike","Whirlwind+1","Headbutt+1","Pommel Strike","Second Wind","Evolve","Power Through","Berserk+1","Spot Weakness","Inflame","Spot Weakness","Shockwave","Shrug It Off"],"relics":["Burning Blood","NeowsBlessing","Shovel","Champion Belt","Pantograph","Potion Belt","Red Skull","Coffee Dripper","Bag of Marbles","Ornamental Fan","Bronze Scales"],"potions_floor_usage":[12,22,24,29,30,30],"damage_taken":[{"damage":0,"enemies":"Jaw Worm","floor":1,"turns":1},{"damage":0,"enemies":"Small Slimes","floor":3,"turns":1},{"damage":0,"enemies":"Lagavulin","floor":6,"turns":1},{"damage":12,"enemies":"Gremlin Nob","floor":12,"turns":3},{"damage":0,"enemies":"2 Louse","floor":13,"turns":2},{"damage":9,"enemies":"2 Fungi Beasts","floor":14,"turns":3},{"damage":44,"enemies":"Hexaghost","floor":16,"turns":12},{"damage":26,"enemies":"2 Thieves","floor":18,"turns":3},{"damage":13,"enemies":"Colosseum Slavers","floor":22,"turns":3},{"damage":41,"enemies":"Book of Stabbing","floor":24,"turns":5},{"damage":0,"enemies":"Chosen","floor":27,"turns":3},{"damage":10,"enemies":"Centurion and Healer","floor":28,"turns":2},{"damage":10,"enemies":"Cultist and Chosen","floor":29,"turns":4},{"damage":15,"enemies":"Snake Plant","floor":30,"turns":2}],"seed_played":"3640986616521510704","potions_obtained":[{"floor":1,"key":"FearPotion"},{"floor":13,"key":"SpeedPotion"},{"floor":14,"key":"Swift Potion"},{"floor":27,"key":"Swift Potion"},{"floor":28,"key":"Explosive Potion"},{"floor":29,"key":"SneckoOil"}],"is_trial":false,"path_per_floor":["M","$","M","?","?","E","$","R","T","$","?","?","M","M","R","B",null,"M","?","?","$","?","R","E","R","T","M","M","M","M"],"character_chosen":"IRONCLAD","items_purchased":["Whirlwind","Second Wind","Inflame","Fire Potion","Spot Weakness"],"campfire_rested":0,"item_purchase_floors":[2,7,21,21,21],"current_hp_per_floor":[74,74,75,52,41,47,47,47,47,47,29,23,29,26,26,13,60,40,55,55,55,48,48,13,13,13,19,15,11,0],"gold":80,"neow_bonus":"THREE_ENEMY_KILL","is_prod":false,"is_daily":false,"chose_seed":false,"campfire_upgraded":2,"win_rate":0,"timestamp":1546569621,"path_taken":["M","$","M","?","?","E","$","R","T","$","?","?","M","M","R","BOSS","M","?","?","$","?","R","E","R","T","M","M","M","M"],"build_version":"2018-12-20","purchased_purges":1,"victory":false,"max_hp_per_floor":[75,75,75,75,75,75,75,75,75,75,75,75,75,75,75,75,75,75,75,75,75,75,75,75,75,75,75,75,75,75],"card_choices":[{"not_picked":["Armaments","Pommel Strike"],"picked":"Wild Strike","floor":1},{"not_picked":["Armaments","Corruption"],"picked":"Headbutt","floor":3},{"not_picked":["Armaments","Clothesline"],"picked":"Pommel Strike","floor":6},{"not_picked":["Cleave","Havoc"],"picked":"Evolve","floor":13},{"not_picked":["Heavy Blade","Rage"],"picked":"Power Through","floor":14},{"not_picked":["Immolate","Brutality"],"picked":"Berserk","floor":16},{"not_picked":["Second Wind","Clash"],"picked":"Spot Weakness","floor":18},{"not_picked":["Evolve+1","Headbutt"],"picked":"Shockwave","floor":24},{"not_picked":["Pommel Strike","Cleave","Wild Strike"],"picked":"SKIP","floor":27},{"not_picked":["True Grit","Clothesline","Evolve"],"picked":"SKIP","floor":28},{"not_picked":["Heavy Blade","Thunderclap"],"picked":"Shrug It Off","floor":29}],"player_experience":401502,"relics_obtained":[{"floor":6,"key":"Shovel"},{"floor":9,"key":"Champion Belt"},{"floor":12,"key":"Potion Belt"},{"floor":15,"key":"Red Skull"},{"floor":24,"key":"Bag of Marbles"},{"floor":25,"key":"Ornamental Fan"},{"floor":26,"key":"Bronze Scales"}],"event_choices":[{"damage_healed":0,"gold_gain":0,"player_choice":"Entered Light","damage_taken":23,"max_hp_gain":0,"max_hp_loss":0,"event_name":"Shining Light","floor":4,"gold_loss":0,"cards_upgraded":["Defend_R","Headbutt"]},{"damage_healed":0,"gold_gain":75,"player_choice":"Gather Gold","damage_taken":11,"max_hp_gain":0,"max_hp_loss":0,"event_name":"World of Goop","floor":5,"gold_loss":0},{"damage_healed":0,"gold_gain":0,"player_choice":"Success","damage_taken":18,"relics_obtained":["Pantograph"],"max_hp_gain":0,"max_hp_loss":0,"event_name":"Scrap Ooze","floor":11,"gold_loss":0},{"damage_healed":0,"gold_gain":0,"player_choice":"Searched \u00272\u0027 times","damage_taken":0,"max_hp_gain":0,"max_hp_loss":0,"event_name":"Dead Adventurer","floor":12,"gold_loss":0},{"damage_healed":15,"gold_gain":0,"player_choice":"Heal","damage_taken":0,"max_hp_gain":0,"max_hp_loss":0,"event_name":"The Library","floor":19,"gold_loss":0},{"damage_healed":0,"gold_gain":0,"player_choice":"Simplicity","damage_taken":0,"max_hp_gain":0,"max_hp_loss":0,"event_name":"Back to Basics","floor":20,"gold_loss":0,"cards_upgraded":["Strike_R","Strike_R","Strike_R","Strike_R","Defend_R","Defend_R","Defend_R"]},{"damage_healed":0,"gold_gain":0,"player_choice":"Fight","damage_taken":0,"max_hp_gain":0,"max_hp_loss":0,"event_name":"Colosseum","floor":22,"gold_loss":0},{"damage_healed":0,"gold_gain":0,"player_choice":"Fled From Nobs","damage_taken":0,"max_hp_gain":0,"max_hp_loss":0,"event_name":"Colosseum","floor":22,"gold_loss":0}],"is_beta":false,"boss_relics":[{"not_picked":["Calling Bell","Runic Dome"],"picked":"Coffee Dripper"}],"items_purged_floors":[7],"is_endless":false,"potions_floor_spawned":[1,13,14,27,28,29],"killed_by":"Snake Plant","ascension_level":17}