{"gold_per_floor":[119,119,119,137,7,7,17,17,42,72,144,171,171],"floor_reached":13,"playtime":423,"items_purged":[],"score":182,"play_id":"a11d8ed8-b370-41ce-8ce0-b6ec8086b7ec","local_time":"20190403130722","is_ascension_mode":true,"campfire_choices":[{"data":"Whirlwind","floor":6,"key":"SMITH"},{"data":"Inflame","floor":8,"key":"SMITH"}],"neow_cost":"NONE","seed_source_timestamp":1233597746501300,"circlet_count":0,"master_deck":["AscendersBane","Strike_R","Strike_R","Strike_R","Strike_R","Strike_R","Defend_R","Defend_R","Defend_R","Defend_R","Bash+1","Corruption","Twin Strike","Inflame+1","Whirlwind+1","Shrug It Off","Sword Boomerang"],"relics":["Burning Blood","Lantern","Bronze Scales","Matryoshka","Potion Belt","Bottled Lightning","Bag of Marbles"],"potions_floor_usage":[],"damage_taken":[{"damage":4,"enemies":"Small Slimes","floor":1,"turns":3},{"damage":2,"enemies":"Jaw Worm","floor":4,"turns":3},{"damage":0,"enemies":"2 Louse","floor":7,"turns":1},{"damage":15,"enemies":"3 Sentries","floor":10,"turns":3},{"damage":52,"enemies":"Gremlin Nob","floor":12,"turns":5},{"damage":10,"enemies":"Exordium Thugs","floor":13,"turns":2}],"seed_played":"8104458358285008380","potions_obtained":[{"floor":1,"key":"Dexterity Potion"}],"is_trial":false,"path_per_floor":["M","$","?","M","$","R","M","R","T","E","T","E","M"],"character_chosen":"IRONCLAD","items_purchased":["Inflame","Whirlwind"],"campfire_rested":0,"item_purchase_floors":[5,5],"current_hp_per_floor":[70,70,52,56,56,56,62,62,62,53,53,7,0],"gold":171,"neow_bonus":"UPGRADE_CARD","is_prod":false,"is_daily":false,"chose_seed":false,"campfire_upgraded":2,"win_rate":0,"timestamp":1554293242,"path_taken":["M","$","?","M","$","R","M","R","T","E","?","E","M"],"build_version":"2019-01-23","purchased_purges":0,"victory":false,"max_hp_per_floor":[75,75,75,75,75,75,75,75,75,75,75,75,75],"card_choices":[{"not_picked":["Clash","Fire Breathing"],"picked":"Corruption","floor":1},{"not_picked":["Warcry","Thunderclap"],"picked":"Twin Strike","floor":4},{"not_picked":["Corruption","Iron Wave","Cleave"],"picked":"SKIP","floor":7},{"not_picked":["Body Slam","Barricade"],"picked":"Shrug It Off","floor":10},{"not_picked":["Thunderclap","Clothesline"],"picked":"Sword Boomerang","floor":12}],"player_experience":2471965,"relics_obtained":[{"floor":9,"key":"Bronze Scales"},{"floor":10,"key":"Matryoshka"},{"floor":11,"key":"Potion Belt"},{"floor":11,"key":"Bottled Lightning"},{"floor":12,"key":"Bag of Marbles"}],"event_choices":[{"damage_healed":0,"gold_gain":0,"player_choice":"Success","damage_taken":18,"relics_obtained":["Lantern"],"max_hp_gain":0,"max_hp_loss":0,"event_name":"Scrap Ooze","floor":3,"gold_loss":0}],"is_beta":false,"boss_relics":[],"items_purged_floors":[],"is_endless":false,"potions_floor_spawned":[1],"killed_by":"Exordium Thugs","ascension_level":20}