{"gold_per_floor":[16,16,28,28,28,28,42,73,99,99,128,147,72,72,72,145,145,157,157,170,95,95,95,95],"floor_reached":24,"playtime":878,"items_purged":["Strike_R"],"score":336,"play_id":"cad850e9-657a-426e-886d-39e65fe14780","local_time":"20190303001504","is_ascension_mode":true,"campfire_choices":[{"floor":6,"key":"DIG"},{"floor":10,"key":"DIG"},{"floor":15,"key":"DIG"},{"floor":23,"key":"DIG"}],"neow_cost":"NO_GOLD","seed_source_timestamp":12914553878200,"circlet_count":0,"master_deck":["AscendersBane","Strike_R","Strike_R","Defend_R","Defend_R","Defend_R","Bash","Rampage+1","Headbutt","Intimidate+1","Shrug It Off+1","True Grit+1"],"relics":["Burning Blood","Shovel","Strawberry","Toxic Egg 2","Lantern","Orichalcum","Odd Mushroom","FaceOfCleric","Vajra","Empty Cage","Letter Opener"],"potions_floor_usage":[11,16,18,24,24],"damage_taken":[{"damage":11,"enemies":"Jaw Worm","floor":1,"turns":4},{"damage":3,"enemies":"2 Louse","floor":3,"turns":4},{"damage":0,"enemies":"Small Slimes","floor":7,"turns":3},{"damage":25,"enemies":"Lagavulin","floor":8,"turns":7},{"damage":11,"enemies":"The Mushroom Lair","floor":11,"turns":4},{"damage":8,"enemies":"Exordium Wildlife","floor":12,"turns":3},{"damage":43,"enemies":"The Guardian","floor":16,"turns":11},{"damage":9,"enemies":"3 Byrds","floor":18,"turns":7},{"damage":13,"enemies":"Chosen","floor":20,"turns":5},{"damage":68,"enemies":"Book of Stabbing","floor":24,"turns":7}],"seed_played":"4237514370887204161","potions_obtained":[{"floor":7,"key":"Strength Potion"},{"floor":8,"key":"AttackPotion"},{"floor":12,"key":"Regen Potion"},{"floor":18,"key":"Regen Potion"},{"floor":20,"key":"Energy Potion"}],"is_trial":false,"path_per_floor":["M","?","M","?","?","R","M","E","T","R","?","M","$","?","R","B",null,"M","?","M","?","?","R","E"],"character_chosen":"IRONCLAD","items_purchased":[],"campfire_rested":0,"item_purchase_floors":[],"current_hp_per_floor":[63,63,66,66,66,73,79,60,60,60,55,53,53,53,53,17,67,80,80,74,74,49,49,0],"gold":95,"neow_bonus":"ONE_RARE_RELIC","is_prod":false,"is_daily":false,"chose_seed":false,"campfire_upgraded":0,"win_rate":0,"timestamp":1551543304,"path_taken":["M","?","M","?","?","R","?","E","T","R","?","M","?","?","R","BOSS","M","?","M","?","?","R","E"],"build_version":"2019-01-23","purchased_purges":1,"victory":false,"max_hp_per_floor":[75,75,75,75,75,82,82,82,82,82,82,82,82,82,82,83,83,84,84,85,85,90,90,90],"card_choices":[{"not_picked":["Body Slam","Thunderclap"],"picked":"Rampage","floor":1},{"not_picked":["Havoc","Cleave","Uppercut"],"picked":"SKIP","floor":3},{"not_picked":["Twin Strike","Flex"],"picked":"Headbutt","floor":7},{"not_picked":["Headbutt","Blood for Blood","Pommel Strike"],"picked":"SKIP","floor":8},{"not_picked":["Headbutt","Blood for Blood","Pommel Strike"],"picked":"SKIP","floor":8},{"not_picked":["Clothesline","Headbutt"],"picked":"Intimidate+1","floor":12},{"not_picked":["Twin Strike","Armaments+1"],"picked":"Shrug It Off+1","floor":18},{"not_picked":["Corruption+1","Twin Strike"],"picked":"True Grit+1","floor":20}],"player_experience":2681727,"relics_obtained":[{"floor":6,"key":"Strawberry"},{"floor":8,"key":"Toxic Egg 2"},{"floor":9,"key":"Lantern"},{"floor":10,"key":"Orichalcum"},{"floor":11,"key":"Odd Mushroom"},{"floor":15,"key":"Vajra"},{"floor":23,"key":"Letter Opener"}],"event_choices":[{"damage_healed":0,"gold_gain":0,"player_choice":"Ignored","damage_taken":0,"max_hp_gain":0,"max_hp_loss":0,"event_name":"Liars Game","floor":2,"gold_loss":0},{"damage_healed":0,"gold_gain":0,"player_choice":"Leave","damage_taken":0,"max_hp_gain":0,"max_hp_loss":0,"event_name":"The Cleric","floor":4,"gold_loss":0},{"damage_healed":0,"gold_gain":0,"player_choice":"Grow","damage_taken":0,"max_hp_gain":0,"max_hp_loss":0,"event_name":"Living Wall","floor":5,"gold_loss":0,"cards_upgraded":["Rampage"]},{"damage_healed":0,"gold_gain":0,"player_choice":"Fought Mushrooms","damage_taken":0,"max_hp_gain":0,"max_hp_loss":0,"event_name":"Mushrooms","floor":11,"gold_loss":0},{"damage_healed":0,"gold_gain":0,"player_choice":"Trade","damage_taken":0,"relics_obtained":["FaceOfCleric"],"max_hp_gain":0,"max_hp_loss":0,"event_name":"FaceTrader","floor":14,"gold_loss":0},{"damage_healed":0,"gold_gain":0,"player_choice":"Ignored","damage_taken":0,"max_hp_gain":0,"max_hp_loss":0,"event_name":"The Mausoleum","floor":19,"gold_loss":0},{"cards_removed":["Defend_R"],"damage_healed":0,"gold_gain":0,"player_choice":"Gave Gold","damage_taken":0,"max_hp_gain":0,"max_hp_loss":0,"event_name":"Beggar","floor":21,"gold_loss":75},{"damage_healed":0,"gold_gain":0,"player_choice":"Shed Blood","damage_taken":30,"max_hp_gain":5,"max_hp_loss":0,"event_name":"Forgotten Altar","floor":22,"gold_loss":0}],"is_beta":false,"boss_relics":[{"not_picked":["Tiny House","Runic Cube"],"picked":"Empty Cage"}],"items_purged_floors":[13],"is_endless":false,"potions_floor_spawned":[7,8,12,18,20],"killed_by":"Book of Stabbing","ascension_level":15}