{"gold_per_floor":[119,139,155,170,180,206,176,351,376,376,387,415,18,37,37,142,142,155,155,166,166,192,192,218,242,254,308,320,348,374,397,409,524,536,558,570,593,605,632,644,673,685,697,719,66,77,94,316,316,316],"floor_reached":51,"playtime":7364,"items_purged":["Doubt"],"score":685,"play_id":"c6ff147d-7dff-4872-94c2-282f4431baac","local_time":"20190503133728","is_ascension_mode":false,"campfire_choices":[{"floor":15.0,"key":"REST"},{"floor":23.0,"key":"REST"},{"floor":28.0,"key":"REST"},{"floor":32.0,"key":"REST"},{"floor":40.0,"key":"REST"},{"floor":42,"key":"REST"},{"floor":49,"key":"REST"}],"neow_cost":"NONE","seed_source_timestamp":0,"circlet_count":0,"master_deck":["Defend_G","Defend_G","Defend_G","Defend_G","Defend_G","Strike_G","Strike_G+1","Survivor","Neutralize+1","Underhanded Strike","Flying Knee+1","Endless Agony+1","Noxious Fumes","Footwork","Crippling Poison","Noxious Fumes","Crippling Poison","Envenom","Transmutation","Prepared","Malaise","Footwork+1","Venomology+1","Wraith Form v2+1","Deadly Poison+1","Bouncing Flask","Noxious Fumes","Prepared","Distraction+1","Deflect","Backflip","Well Laid Plans","Adrenaline","Reflex+1","Terror","Transmutation","Mind Blast","Enlightenment","Expertise","Dagger Throw+1","Prepared","Panache","Malaise","All Out Attack+1","Reflex"],"special_seed":0,"relics":["Ring of the Serpent","Whetstone","Regal Pillow","Lantern","Chemical X","Astrolabe","Orichalcum","Red Mask","Bottled Tornado","MawBank","Dodecahedron","Boot","Pear"],"potions_floor_usage":[44,50,50,50,50],"damage_taken":[{"damage":0.0,"enemies":"2 Louse","floor":1.0,"turns":5.0},{"damage":10.0,"enemies":"Jaw Worm","floor":2.0,"turns":5.0},{"damage":0.0,"enemies":"Small Slimes","floor":3.0,"turns":3.0},{"damage":0.0,"enemies":"Blue Slaver","floor":4.0,"turns":5.0},{"damage":0.0,"enemies":"2 Fungi Beasts","floor":5.0,"turns":4.0},{"damage":19.0,"enemies":"Lagavulin","floor":6.0,"turns":7.0},{"damage":0.0,"enemies":"Looter","floor":7.0,"turns":4.0},{"damage":0.0,"enemies":"Blue Slaver","floor":11.0,"turns":2.0},{"damage":14.0,"enemies":"3 Sentries","floor":12.0,"turns":7.0},{"damage":0.0,"enemies":"Large Slime","floor":14.0,"turns":6.0},{"damage":8.0,"enemies":"Slime Boss","floor":16.0,"turns":7.0},{"damage":4.0,"enemies":"Shell Parasite","floor":18.0,"turns":6.0},{"damage":26.0,"enemies":"2 Thieves","floor":20.0,"turns":4.0},{"damage":41.0,"enemies":"Masked Bandits","floor":22.0,"turns":6.0},{"damage":24.0,"enemies":"Gremlin Leader","floor":24.0,"turns":6.0},{"damage":2.0,"enemies":"3 Cultists","floor":27.0,"turns":4.0},{"damage":5.0,"enemies":"Snecko","floor":29.0,"turns":4.0},{"damage":15.0,"enemies":"Sentry and Sphere","floor":30.0,"turns":4.0},{"damage":20.0,"enemies":"Cultist and Chosen","floor":31.0,"turns":6.0},{"damage":14.0,"enemies":"Automaton","floor":33.0,"turns":8.0},{"damage":0.0,"enemies":"3 Darklings","floor":35.0,"turns":5.0},{"damage":4.0,"enemies":"3 Shapes","floor":37.0,"turns":4.0},{"damage":36.0,"enemies":"Spire Growth","floor":39.0,"turns":4.0},{"damage":2.0,"enemies":"4 Shapes","floor":41.0,"turns":5.0},{"damage":0,"enemies":"Maw","floor":44,"turns":5},{"damage":19,"enemies":"Jaw Worm Horde","floor":46,"turns":4},{"damage":9,"enemies":"Sphere and 2 Shapes","floor":47,"turns":4},{"damage":35,"enemies":"Donu and Deca","floor":50,"turns":8}],"seed_played":"-1151356311424671454","potions_obtained":[{"floor":4.0,"key":"Swift Potion"},{"floor":5.0,"key":"SpeedPotion"},{"floor":6.0,"key":"Weak Potion"},{"floor":12.0,"key":"Strength Potion"},{"floor":14.0,"key":"Fire Potion"},{"floor":20.0,"key":"GhostInAJar"},{"floor":39.0,"key":"Poison Potion"},{"floor":44,"key":"FearPotion"}],"is_trial":false,"path_per_floor":["M","M","M","M","M","E","M","?","T","?","M","E","$","M","R","B",null,"M","?","M","?","?","R","E","T","T","M","R","M","M","M","R","B",null,"M","?","M","?","M","R","M","R","T","M","$","M","M","?","R","B",null],"character_chosen":"THE_SILENT","items_purchased":["Chemical X","Transmutation","Panache","Malaise","Pear"],"campfire_rested":7,"item_purchase_floors":[13,13,45,45,45],"current_hp_per_floor":[77,67,67,67,67,48,48,48,48,33,33,19,19,19,57,49,77,73,73,47,47,21,59,35,35,35,33,71,66,60,40,77,63,77,77,73,69,59,23,59,57,73,73,73,83,64,55,55,83,48],"gold":316,"neow_bonus":"TEN_PERCENT_HP_BONUS","is_prod":false,"is_daily":false,"chose_seed":false,"campfire_upgraded":0,"win_rate":0.0,"timestamp":1556883448,"path_taken":["M","M","M","M","M","E","M","?","T","?","M","E","$","M","R","BOSS","M","?","M","?","?","R","E","?","T","M","R","M","M","M","R","BOSS","M","?","M","?","M","R","M","R","T","M","$","M","M","?","R","BOSS"],"build_version":"2019-01-23","purchased_purges":1,"victory":true,"max_hp_per_floor":[77,77,77,77,77,77,77,77,77,77,77,77,77,77,77,77,77,77,77,77,77,77,77,77,77,77,77,77,77,77,77,77,77,77,77,73,73,73,73,73,73,73,73,73,83,83,83,83,83,83],"card_choices":[{"not_picked":["Sucker Punch","Poisoned Stab"],"picked":"Underhanded Strike","floor":1.0},{"not_picked":["PiercingWail","Sucker Punch"],"picked":"Flying Knee","floor":2.0},{"not_picked":["Underhanded Strike","Slice"],"picked":"Endless Agony","floor":3.0},{"not_picked":["Outmaneuver","Deadly Poison"],"picked":"Noxious Fumes","floor":4.0},{"not_picked":["Tactician","Masterful Stab"],"picked":"Footwork","floor":5.0},{"not_picked":["Well Laid Plans","Dagger Throw"],"picked":"Crippling Poison","floor":6.0},{"not_picked":["Choke","Poisoned Stab"],"picked":"Noxious Fumes","floor":7.0},{"not_picked":["Flechettes","Slice"],"picked":"Crippling Poison","floor":11.0},{"not_picked":["Flying Knee","Escape Plan"],"picked":"Envenom","floor":12.0},{"not_picked":["PiercingWail","Poisoned Stab"],"picked":"Prepared","floor":14.0},{"not_picked":["Die Die Die","Adrenaline"],"picked":"Malaise","floor":16.0},{"not_picked":["Infinite Blades","Terror"],"picked":"Deadly Poison+1","floor":18.0},{"not_picked":["Deflect","Slice+1"],"picked":"Bouncing Flask","floor":20.0},{"not_picked":["Dodge and Roll","Flying Knee"],"picked":"Noxious Fumes","floor":22.0},{"not_picked":["After Image","All Out Attack"],"picked":"Prepared","floor":24.0},{"not_picked":["Flechettes+1","Flying Knee"],"picked":"Distraction+1","floor":27.0},{"not_picked":["Tactician","PiercingWail"],"picked":"Deflect","floor":29.0},{"not_picked":["Outmaneuver","Quick Slash"],"picked":"Backflip","floor":30.0},{"not_picked":["PiercingWail","Dagger Spray"],"picked":"Well Laid Plans","floor":31.0},{"not_picked":["After Image","Glass Knife"],"picked":"Adrenaline","floor":33.0},{"not_picked":["Quick Slash+1","Backflip+1"],"picked":"Reflex+1","floor":35.0},{"not_picked":["Leg Sweep+1","Dash"],"picked":"Terror","floor":37.0},{"not_picked":["Secret Weapon","Panacea"],"picked":"Transmutation","floor":38.0},{"not_picked":["Dramatic Entrance","Swift Strike"],"picked":"Mind Blast","floor":38.0},{"not_picked":["Blind","Dark Shackles"],"picked":"Enlightenment","floor":38.0},{"not_picked":["Acrobatics","PiercingWail+1"],"picked":"Expertise","floor":39.0},{"not_picked":["Quick Slash+1","Dagger Spray"],"picked":"Dagger Throw+1","floor":41.0},{"not_picked":["Quick Slash","Blade Dance"],"picked":"Prepared","floor":44},{"not_picked":["Blur+1","Dagger Throw+1"],"picked":"All Out Attack+1","floor":46},{"not_picked":["Dodge and Roll+1","Sucker Punch"],"picked":"Reflex","floor":47}],"player_experience":9633,"relics_obtained":[{"floor":6.0,"key":"Whetstone"},{"floor":9.0,"key":"Regal Pillow"},{"floor":12.0,"key":"Lantern"},{"floor":22.0,"key":"Red Mask"},{"floor":24.0,"key":"Bottled Tornado"},{"floor":25.0,"key":"MawBank"},{"floor":26.0,"key":"Dodecahedron"},{"floor":43,"key":"Boot"}],"event_choices":[{"damage_healed":0.0,"max_hp_gain":0.0,"max_hp_loss":0.0,"gold_gain":175.0,"event_name":"Liars Game","player_choice":"AGREE","floor":8.0,"gold_loss":0.0,"damage_taken":0.0,"cards_obtained":["Doubt"]},{"damage_healed":0.0,"max_hp_gain":0.0,"max_hp_loss":0.0,"gold_gain":0.0,"event_name":"Shining Light","player_choice":"Entered Light","floor":10.0,"gold_loss":0.0,"damage_taken":15.0,"cards_upgraded":["Flying Knee","Neutralize"]},{"damage_healed":0.0,"max_hp_gain":0.0,"max_hp_loss":0.0,"gold_gain":0.0,"event_name":"The Mausoleum","player_choice":"Opened","floor":19.0,"gold_loss":0.0,"damage_taken":0.0,"relics_obtained":["Orichalcum"]},{"damage_healed":0.0,"max_hp_gain":0.0,"max_hp_loss":0.0,"gold_gain":0.0,"event_name":"Vampires","player_choice":"Ignored","floor":21.0,"gold_loss":0.0,"damage_taken":0.0},{"damage_healed":0.0,"max_hp_gain":0.0,"max_hp_loss":0.0,"gold_gain":0.0,"event_name":"Masked Bandits","player_choice":"Fought Bandits","floor":22.0,"gold_loss":0.0,"damage_taken":0.0},{"damage_healed":0.0,"max_hp_gain":0.0,"max_hp_loss":4.0,"gold_gain":0.0,"event_name":"Winding Halls","player_choice":"Max HP","floor":36.0,"gold_loss":0.0,"damage_taken":0.0},{"damage_healed":0.0,"max_hp_gain":0.0,"max_hp_loss":0.0,"gold_gain":0.0,"event_name":"SensoryStone","player_choice":"Memory 3","floor":38.0,"gold_loss":0.0,"damage_taken":10.0},{"damage_healed":0,"gold_gain":222,"player_choice":"Wore Mask","damage_taken":0,"max_hp_gain":0,"max_hp_loss":0,"event_name":"Tomb of Lord Red Mask","floor":48,"gold_loss":0}],"is_beta":false,"boss_relics":[{"not_picked":["White Beast Statue","Cursed Key"],"picked":"Astrolabe"},{"not_picked":["Busted Crown","Philosopher\u0027s Stone"],"picked":"Ring of the Serpent"}],"items_purged_floors":[45],"is_endless":false,"potions_floor_spawned":[4,5,6,12,14,20,29,30,39,44,46],"ascension_level":0}