{"gold_per_floor":[211,231,231,245,245,245,276,276,276,46,71,71,87,119,119,196,196,209,228,242,242,255,255,317,317,317,172,172,188,188,214,214,291,291,307,307,67,114,124,124,151,97,97,97,108,119,119,169,169,169],"floor_reached":51,"playtime":1982,"items_purged":["Strike_R","Strike_R"],"score":1242,"play_id":"099d6fea-8c8b-4349-bec3-6188ba154a94","local_time":"20190221125016","is_ascension_mode":true,"campfire_choices":[{"data":"Bash","floor":6.0,"key":"SMITH"},{"data":"Shockwave","floor":8.0,"key":"SMITH"},{"data":"Metallicize","floor":12.0,"key":"SMITH"},{"data":"Shrug It Off","floor":15.0,"key":"SMITH"},{"data":"True Grit","floor":23,"key":"SMITH"},{"data":"Whirlwind","floor":25,"key":"SMITH"},{"data":"Heavy Blade","floor":28,"key":"SMITH"},{"floor":32,"key":"REST"},{"data":"Limit Break","floor":40,"key":"SMITH"},{"floor":44,"key":"REST"},{"data":"Feel No Pain","floor":47,"key":"SMITH"},{"floor":49,"key":"REST"}],"neow_cost":"NONE","seed_source_timestamp":0,"circlet_count":0,"master_deck":["AscendersBane","Defend_R","Defend_R","Defend_R+1","Defend_R","Bash+1","Metallicize+1","Shockwave+1","Headbutt+1","Battle Trance+1","Shrug It Off+1","Anger+1","Impervious","Anger+1","Clash+1","Rupture+1","Iron Wave","True Grit+1","Inflame+1","Infernal Blade+1","Whirlwind+1","Heavy Blade+1","Flame Barrier","Limit Break+1","Spot Weakness","Dark Shackles","Uppercut","Shrug It Off","Pommel Strike","Shrug It Off","Feel No Pain+1"],"special_seed":0,"relics":["Burning Blood","Pear","Darkstone Periapt","Happy Flower","War Paint","Anchor","Whetstone","Astrolabe","Tiny Chest","Mercury Hourglass","Bag of Preparation","Sozu","Shovel","Juzu Bracelet","Pantograph"],"potions_floor_usage":[20,24,33,33,50],"damage_taken":[{"damage":9.0,"enemies":"Jaw Worm","floor":1.0,"turns":5.0},{"damage":6.0,"enemies":"Cultist","floor":2.0,"turns":4.0},{"damage":2.0,"enemies":"Small Slimes","floor":4.0,"turns":5.0},{"damage":30.0,"enemies":"Gremlin Nob","floor":7.0,"turns":4.0},{"damage":6.0,"enemies":"Lagavulin","floor":11.0,"turns":9.0},{"damage":0.0,"enemies":"2 Fungi Beasts","floor":13.0,"turns":3.0},{"damage":7.0,"enemies":"3 Sentries","floor":14.0,"turns":6.0},{"damage":12.0,"enemies":"Hexaghost","floor":16.0,"turns":8.0},{"damage":6.0,"enemies":"Shell Parasite","floor":18.0,"turns":5.0},{"damage":0.0,"enemies":"3 Byrds","floor":19.0,"turns":5.0},{"damage":0,"enemies":"Snecko","floor":20,"turns":5},{"damage":4,"enemies":"3 Cultists","floor":22,"turns":6},{"damage":13,"enemies":"Slavers","floor":24,"turns":5},{"damage":15,"enemies":"Snake Plant","floor":29,"turns":4},{"damage":24,"enemies":"Book of Stabbing","floor":31,"turns":4},{"damage":72,"enemies":"Automaton","floor":33,"turns":11},{"damage":3,"enemies":"3 Shapes","floor":35,"turns":4},{"damage":12,"enemies":"2 Orb Walkers","floor":38,"turns":6},{"damage":14,"enemies":"3 Darklings","floor":39,"turns":5},{"damage":28,"enemies":"Reptomancer","floor":41,"turns":6},{"damage":0,"enemies":"Maw","floor":45,"turns":7},{"damage":22,"enemies":"Jaw Worm Horde","floor":46,"turns":3},{"damage":48,"enemies":"Donu and Deca","floor":50,"turns":8}],"seed_played":"303689512253002954","potions_obtained":[{"floor":1.0,"key":"Poison Potion"},{"floor":2.0,"key":"FearPotion"},{"floor":7.0,"key":"AttackPotion"},{"floor":16.0,"key":"Ancient Potion"},{"floor":20,"key":"Swift Potion"},{"floor":31,"key":"LiquidBronze"},{"floor":33,"key":"Swift Potion"}],"is_trial":false,"path_per_floor":["M","M","?","M","?","R","E","R","T","$","E","R","M","E","R","B",null,"M","M","M","?","M","R","E","R","T","$","R","M","?","E","R","B",null,"M","?","$","?","M","R","E","$","T","R","M","M","R","?","R","B",null],"character_chosen":"IRONCLAD","items_purchased":["War Paint","Heavy Blade","Spot Weakness","Dark Shackles","Uppercut","Shrug It Off"],"campfire_rested":3,"item_purchase_floors":[10,27,37,37,37,42],"current_hp_per_floor":[65,65,70,74,74,74,50,50,50,50,50,50,56,55,55,49,76,76,82,85,85,85,85,78,78,78,78,78,69,69,51,76,10,66,69,69,69,63,55,55,33,33,33,58,64,48,48,48,73,43],"gold":169,"neow_bonus":"HUNDRED_GOLD","is_prod":false,"is_daily":false,"chose_seed":false,"campfire_upgraded":9,"win_rate":0,"timestamp":1550782216,"path_taken":["M","M","?","M","?","R","E","R","T","$","E","R","M","E","R","BOSS","M","M","M","?","M","R","E","R","T","$","R","?","?","E","R","BOSS","M","?","$","?","M","R","E","$","T","R","M","M","R","?","R","BOSS"],"build_version":"2019-01-23","purchased_purges":2,"victory":true,"max_hp_per_floor":[75,75,85,85,85,85,85,85,85,85,85,85,85,85,85,85,85,85,85,85,85,85,85,85,85,85,85,85,85,85,85,85,85,85,85,85,85,85,85,85,85,85,85,85,85,85,85,85,85,85],"card_choices":[{"not_picked":["Dropkick","Perfected Strike"],"picked":"Metallicize","floor":1.0},{"not_picked":["Seeing Red","Reckless Charge"],"picked":"Shockwave","floor":2.0},{"not_picked":["Iron Wave","Heavy Blade"],"picked":"Headbutt","floor":4.0},{"not_picked":["Heavy Blade","Battle Trance"],"picked":"Shrug It Off","floor":7.0},{"not_picked":["Headbutt","Fire Breathing"],"picked":"Anger","floor":11.0},{"not_picked":["Headbutt","Warcry","Sword Boomerang"],"picked":"SKIP","floor":13.0},{"not_picked":["Wild Strike","Searing Blow","Perfected Strike"],"picked":"SKIP","floor":14.0},{"not_picked":["Fiend Fire","Double Tap"],"picked":"Impervious","floor":16.0},{"not_picked":["Anger","Body Slam"],"picked":"Iron Wave","floor":18.0},{"not_picked":["Warcry","Wild Strike"],"picked":"True Grit","floor":19.0},{"not_picked":["Carnage","Headbutt"],"picked":"Inflame","floor":20},{"not_picked":["Armaments","Headbutt"],"picked":"Infernal Blade+1","floor":22},{"not_picked":["Havoc","Evolve+1"],"picked":"Whirlwind","floor":24},{"not_picked":["Warcry","Headbutt","Evolve"],"picked":"SKIP","floor":29},{"not_picked":["Anger","Shockwave","Flex"],"picked":"SKIP","floor":31},{"not_picked":["Fiend Fire","Offering"],"picked":"Limit Break","floor":33},{"not_picked":["True Grit","Clash","Rampage+1"],"picked":"SKIP","floor":35},{"not_picked":["Thunderclap+1","Perfected Strike"],"picked":"Shrug It Off","floor":39},{"not_picked":["Dark Embrace","Pommel Strike","Whirlwind"],"picked":"SKIP","floor":41},{"not_picked":["Dark Embrace","Whirlwind"],"picked":"Pommel Strike","floor":41},{"not_picked":["Anger+1","Shrug It Off"],"picked":"Feel No Pain","floor":45},{"not_picked":["Heavy Blade","Wild Strike","Havoc"],"picked":"SKIP","floor":46}],"player_experience":2234645,"relics_obtained":[{"floor":7.0,"key":"Darkstone Periapt"},{"floor":9.0,"key":"Happy Flower"},{"floor":11.0,"key":"Anchor"},{"floor":14.0,"key":"Whetstone"},{"floor":24,"key":"Tiny Chest"},{"floor":26,"key":"Mercury Hourglass"},{"floor":31,"key":"Bag of Preparation"},{"floor":38,"key":"Shovel"},{"floor":41,"key":"Juzu Bracelet"},{"floor":43,"key":"Pantograph"}],"event_choices":[{"damage_healed":0.0,"max_hp_gain":0.0,"max_hp_loss":0.0,"gold_gain":0.0,"event_name":"Scrap Ooze","player_choice":"Success","floor":3.0,"gold_loss":0.0,"damage_taken":5.0,"relics_obtained":["Pear"]},{"damage_healed":0.0,"max_hp_gain":0.0,"max_hp_loss":0.0,"gold_gain":0.0,"event_name":"Match and Keep!","player_choice":"1 cards matched","floor":5.0,"gold_loss":0.0,"damage_taken":0.0,"cards_obtained":["Battle Trance"]},{"damage_healed":0,"gold_gain":0,"player_choice":"Upgraded","damage_taken":0,"max_hp_gain":0,"max_hp_loss":0,"event_name":"Upgrade Shrine","floor":21,"gold_loss":0,"cards_upgraded":["Inflame"]},{"damage_healed":0,"gold_gain":0,"player_choice":"Read","damage_taken":0,"max_hp_gain":0,"max_hp_loss":0,"event_name":"The Library","floor":30,"gold_loss":0,"cards_obtained":["Flame Barrier"]},{"damage_healed":0,"gold_gain":0,"player_choice":"Ignored","damage_taken":0,"max_hp_gain":0,"max_hp_loss":0,"event_name":"Tomb of Lord Red Mask","floor":36,"gold_loss":0},{"damage_healed":0,"gold_gain":0,"player_choice":"Fight","damage_taken":0,"max_hp_gain":0,"max_hp_loss":0,"event_name":"Mysterious Sphere","floor":38,"gold_loss":0},{"damage_healed":0,"gold_gain":50,"player_choice":"Pray","damage_taken":0,"max_hp_gain":0,"max_hp_loss":0,"event_name":"Golden Shrine","floor":48,"gold_loss":0}],"is_beta":false,"boss_relics":[{"not_picked":["Empty Cage","Fusion Hammer"],"picked":"Astrolabe"},{"not_picked":["Runic Pyramid","Busted Crown"],"picked":"Sozu"}],"items_purged_floors":[10,27],"is_endless":false,"potions_floor_spawned":[1,2,7,13,16,20,22,31,33,39,41],"ascension_level":15}