{"gold_per_floor":[111,124,56,6,16,16,34,44,70,70,105,30,47,22,22,117,117,128,112,144,159,176,176,206,206,206,206,206,220,24,24],"floor_reached":31,"playtime":1777,"items_purged":["Strike_G"],"score":283,"play_id":"0d8d1ab7-d260-4ab4-b18b-b50a8acf2a9d","local_time":"20180708163037","is_ascension_mode":true,"campfire_choices":[{"data":"Cloak And Dagger","floor":6,"key":"SMITH"},{"data":"A Thousand Cuts","floor":10,"key":"SMITH"},{"data":"Cloak And Dagger","floor":15,"key":"SMITH"},{"floor":23,"key":"REST"},{"floor":25,"key":"REST"},{"data":"Storm of Steel","floor":27,"key":"SMITH"}],"neow_cost":"NONE","seed_source_timestamp":289547284713124,"circlet_count":0,"master_deck":["Defend_G","Defend_G","Defend_G","Defend_G","Defend_G","Survivor","Neutralize","Deflect","Cloak And Dagger+1","Accuracy","Deflect","A Thousand Cuts+1","Sucker Punch","Finisher","Prepared","Cloak And Dagger+1","Night Terror","Envenom+1","Leg Sweep+1","Wraith Form v2+1","Well Laid Plans","Prepared+1","Dodge and Roll","Storm of Steel+1","Skewer+1","Heel Hook","Apotheosis"],"relics":["Ring of the Snake","NeowsBlessing","Strawberry","Pen Nib","Astrolabe","Red Mask","Vajra","Bottled Flame"],"potions_floor_usage":[19,21,22,24,31],"damage_taken":[{"damage":0,"enemies":"Cultist","floor":1,"turns":1},{"damage":0,"enemies":"Jaw Worm","floor":2,"turns":1},{"damage":0,"enemies":"2 Louse","floor":5,"turns":1},{"damage":9,"enemies":"Large Slime","floor":7,"turns":8},{"damage":6,"enemies":"3 Louse","floor":8,"turns":4},{"damage":9,"enemies":"3 Sentries","floor":11,"turns":5},{"damage":1,"enemies":"Blue Slaver","floor":13,"turns":4},{"damage":30,"enemies":"The Guardian","floor":16,"turns":11},{"damage":4,"enemies":"3 Byrds","floor":18,"turns":6},{"damage":2,"enemies":"2 Thieves","floor":19,"turns":4},{"damage":59,"floor":20,"turns":7},{"damage":18,"enemies":"Sentry and Sphere","floor":21,"turns":9},{"damage":3,"enemies":"Snake Plant","floor":22,"turns":5},{"damage":6,"enemies":"Book of Stabbing","floor":24,"turns":6},{"damage":21,"enemies":"Cultist and Chosen","floor":29,"turns":8},{"damage":11,"enemies":"Gremlin Leader","floor":31,"turns":4}],"seed_played":"1859567949665796057","potions_obtained":[{"floor":8,"key":"Strength Potion"},{"floor":11,"key":"Regen Potion"},{"floor":16,"key":"Energy Potion"},{"floor":21,"key":"EssenceOfSteel"},{"floor":22,"key":"LiquidBronze"},{"floor":29,"key":"SkillPotion"}],"is_trial":false,"path_per_floor":["M","M","$","?","M","R","M","M","T","R","E","$","M","$","R","B",null,"M","M","?","M","M","R","E","R","T","R","?","M","$"],"character_chosen":"THE_SILENT","items_purchased":["Accuracy","Cloak And Dagger","Apotheosis"],"campfire_rested":2,"item_purchase_floors":[3,14,30],"current_hp_per_floor":[70,70,70,70,70,70,61,55,62,62,53,53,52,52,52,22,77,73,71,12,9,6,29,23,46,46,46,32,11,11,0],"gold":24,"neow_bonus":"THREE_ENEMY_KILL","is_prod":false,"is_daily":false,"chose_seed":false,"campfire_upgraded":4,"win_rate":0,"timestamp":1531060237,"path_taken":["M","M","$","?","?","R","M","?","T","R","E","$","M","?","R","BOSS","M","M","?","M","M","R","E","R","T","R","?","M","$","E"],"build_version":"2018-07-05","purchased_purges":1,"victory":false,"max_hp_per_floor":[70,70,70,70,70,70,70,70,77,77,77,77,77,77,77,77,77,77,77,77,77,77,77,77,77,77,77,82,82,82,82],"card_choices":[{"not_picked":["Slice","Sucker Punch"],"picked":"Deflect","floor":1},{"not_picked":["Outmaneuver","Dagger Throw"],"picked":"Cloak And Dagger","floor":2},{"not_picked":["Dagger Throw","Outmaneuver"],"picked":"Deflect","floor":5},{"not_picked":["Deflect","Flying Knee"],"picked":"A Thousand Cuts","floor":7},{"not_picked":["Riddle With Holes","Slice"],"picked":"Sucker Punch","floor":8},{"not_picked":["Dash","Bane"],"picked":"Finisher","floor":11},{"not_picked":["Catalyst","Bouncing Flask"],"picked":"Prepared","floor":13},{"not_picked":["Corpse Explosion","Tactician"],"picked":"Night Terror","floor":16},{"not_picked":["Outmaneuver+1","Sucker Punch+1"],"picked":"Well Laid Plans","floor":18},{"not_picked":["Blur","Backflip"],"picked":"Prepared+1","floor":19},{"not_picked":["Outmaneuver","Flying Knee"],"picked":"Dodge and Roll","floor":20},{"not_picked":["Bane+1","Distraction+1"],"picked":"Storm of Steel","floor":21},{"not_picked":["Poisoned Stab","Slice","Bane"],"picked":"SKIP","floor":22},{"not_picked":["Prepared","Outmaneuver"],"picked":"Skewer+1","floor":24},{"not_picked":["Cloak And Dagger","Eviscerate"],"picked":"Heel Hook","floor":29}],"player_experience":120118,"relics_obtained":[{"floor":9,"key":"Strawberry"},{"floor":11,"key":"Pen Nib"},{"floor":20,"key":"Red Mask"},{"floor":24,"key":"Vajra"},{"floor":26,"key":"Bottled Flame"}],"event_choices":[{"event_name":"The Cleric","player_choice":"Card Removal","floor":4,"damage_taken":0},{"event_name":"Masked Bandits","player_choice":"Fought over 112 gold","floor":20,"damage_taken":0},{"event_name":"Forgotten Altar","player_choice":"Shed Blood","floor":28,"damage_taken":0}],"boss_relics":[{"not_picked":["Philosopher\u0027s Stone","Busted Crown"],"picked":"Astrolabe"}],"items_purged_floors":[12],"is_endless":false,"potions_floor_spawned":[8,11,16,18,21,22,29],"killed_by":"Gremlin Leader","ascension_level":2}