{"gold_per_floor":[116,116,41,11,31,31,41,71,97,97,112,112,145,145,145,218,218,232,332,11,28,41,41,66,84,84,99,99,99,99,149,149,149],"floor_reached":33,"playtime":1418,"items_purged":["Defend_R"],"score":519,"play_id":"cc7398f9-e9ea-4106-8f8a-9e549a4db446","local_time":"20190427091759","is_ascension_mode":true,"campfire_choices":[{"data":"Hemokinesis","floor":6.0,"key":"SMITH"},{"data":"Double Tap","floor":10.0,"key":"SMITH"},{"data":"Whirlwind","floor":15.0,"key":"SMITH"},{"data":"Entrench","floor":23.0,"key":"SMITH"},{"data":"Body Slam","floor":28,"key":"SMITH"},{"data":"Fiend Fire","floor":30,"key":"SMITH"},{"floor":32,"key":"REST"}],"neow_cost":"NONE","seed_source_timestamp":0,"circlet_count":0,"master_deck":["AscendersBane","Strike_R","Strike_R","Strike_R","Strike_R","Defend_R","Defend_R","Bash","Heavy Blade","Shrug It Off","Hemokinesis+1","Headbutt","Double Tap+1","Whirlwind+1","Fiend Fire+1","Flame Barrier","Inflame","Twin Strike","Entrench+1","Writhe","Body Slam+1"],"special_seed":0,"relics":["Burning Blood","Smiling Mask","Orichalcum","Sundial","Cursed Key","Bird Faced Urn","Meat on the Bone","Anchor","Darkstone Periapt","Shuriken"],"potions_floor_usage":[25],"damage_taken":[{"damage":11.0,"enemies":"Jaw Worm","floor":1.0,"turns":5.0},{"damage":4.0,"enemies":"Small Slimes","floor":5.0,"turns":5.0},{"damage":2.0,"enemies":"2 Louse","floor":7.0,"turns":1.0},{"damage":38.0,"enemies":"Lagavulin","floor":8.0,"turns":7.0},{"damage":2.0,"enemies":"Large Slime","floor":11.0,"turns":4.0},{"damage":11.0,"enemies":"Gremlin Nob","floor":13.0,"turns":3.0},{"damage":32.0,"enemies":"The Guardian","floor":16.0,"turns":8.0},{"damage":15.0,"enemies":"3 Byrds","floor":18.0,"turns":4.0},{"damage":20.0,"enemies":"Colosseum Slavers","floor":19.0,"turns":5.0},{"damage":39.0,"enemies":"Colosseum Nobs","floor":19.0,"turns":4.0},{"damage":0.0,"enemies":"2 Thieves","floor":21.0,"turns":3.0},{"damage":4.0,"enemies":"3 Cultists","floor":22.0,"turns":3.0},{"damage":14.0,"enemies":"Slavers","floor":24.0,"turns":3.0},{"damage":20,"enemies":"Snake Plant","floor":25,"turns":3},{"damage":36,"enemies":"Cultist and Chosen","floor":27,"turns":7},{"damage":108,"enemies":"Collector","floor":33,"turns":7}],"seed_played":"-1159549810065538105","potions_obtained":[{"floor":8.0,"key":"Dexterity Potion"},{"floor":11.0,"key":"Strength Potion"},{"floor":13.0,"key":"LiquidBronze"},{"floor":18.0,"key":"Poison Potion"},{"floor":19.0,"key":"Swift Potion"},{"floor":22.0,"key":"Fire Potion"},{"floor":24.0,"key":"SteroidPotion"}],"is_trial":false,"path_per_floor":["M","?","?","$","M","R","M","E","T","R","M","?","E","?","R","B",null,"M","?","$","M","M","R","E","M","T","M","R","?","R","?","R","B"],"character_chosen":"IRONCLAD","items_purchased":["Shrug It Off","Inflame","Anchor","Twin Strike"],"campfire_rested":1,"item_purchase_floors":[4,20,20,20],"current_hp_per_floor":[70,70,70,70,72,72,76,44,44,44,48,41,36,36,36,10,64,55,8,8,28,42,42,48,46,52,36,36,54,54,54,80,0],"gold":149,"neow_bonus":"TEN_PERCENT_HP_BONUS","is_prod":false,"is_daily":false,"chose_seed":false,"campfire_upgraded":6,"win_rate":0,"timestamp":1556345879,"path_taken":["M","?","?","$","M","R","M","E","T","R","M","?","E","?","R","BOSS","M","?","$","M","M","R","E","M","T","M","R","?","R","?","R","BOSS"],"build_version":"2019-01-23","purchased_purges":1,"victory":false,"max_hp_per_floor":[82,82,82,82,82,82,82,82,82,82,82,82,82,82,82,82,82,82,82,82,82,82,82,82,82,88,88,88,88,88,88,88,88],"card_choices":[{"not_picked":["Havoc","Intimidate"],"picked":"Heavy Blade","floor":1.0},{"not_picked":["Reckless Charge","Power Through"],"picked":"Hemokinesis","floor":5.0},{"not_picked":["Armaments","Thunderclap"],"picked":"Headbutt","floor":7.0},{"not_picked":["Bloodletting","Flex"],"picked":"Double Tap","floor":8.0},{"not_picked":["Flame Barrier","Dropkick"],"picked":"Whirlwind","floor":11.0},{"not_picked":["Iron Wave","Sever Soul","Carnage"],"picked":"SKIP","floor":13.0},{"not_picked":["Berserk","Limit Break"],"picked":"Fiend Fire","floor":16.0},{"not_picked":["Wild Strike","Power Through"],"picked":"Flame Barrier","floor":18.0},{"not_picked":["Sword Boomerang","Headbutt","Infernal Blade"],"picked":"SKIP","floor":21.0},{"not_picked":["Cleave","Carnage"],"picked":"Entrench","floor":22.0},{"not_picked":["Headbutt","Cleave","Entrench"],"picked":"SKIP","floor":24.0},{"not_picked":["Warcry","Double Tap","Clash"],"picked":"SKIP","floor":25},{"not_picked":["Anger","Cleave"],"picked":"Body Slam","floor":27}],"player_experience":334605,"relics_obtained":[{"floor":8.0,"key":"Smiling Mask"},{"floor":9.0,"key":"Orichalcum"},{"floor":13.0,"key":"Sundial"},{"floor":19.0,"key":"Bird Faced Urn"},{"floor":19.0,"key":"Meat on the Bone"},{"floor":24.0,"key":"Darkstone Periapt"},{"floor":26,"key":"Shuriken"}],"event_choices":[{"damage_healed":0.0,"max_hp_gain":0.0,"max_hp_loss":0.0,"gold_gain":0.0,"event_name":"Golden Idol","player_choice":"Ignored","floor":2.0,"gold_loss":0.0,"damage_taken":0.0},{"cards_removed":["Strike_R"],"damage_healed":0.0,"max_hp_gain":0.0,"max_hp_loss":0.0,"gold_gain":0.0,"event_name":"The Cleric","player_choice":"Card Removal","floor":3.0,"gold_loss":75.0,"damage_taken":0.0},{"cards_removed":["Defend_R"],"damage_healed":0.0,"max_hp_gain":0.0,"max_hp_loss":0.0,"gold_gain":0.0,"event_name":"Golden Wing","player_choice":"Card Removal","floor":12.0,"gold_loss":0.0,"damage_taken":7.0},{"damage_healed":0.0,"max_hp_gain":0.0,"max_hp_loss":0.0,"gold_gain":0.0,"event_name":"Liars Game","player_choice":"Ignored","floor":14.0,"gold_loss":0.0,"damage_taken":0.0},{"damage_healed":0.0,"max_hp_gain":0.0,"max_hp_loss":0.0,"gold_gain":0.0,"event_name":"Colosseum","player_choice":"Fight","floor":19.0,"gold_loss":0.0,"damage_taken":0.0},{"damage_healed":0.0,"max_hp_gain":0.0,"max_hp_loss":0.0,"gold_gain":0.0,"event_name":"Colosseum","player_choice":"Fought Nobs","floor":19.0,"gold_loss":0.0,"damage_taken":0.0},{"damage_healed":18,"gold_gain":0,"player_choice":"Heal","damage_taken":0,"max_hp_gain":0,"max_hp_loss":0,"event_name":"The Library","floor":29,"gold_loss":0},{"damage_healed":0,"gold_gain":50,"player_choice":"Stole From Cult","damage_taken":0,"max_hp_gain":0,"max_hp_loss":0,"event_name":"Nest","floor":31,"gold_loss":0}],"is_beta":false,"boss_relics":[{"not_picked":["Runic Dome","Black Star"],"picked":"Cursed Key"}],"items_purged_floors":[20],"is_endless":false,"potions_floor_spawned":[8,11,13,18,19,22,24],"killed_by":"Collector","ascension_level":18}