{"gold_per_floor":[115,131,144,144,207,235,249,249,327,201,226,245,272,287,287,363,363,380,380,399,410,422,422,451,466,492,518,518,518,534,544,544,615,615,632,648,662,662,673,705,317,317,363,394,13,25,53,71,71,71,71,71,33,60,60],"floor_reached":56,"playtime":2983,"items_purged":["Strike_R","Strike_R"],"score":2280,"play_id":"3652288a-0327-4af0-a374-c6d28144a7b4","local_time":"20190215111353","is_ascension_mode":true,"campfire_choices":[{"data":"Bash","floor":8.0,"key":"SMITH"},{"data":"Spot Weakness","floor":15.0,"key":"SMITH"},{"data":"Disarm","floor":23,"key":"SMITH"},{"data":"Feel No Pain","floor":29,"key":"SMITH"},{"data":"Juggernaut","floor":32,"key":"SMITH"},{"data":"Feel No Pain","floor":42,"key":"SMITH"},{"floor":49,"key":"RECALL"},{"data":"Heavy Blade","floor":52,"key":"SMITH"}],"neow_cost":"NONE","seed_source_timestamp":9348176141026,"circlet_count":0,"master_deck":["AscendersBane","Strike_R","Defend_R","Defend_R","Defend_R","Defend_R","Bash+1","Spot Weakness+1","Carnage","Anger","Disarm+1","Pummel","Iron Wave","Feel No Pain+1","Thunderclap+1","Spot Weakness+1","Havoc","Impervious","Shrug It Off","Juggernaut+1","Whirlwind","Impervious","Flame Barrier","Battle Trance","Pummel+1","Headbutt+1","Disarm+1","Corruption","Shrug It Off+1","Shrug It Off","Shrug It Off+1","Immolate+1","Dark Embrace","Clothesline+1","Dual Wield+1","Shrug It Off","Flame Barrier","Shrug It Off+1","Impervious","Feel No Pain+1","Ghostly Armor+1","Shockwave+1","Shrug It Off+1","Shrug It Off+1","Heavy Blade+1","True Grit+1","Offering+1","Burning Pact+1"],"special_seed":0,"relics":["Burning Blood","Prayer Wheel","PreservedInsect","Question Card","Vajra","Pear","Snecko Eye","Anchor","Strawberry","Nilry\u0027s Codex","Empty Cage","Pen Nib","Happy Flower","Whetstone","Lantern","Omamori","Toxic Egg 2","Bottled Lightning","Art of War"],"potions_floor_usage":[24,33,55,55],"damage_taken":[{"damage":3.0,"enemies":"2 Louse","floor":1.0,"turns":4.0},{"damage":9.0,"enemies":"Jaw Worm","floor":2.0,"turns":4.0},{"damage":1.0,"enemies":"Cultist","floor":3.0,"turns":3.0},{"damage":33.0,"enemies":"3 Sentries","floor":6.0,"turns":7.0},{"damage":18.0,"enemies":"Exordium Wildlife","floor":7.0,"turns":5.0},{"damage":0.0,"enemies":"Gremlin Nob","floor":11.0,"turns":2.0},{"damage":5.0,"enemies":"2 Fungi Beasts","floor":12.0,"turns":3.0},{"damage":15.0,"enemies":"Lagavulin","floor":13.0,"turns":3.0},{"damage":17.0,"enemies":"Lots of Slimes","floor":14.0,"turns":5.0},{"damage":25.0,"enemies":"Slime Boss","floor":16.0,"turns":10.0},{"damage":0,"enemies":"Chosen","floor":18,"turns":3},{"damage":0,"enemies":"Spheric Guardian","floor":20,"turns":4},{"damage":0,"enemies":"Snecko","floor":21,"turns":4},{"damage":0,"enemies":"Snake Plant","floor":22,"turns":4},{"damage":0,"enemies":"Gremlin Leader","floor":24,"turns":7},{"damage":3,"enemies":"Chosen and Byrds","floor":25,"turns":6},{"damage":1,"enemies":"Book of Stabbing","floor":27,"turns":6},{"damage":22,"enemies":"Centurion and Healer","floor":30,"turns":6},{"damage":0,"enemies":"3 Cultists","floor":31,"turns":4},{"damage":27,"enemies":"Automaton","floor":33,"turns":8},{"damage":0,"enemies":"3 Shapes","floor":35,"turns":2},{"damage":10,"enemies":"3 Darklings","floor":36,"turns":3},{"damage":0,"enemies":"Writhing Mass","floor":37,"turns":7},{"damage":12,"enemies":"Spire Growth","floor":39,"turns":5},{"damage":1,"enemies":"Nemesis","floor":40,"turns":5},{"damage":0,"enemies":"Reptomancer","floor":44,"turns":2},{"damage":0,"enemies":"Maw","floor":46,"turns":7},{"damage":0,"enemies":"Nemesis","floor":47,"turns":5},{"damage":19,"enemies":"Writhing Mass","floor":48,"turns":5},{"damage":7,"enemies":"Awakened One","floor":50,"turns":6},{"damage":29,"enemies":"Shield and Spear","floor":54,"turns":5},{"damage":28,"enemies":"The Heart","floor":55,"turns":8}],"seed_played":"-1234764266645389780","potions_obtained":[{"floor":1.0,"key":"Block Potion"},{"floor":2.0,"key":"Dexterity Potion"},{"floor":11.0,"key":"FearPotion"},{"floor":22,"key":"PowerPotion"},{"floor":25,"key":"Strength Potion"},{"floor":27,"key":"FearPotion"},{"floor":33,"key":"Strength Potion"},{"floor":37,"key":"PowerPotion"}],"is_trial":false,"path_per_floor":["M","M","M","?","?","E","M","R","T","$","E","M","E","M","R","B",null,"M","?","M","M","M","R","E","M","T","E","?","R","M","M","R","B",null,"M","M","M","?","M","E","$","R","T","E","$","M","E","M","R","B",null,"R","$","E","B",null],"character_chosen":"IRONCLAD","items_purchased":["AttackPotion","Happy Flower","Whetstone","Toxic Egg 2","Shockwave+1","Shrug It Off+1","Burning Pact+1"],"campfire_rested":0,"item_purchase_floors":[10,41,41,45,45,45,53],"current_hp_per_floor":[78,75,80,69,69,42,30,30,30,30,36,37,38,27,27,8,71,77,77,83,89,92,92,92,92,92,99,78,78,62,68,68,47,86,92,88,94,94,88,93,93,93,93,99,99,99,99,86,86,85,96,96,96,73,51],"gold":60,"neow_bonus":"TEN_PERCENT_HP_BONUS","is_prod":false,"is_daily":false,"chose_seed":false,"campfire_upgraded":7,"win_rate":0,"timestamp":1550258033,"path_taken":["M","M","M","?","?","E","M","R","T","$","E","M","E","M","R","BOSS","M","?","?","M","M","R","E","M","T","E","?","R","M","M","R","BOSS","M","M","M","?","M","E","$","R","T","E","$","?","E","M","R","BOSS","R","$","E","BOSS"],"build_version":"2019-01-23","purchased_purges":2,"victory":true,"max_hp_per_floor":[82,82,82,82,82,82,82,82,82,82,82,82,92,92,92,92,92,92,92,92,92,92,92,92,92,92,99,99,99,99,99,99,99,99,99,99,99,99,99,99,99,99,99,99,99,99,99,99,99,99,99,99,99,99,99],"card_choices":[{"not_picked":["Headbutt","Searing Blow"],"picked":"Spot Weakness","floor":1.0},{"not_picked":["Feel No Pain","Entrench"],"picked":"Carnage","floor":2.0},{"not_picked":["Inflame","Wild Strike"],"picked":"Anger","floor":3.0},{"not_picked":["Dark Embrace","Clothesline"],"picked":"Disarm","floor":6.0},{"not_picked":["Perfected Strike","Wild Strike"],"picked":"Pummel","floor":7.0},{"not_picked":["Headbutt","Sword Boomerang"],"picked":"Iron Wave","floor":7.0},{"not_picked":["Sword Boomerang","Cleave","Pommel Strike"],"picked":"Feel No Pain","floor":11.0},{"not_picked":["Clash","Flex","Havoc"],"picked":"Thunderclap","floor":12.0},{"not_picked":["Ghostly Armor","Fire Breathing","Searing Blow"],"picked":"Spot Weakness","floor":12.0},{"not_picked":["Feel No Pain","Warcry","Disarm"],"picked":"Havoc","floor":13.0},{"not_picked":["Searing Blow","Clash","Armaments"],"picked":"Impervious","floor":14.0},{"not_picked":["Twin Strike","Pummel","Thunderclap"],"picked":"Shrug It Off","floor":14.0},{"not_picked":["Bludgeon","Brutality","Exhume"],"picked":"Juggernaut","floor":16.0},{"not_picked":["Sword Boomerang","Inflame","Second Wind"],"picked":"Whirlwind","floor":18},{"not_picked":["Rage","Iron Wave","Intimidate","Cleave"],"picked":"SKIP","floor":18},{"not_picked":["Perfected Strike","Dropkick+1","Rage"],"picked":"Flame Barrier","floor":20},{"not_picked":["Pummel","Iron Wave","Headbutt","Infernal Blade"],"picked":"SKIP","floor":20},{"not_picked":["Spot Weakness","Power Through","Heavy Blade"],"picked":"Battle Trance","floor":21},{"not_picked":["Cleave+1","Hemokinesis","Ghostly Armor"],"picked":"Pummel+1","floor":21},{"not_picked":["Pummel","Warcry","Heavy Blade"],"picked":"Headbutt+1","floor":22},{"not_picked":["Sword Boomerang","Anger","Wild Strike","Twin Strike"],"picked":"SKIP","floor":22},{"not_picked":["Pommel Strike","Shrug It Off+1","Reaper"],"picked":"Disarm+1","floor":24},{"not_picked":["Bloodletting+1","Sword Boomerang","Havoc"],"picked":"Corruption","floor":25},{"not_picked":["Clothesline","Wild Strike","Thunderclap"],"picked":"Shrug It Off+1","floor":25},{"not_picked":["Corruption","Burning Pact","Flex","Headbutt"],"picked":"SKIP","floor":27},{"not_picked":["Dropkick","Shockwave","Sever Soul"],"picked":"Shrug It Off","floor":30},{"not_picked":["Sever Soul","Anger","Sword Boomerang","True Grit"],"picked":"SKIP","floor":30},{"not_picked":["Whirlwind","Clash","Warcry+1"],"picked":"Shrug It Off+1","floor":31},{"not_picked":["Havoc+1","Evolve","Pommel Strike"],"picked":"Immolate","floor":31},{"not_picked":["Impervious","Exhume","Demon Form"],"picked":"Dark Embrace","floor":33},{"not_picked":["Body Slam+1","Pommel Strike","Rupture"],"picked":"Clothesline+1","floor":35},{"not_picked":["Metallicize","Pommel Strike","Blood for Blood"],"picked":"Dual Wield+1","floor":35},{"not_picked":["Iron Wave","Wild Strike","Intimidate+1"],"picked":"Shrug It Off","floor":36},{"not_picked":["Havoc","Heavy Blade","Armaments"],"picked":"Flame Barrier","floor":36},{"not_picked":["Thunderclap","Second Wind+1","Fire Breathing"],"picked":"Shrug It Off+1","floor":37},{"not_picked":["Sever Soul","Whirlwind+1","Body Slam","Flex+1"],"picked":"SKIP","floor":37},{"not_picked":["Corruption","Second Wind","Sword Boomerang"],"picked":"Impervious","floor":39},{"not_picked":["Armaments","Cleave","Seeing Red"],"picked":"Feel No Pain","floor":39},{"not_picked":["Bloodletting","Seeing Red","Iron Wave","Sword Boomerang+1"],"picked":"SKIP","floor":40},{"not_picked":["Brutality","Cleave","Warcry+1"],"picked":"Ghostly Armor+1","floor":44},{"not_picked":["Anger","Flex+1","Whirlwind"],"picked":"Shrug It Off+1","floor":46},{"not_picked":["Shockwave+1","Headbutt","Thunderclap"],"picked":"Heavy Blade","floor":46},{"not_picked":["Heavy Blade+1","Dual Wield+1","Havoc+1","Iron Wave"],"picked":"SKIP","floor":47},{"not_picked":["Clothesline","Headbutt","Evolve"],"picked":"True Grit+1","floor":48},{"not_picked":["Anger","Sever Soul+1","Flame Barrier+1"],"picked":"Offering+1","floor":48},{"not_picked":["Heavy Blade","Feed","Thunderclap+1","Sword Boomerang"],"picked":"SKIP","floor":54}],"player_experience":2210866,"relics_obtained":[{"floor":6.0,"key":"PreservedInsect"},{"floor":9.0,"key":"Question Card"},{"floor":11.0,"key":"Vajra"},{"floor":13.0,"key":"Pear"},{"floor":24,"key":"Anchor"},{"floor":27,"key":"Strawberry"},{"floor":28,"key":"Nilry\u0027s Codex"},{"floor":40,"key":"Pen Nib"},{"floor":43,"key":"Lantern"},{"floor":44,"key":"Omamori"},{"floor":47,"key":"Bottled Lightning"},{"floor":54,"key":"Art of War"}],"event_choices":[{"damage_healed":0.0,"max_hp_gain":0.0,"max_hp_loss":0.0,"gold_gain":0.0,"event_name":"Scrap Ooze","player_choice":"Success","floor":4.0,"gold_loss":0.0,"damage_taken":11.0,"relics_obtained":["Prayer Wheel"]},{"damage_healed":0.0,"max_hp_gain":0.0,"max_hp_loss":0.0,"gold_gain":63.0,"event_name":"Golden Wing","player_choice":"Gained Gold","floor":5.0,"gold_loss":0.0,"damage_taken":0.0},{"damage_healed":0,"gold_gain":0,"player_choice":"Copied","damage_taken":0,"max_hp_gain":0,"max_hp_loss":0,"event_name":"Duplicator","floor":19,"gold_loss":0,"cards_obtained":["Impervious"]},{"damage_healed":0,"gold_gain":0,"player_choice":"Obtained Book","damage_taken":21,"max_hp_gain":0,"max_hp_loss":0,"event_name":"Cursed Tome","floor":28,"gold_loss":0},{"damage_healed":0,"gold_gain":0,"player_choice":"Upgraded","damage_taken":0,"max_hp_gain":0,"max_hp_loss":0,"event_name":"Upgrade Shrine","floor":38,"gold_loss":0,"cards_upgraded":["Spot Weakness"]}],"is_beta":false,"boss_relics":[{"not_picked":["Philosopher\u0027s Stone","Fusion Hammer"],"picked":"Snecko Eye"},{"not_picked":["Runic Cube","Black Blood"],"picked":"Empty Cage"}],"items_purged_floors":[10,41],"is_endless":false,"potions_floor_spawned":[1,2,11,12,22,25,27,33,37,40,44,47],"ascension_level":15}