{"gold_per_floor":[114,126,137,36,50,50,73,73,73,84,117,117,133,151,151,256,256,268,279,105,124,124,124,324,324,349,368,233,250,250,261,261,358,358,369,386,386,386,237,337,42,0,0,0,17,37,37,48,48,48],"floor_reached":50,"playtime":5555,"items_purged":["Defend_B","Strike_B","Writhe"],"score":645,"play_id":"37ef955c-d12c-4c3c-a8fb-0f56cfa4d6db","local_time":"20190402011711","is_ascension_mode":true,"campfire_choices":[{"data":"Self Repair","floor":6.0,"key":"SMITH"},{"floor":12.0,"key":"REST"},{"floor":15.0,"key":"REST"},{"floor":23.0,"key":"REST"},{"data":"Fission","floor":25.0,"key":"SMITH"},{"data":"Buffer","floor":30.0,"key":"SMITH"},{"data":"Storm","floor":32.0,"key":"SMITH"},{"data":"Creative AI","floor":47.0,"key":"SMITH"},{"floor":49.0,"key":"REST"}],"neow_cost":"NONE","seed_source_timestamp":0,"circlet_count":0,"master_deck":["Zap","Dualcast","Beam Cell","Go for the Eyes","Scrape","Self Repair+1","Leap","Conserve Battery","Defragment","Coolheaded","Sweeping Beam","Fission+1","Seek","Capacitor","Coolheaded","Sunder","Defragment","Darkness","Echo Form","Conserve Battery","Barrage","Melter","Auto Shields","Ghostly","Ghostly","Ghostly","Ghostly","Ghostly","Buffer+1","Storm+1","Melter+1","Defragment","Creative AI+1","Multi-Cast","Go for the Eyes","Redo","Defragment","Electrodynamics","Static Discharge","Panache","Ball Lightning","Panacea","Streamline+1"],"special_seed":0,"relics":["Cracked Core","Potion Belt","Dodecahedron","Happy Flower","Orrery","Oddly Smooth Stone","Pandora\u0027s Box","StoneCalendar","OrangePellets","Red Mask","Mango","Calipers"],"potions_floor_usage":[50],"damage_taken":[{"damage":1.0,"enemies":"Cultist","floor":1.0,"turns":4.0},{"damage":2.0,"enemies":"Jaw Worm","floor":2.0,"turns":4.0},{"damage":2.0,"enemies":"2 Louse","floor":3.0,"turns":3.0},{"damage":8.0,"enemies":"Large Slime","floor":5.0,"turns":8.0},{"damage":27.0,"enemies":"Gremlin Gang","floor":10.0,"turns":8.0},{"damage":28.0,"enemies":"Lagavulin","floor":11.0,"turns":9.0},{"damage":3.0,"enemies":"Blue Slaver","floor":13.0,"turns":3.0},{"damage":0.0,"enemies":"Large Slime","floor":14.0,"turns":5.0},{"damage":69.0,"enemies":"The Guardian","floor":16.0,"turns":19.0},{"damage":17.0,"enemies":"3 Byrds","floor":18.0,"turns":6.0},{"damage":36.0,"enemies":"Shell Parasite","floor":19.0,"turns":8.0},{"damage":10.0,"enemies":"Snecko","floor":21.0,"turns":6.0},{"damage":1.0,"enemies":"3 Cultists","floor":27.0,"turns":8.0},{"damage":6.0,"enemies":"Snake Plant","floor":29.0,"turns":5.0},{"damage":0.0,"enemies":"Snecko","floor":31.0,"turns":9.0},{"damage":0.0,"enemies":"Champ","floor":33.0,"turns":11.0},{"damage":3.0,"enemies":"3 Darklings","floor":35.0,"turns":4.0},{"damage":1.0,"enemies":"3 Shapes","floor":36.0,"turns":4.0},{"damage":0.0,"enemies":"Mind Bloom Boss Battle","floor":40.0,"turns":5.0},{"damage":4.0,"enemies":"Jaw Worm Horde","floor":45.0,"turns":7.0},{"damage":1.0,"enemies":"Spire Growth","floor":46.0,"turns":6.0},{"damage":2.0,"enemies":"3 Darklings","floor":48.0,"turns":4.0},{"damage":61,"enemies":"Awakened One","floor":50,"turns":9}],"seed_played":"-6152135064950646968","potions_obtained":[{"floor":3.0,"key":"Ancient Potion"},{"floor":10.0,"key":"Fire Potion"},{"floor":19.0,"key":"Explosive Potion"},{"floor":21.0,"key":"EssenceOfSteel"},{"floor":27.0,"key":"Explosive Potion"},{"floor":31.0,"key":"FocusPotion"},{"floor":35.0,"key":"Fire Potion"},{"floor":36.0,"key":"Swift Potion"},{"floor":40.0,"key":"Energy Potion"},{"floor":46.0,"key":"LiquidBronze"}],"is_trial":false,"path_per_floor":["M","M","M","$","M","R","T","?","T","M","E","R","M","M","R","B",null,"M","M","$","M","?","R","?","R","T","M","$","M","R","M","R","B",null,"M","M","?","?","$","?","$","?","T","T","M","M","R","M","R","B"],"character_chosen":"DEFECT","items_purchased":["Self Repair","Leap","Barrage","Melter","Storm","Ball Lightning","Panacea","OrangePellets"],"campfire_rested":4,"item_purchase_floors":[4,4,20,20,28,39,41,41],"current_hp_per_floor":[74,72,70,70,69,69,69,62,62,45,27,49,56,66,75,16,75,68,42,42,42,37,37,37,37,37,37,37,31,31,37,37,37,37,34,37,37,37,37,37,37,37,51,51,51,50,50,48,51,0],"gold":48,"neow_bonus":"TRANSFORM_CARD","is_prod":false,"is_daily":false,"chose_seed":false,"campfire_upgraded":5,"win_rate":0,"timestamp":1554164231,"path_taken":["M","M","?","?","M","R","?","?","T","M","E","R","M","M","R","BOSS","M","M","$","M","?","R","?","R","T","?","$","M","R","M","R","BOSS","M","M","?","?","$","?","?","?","T","?","M","?","R","M","R","BOSS"],"build_version":"2019-01-23","purchased_purges":3,"victory":false,"max_hp_per_floor":[75,75,75,75,75,75,75,75,75,75,75,75,75,75,75,75,75,75,75,75,75,37,37,37,37,37,37,37,37,37,37,37,37,37,37,37,37,37,37,37,37,37,51,51,51,51,51,51,51,51],"card_choices":[{"not_picked":["Skim","Reinforced Body"],"picked":"Beam Cell","floor":1.0},{"not_picked":["Undo","Beam Cell"],"picked":"Go for the Eyes","floor":2.0},{"not_picked":["Steam","Hologram"],"picked":"Scrape","floor":3.0},{"not_picked":["Scrape","Hello World"],"picked":"Conserve Battery","floor":5.0},{"not_picked":["Turbo","FTL"],"picked":"Defragment","floor":10.0},{"not_picked":["Cold Snap","Hologram"],"picked":"Coolheaded","floor":11.0},{"not_picked":["Coolheaded","Steam"],"picked":"Sweeping Beam","floor":13.0},{"not_picked":["Hologram","Coolheaded"],"picked":"Fission","floor":14.0},{"not_picked":["Thunder Strike","Fission"],"picked":"Seek","floor":16.0},{"not_picked":["Go for the Eyes","Hologram"],"picked":"Capacitor","floor":17.0},{"not_picked":["Skim","Rebound"],"picked":"Coolheaded","floor":17.0},{"not_picked":["Turbo","Steam Power"],"picked":"Sunder","floor":17.0},{"not_picked":["Heatsinks","Leap"],"picked":"Defragment","floor":17.0},{"not_picked":["Rebound","Go for the Eyes"],"picked":"Darkness","floor":17.0},{"not_picked":["Coolheaded","Cold Snap"],"picked":"Echo Form","floor":18.0},{"not_picked":["Hologram+1","Steam"],"picked":"Conserve Battery","floor":19.0},{"not_picked":["Beam Cell","Steam"],"picked":"Auto Shields","floor":21.0},{"not_picked":["Chaos","Coolheaded"],"picked":"Buffer","floor":27.0},{"not_picked":["Hologram","Redo"],"picked":"Melter+1","floor":29.0},{"not_picked":["Lockon+1","Reprogram+1"],"picked":"Defragment","floor":31.0},{"not_picked":["Meteor Strike","Biased Cognition"],"picked":"Creative AI","floor":33.0},{"not_picked":["Conserve Battery+1","Reinforced Body","Skim+1"],"picked":"SKIP","floor":35.0},{"not_picked":["Steam","Sweeping Beam+1"],"picked":"Static Discharge","floor":36.0},{"not_picked":["Discovery","Enlightenment"],"picked":"Panache","floor":37.0},{"not_picked":["Tempest","Turbo+1","Rebound+1"],"picked":"SKIP","floor":45.0},{"not_picked":["Beam Cell","Cold Snap+1"],"picked":"Streamline+1","floor":46.0},{"not_picked":["Darkness+1","Coolheaded","Hologram+1"],"picked":"SKIP","floor":48.0}],"player_experience":464203,"relics_obtained":[{"floor":7.0,"key":"Potion Belt"},{"floor":9.0,"key":"Dodecahedron"},{"floor":11.0,"key":"Happy Flower"},{"floor":26.0,"key":"Oddly Smooth Stone"},{"floor":40.0,"key":"StoneCalendar"},{"floor":43.0,"key":"Mango"},{"floor":44.0,"key":"Calipers"}],"event_choices":[{"cards_removed":["Meteor Strike"],"damage_healed":0.0,"max_hp_gain":0.0,"max_hp_loss":0.0,"gold_gain":0.0,"event_name":"Golden Wing","player_choice":"Card Removal","floor":8.0,"gold_loss":0.0,"damage_taken":7.0},{"damage_healed":0.0,"max_hp_gain":0.0,"max_hp_loss":38.0,"gold_gain":0.0,"event_name":"Ghosts","player_choice":"Became a Ghost","floor":22.0,"gold_loss":0.0,"damage_taken":0.0,"cards_obtained":["Ghostly","Ghostly","Ghostly","Ghostly","Ghostly"]},{"damage_healed":0.0,"max_hp_gain":0.0,"max_hp_loss":0.0,"gold_gain":200.0,"event_name":"Wheel of Change","player_choice":"Gold","floor":24.0,"gold_loss":0.0,"damage_taken":0.0},{"damage_healed":0.0,"max_hp_gain":0.0,"max_hp_loss":0.0,"gold_gain":0.0,"event_name":"SensoryStone","player_choice":"Memory 1","floor":37.0,"gold_loss":0.0,"damage_taken":0.0},{"damage_healed":9.0,"max_hp_gain":0.0,"max_hp_loss":0.0,"gold_gain":0.0,"event_name":"Winding Halls","player_choice":"Writhe","floor":38.0,"gold_loss":0.0,"damage_taken":0.0,"cards_obtained":["Writhe"]},{"damage_healed":0.0,"max_hp_gain":0.0,"max_hp_loss":0.0,"gold_gain":0.0,"event_name":"MindBloom","player_choice":"Fight","floor":40.0,"gold_loss":0.0,"damage_taken":0.0},{"damage_healed":0.0,"max_hp_gain":0.0,"max_hp_loss":0.0,"gold_gain":0.0,"event_name":"Tomb of Lord Red Mask","player_choice":"Paid","floor":42.0,"gold_loss":42.0,"damage_taken":0.0,"relics_obtained":["Red Mask"]}],"is_beta":false,"boss_relics":[{"not_picked":["Empty Cage","Astrolabe"],"picked":"Orrery"},{"not_picked":["Runic Pyramid","Coffee Dripper"],"picked":"Pandora\u0027s Box"}],"items_purged_floors":[20,28,39],"is_endless":false,"potions_floor_spawned":[3,10,19,21,27,31,35,36,40,46],"killed_by":"Awakened One","ascension_level":3}