{"gold_per_floor":[116,116,136,211,136,136,169,69,69,79,110,169,184,219,219,296,296,315,315,325,341,341,341,376,376,403,418,453,453,132,164,164,239,239,254,254,204,217,230,257,257,282,282,313,323,348,362,392,392,392,392,392,392,171,205,205],"floor_reached":57,"playtime":2491,"items_purged":["Strike_B","Strike_B","Reboot","Doom and Gloom","Defend_B"],"score":3242,"play_id":"87d16d52-2b92-488b-9146-35cb3e616070","local_time":"20190107200619","is_ascension_mode":true,"campfire_choices":[{"data":"Doom and Gloom","floor":6.0,"key":"SMITH"},{"floor":15.0,"key":"REST"},{"floor":23.0,"key":"REST"},{"floor":25.0,"key":"REST"},{"floor":29.0,"key":"REST"},{"floor":32.0,"key":"REST"},{"data":"Hologram","floor":41.0,"key":"SMITH"},{"floor":49.0,"key":"RECALL"},{"data":"Force Field","floor":53.0,"key":"SMITH"}],"neow_cost":"NONE","seed_source_timestamp":16552938680997,"circlet_count":0,"master_deck":["AscendersBane","Defend_B","Defend_B+1","Defend_B+1","Dualcast","Doom and Gloom+1","Consume","Echo Form","Meteor Strike+1","All For One+1","Tempest","Amplify","Recycle","Force Field+1","Hologram+1","All For One+1","Undo"],"special_seed":0,"relics":["Snecko Eye","War Paint","Mercury Hourglass","Calipers","Smiling Mask","Kunai","Sozu","Nunchaku","Orichalcum","Letter Opener","Molten Egg 2","Bag of Marbles","Nuclear Battery","Omamori","Bag of Preparation","Whetstone","Anchor","Lantern","Pen Nib","Dodecahedron"],"potions_floor_usage":[],"damage_taken":[{"damage":7.0,"enemies":"Jaw Worm","floor":1.0,"turns":3.0},{"damage":3.0,"enemies":"Small Slimes","floor":3.0,"turns":4.0},{"damage":12.0,"enemies":"Gremlin Nob","floor":7.0,"turns":3.0},{"damage":0.0,"enemies":"Cultist","floor":10.0,"turns":2.0},{"damage":4.0,"enemies":"Lagavulin","floor":11.0,"turns":4.0},{"damage":14.0,"enemies":"3 Sentries","floor":12.0,"turns":4.0},{"damage":0.0,"enemies":"Exordium Thugs","floor":13.0,"turns":3.0},{"damage":4.0,"enemies":"3 Sentries","floor":14.0,"turns":5.0},{"damage":0.0,"enemies":"Hexaghost","floor":16.0,"turns":5.0},{"damage":0.0,"enemies":"Spheric Guardian","floor":18.0,"turns":3.0},{"damage":16.0,"enemies":"Shell Parasite","floor":20.0,"turns":3.0},{"damage":0.0,"enemies":"Cultist and Chosen","floor":21.0,"turns":3.0},{"damage":23.0,"enemies":"Gremlin Leader","floor":24.0,"turns":2.0},{"damage":17.0,"enemies":"Centurion and Healer","floor":27.0,"turns":3.0},{"damage":21.0,"enemies":"Slavers","floor":28.0,"turns":2.0},{"damage":15.0,"enemies":"Gremlin Leader","floor":31.0,"turns":4.0},{"damage":16.0,"enemies":"Collector","floor":33.0,"turns":7.0},{"damage":0.0,"enemies":"3 Shapes","floor":35.0,"turns":2.0},{"damage":15.0,"enemies":"3 Darklings","floor":38.0,"turns":3.0},{"damage":0.0,"enemies":"Sphere and 2 Shapes","floor":39.0,"turns":2.0},{"damage":1.0,"enemies":"Reptomancer","floor":40.0,"turns":6.0},{"damage":8.0,"enemies":"Nemesis","floor":44.0,"turns":3.0},{"damage":0.0,"enemies":"Writhing Mass","floor":45.0,"turns":1.0},{"damage":0.0,"enemies":"Reptomancer","floor":46.0,"turns":2.0},{"damage":0.0,"enemies":"Jaw Worm Horde","floor":47.0,"turns":2.0},{"damage":0.0,"enemies":"Giant Head","floor":48.0,"turns":3.0},{"damage":0.0,"enemies":"Donu and Deca","floor":50.0,"turns":2.0},{"damage":1.0,"enemies":"Time Eater","floor":51.0,"turns":7.0},{"damage":0.0,"enemies":"Shield and Spear","floor":55.0,"turns":4.0},{"damage":39,"enemies":"The Heart","floor":56,"turns":7}],"seed_played":"7151768329788243354","potions_obtained":[{"floor":3.0,"key":"Swift Potion"},{"floor":10.0,"key":"SpeedPotion"},{"floor":12.0,"key":"LiquidBronze"}],"is_trial":false,"path_per_floor":["M","?","M","?","$","R","E","$","T","M","E","?","M","E","R","B",null,"M","?","M","M","?","R","E","R","T","M","E","R","$","E","R","B",null,"M","?","$","M","M","E","R","T","T","E","M","E","M","E","R","B","B",null,"R","$","E","B",null],"character_chosen":"DEFECT","items_purchased":["Molten Egg 2","Pen Nib"],"campfire_rested":5,"item_purchase_floors":[30,54],"current_hp_per_floor":[57,50,47,36,36,36,24,24,24,24,20,6,6,2,23,23,59,59,39,23,23,23,45,22,44,44,27,6,28,28,13,35,19,62,62,62,62,47,47,46,46,46,46,38,38,38,38,38,38,38,37,63,63,63,63,24],"gold":205,"neow_bonus":"BOSS_RELIC","is_prod":false,"is_daily":false,"chose_seed":false,"campfire_upgraded":3,"win_rate":0,"timestamp":1546862779,"path_taken":["M","?","M","?","$","R","E","$","T","M","E","?","?","E","R","BOSS","M","?","M","M","?","R","E","R","T","M","E","R","$","E","R","BOSS","M","?","$","M","M","E","R","?","T","E","?","E","M","E","R","BOSS","BOSS","R","$","E","BOSS"],"build_version":"2019-01-03v4","purchased_purges":5,"victory":true,"max_hp_per_floor":[71,71,71,71,71,71,71,71,71,71,71,71,71,71,71,71,71,71,76,76,76,76,76,76,76,76,76,76,76,76,76,76,76,76,76,72,72,72,72,72,72,72,72,72,72,72,72,72,72,72,72,72,72,72,72,72],"card_choices":[{"not_picked":["Sweeping Beam","Streamline"],"picked":"Doom and Gloom","floor":1.0},{"not_picked":["Ball Lightning","Recycle"],"picked":"Consume","floor":3.0},{"not_picked":["Rebound","Sweeping Beam"],"picked":"Echo Form","floor":7.0},{"not_picked":["Conserve Battery","Ball Lightning","Barrage"],"picked":"SKIP","floor":10.0},{"not_picked":["Static Discharge","Chill","Barrage"],"picked":"SKIP","floor":11.0},{"not_picked":["Leap","Chill"],"picked":"Doom and Gloom","floor":12.0},{"not_picked":["Leap","Sweeping Beam","Go for the Eyes"],"picked":"SKIP","floor":13.0},{"not_picked":["Leap","Sweeping Beam","Go for the Eyes"],"picked":"SKIP","floor":13.0},{"not_picked":["BootSequence","Chaos"],"picked":"Meteor Strike","floor":14.0},{"not_picked":["Electrodynamics","Echo Form"],"picked":"All For One","floor":16.0},{"not_picked":["Conserve Battery","Leap"],"picked":"Tempest","floor":18.0},{"not_picked":["Genetic Algorithm","Barrage+1","Ball Lightning"],"picked":"SKIP","floor":20.0},{"not_picked":["Static Discharge+1","Lockon","Conserve Battery"],"picked":"SKIP","floor":21.0},{"not_picked":["All For One","BootSequence","Turbo"],"picked":"SKIP","floor":24.0},{"not_picked":["Leap","Sweeping Beam"],"picked":"Recycle","floor":27.0},{"not_picked":["Hello World","Go for the Eyes","Static Discharge"],"picked":"SKIP","floor":28.0},{"not_picked":["Coolheaded","Barrage+1"],"picked":"Force Field","floor":31.0},{"not_picked":["Cold Snap+1","Consume","Conserve Battery"],"picked":"SKIP","floor":35.0},{"not_picked":["Barrage+1","Compile Driver+1"],"picked":"Hologram","floor":38.0},{"not_picked":["BootSequence","Turbo+1","Ball Lightning+1"],"picked":"SKIP","floor":39.0},{"not_picked":["Cold Snap+1","Barrage+1"],"picked":"All For One+1","floor":40.0},{"not_picked":["Turbo","Ball Lightning+1","Steam"],"picked":"SKIP","floor":44.0},{"not_picked":["Doom and Gloom+1","Blizzard+1","Chill"],"picked":"SKIP","floor":45.0},{"not_picked":["Darkness","Go for the Eyes+1","Consume"],"picked":"SKIP","floor":46.0},{"not_picked":["Scrape+1","Cold Snap+1","Rebound+1"],"picked":"SKIP","floor":47.0},{"not_picked":["Conserve Battery","Aggregate"],"picked":"Undo","floor":48.0},{"not_picked":["Melter+1","Barrage+1","Hologram+1"],"picked":"SKIP","floor":55.0}],"player_experience":2506393,"relics_obtained":[{"floor":7.0,"key":"War Paint"},{"floor":9.0,"key":"Mercury Hourglass"},{"floor":11.0,"key":"Calipers"},{"floor":12.0,"key":"Smiling Mask"},{"floor":14.0,"key":"Kunai"},{"floor":24.0,"key":"Nunchaku"},{"floor":26.0,"key":"Orichalcum"},{"floor":28.0,"key":"Letter Opener"},{"floor":31.0,"key":"Bag of Marbles"},{"floor":40.0,"key":"Omamori"},{"floor":42.0,"key":"Bag of Preparation"},{"floor":44.0,"key":"Whetstone"},{"floor":46.0,"key":"Anchor"},{"floor":48.0,"key":"Lantern"},{"floor":55.0,"key":"Dodecahedron"}],"event_choices":[{"cards_removed":["Strike_B"],"damage_healed":0.0,"max_hp_gain":0.0,"max_hp_loss":0.0,"gold_gain":0.0,"event_name":"Golden Wing","player_choice":"Card Removal","floor":2.0,"gold_loss":0.0,"damage_taken":7.0},{"damage_healed":0.0,"max_hp_gain":0.0,"max_hp_loss":0.0,"gold_gain":75.0,"event_name":"World of Goop","player_choice":"Gather Gold","floor":4.0,"gold_loss":0.0,"damage_taken":11.0},{"damage_healed":0.0,"max_hp_gain":0.0,"max_hp_loss":0.0,"gold_gain":0.0,"event_name":"Dead Adventurer","player_choice":"Searched \u00272\u0027 times","floor":12.0,"gold_loss":0.0,"damage_taken":0.0},{"damage_healed":0.0,"max_hp_gain":5.0,"max_hp_loss":0.0,"gold_gain":0.0,"event_name":"Forgotten Altar","player_choice":"Shed Blood","floor":19.0,"gold_loss":0.0,"damage_taken":25.0},{"damage_healed":0.0,"max_hp_gain":0.0,"max_hp_loss":0.0,"gold_gain":0.0,"cards_transformed":["Zap","Strike_B"],"event_name":"Drug Dealer","player_choice":"Became Test Subject","floor":22.0,"gold_loss":0.0,"damage_taken":0.0,"cards_obtained":["Amplify","Reboot"]},{"damage_healed":0.0,"max_hp_gain":0.0,"max_hp_loss":4.0,"gold_gain":0.0,"event_name":"Winding Halls","player_choice":"Max HP","floor":36.0,"gold_loss":0.0,"damage_taken":0.0}],"is_beta":false,"boss_relics":[{"not_picked":["Ectoplasm","Calling Bell"],"picked":"Sozu"},{"not_picked":["Orrery","Eternal Feather"],"picked":"Nuclear Battery"}],"items_purged_floors":[5,8,30,37,54],"is_endless":false,"potions_floor_spawned":[3,10,11,12,18,24,28,31,35,39,40,47,55],"ascension_level":20}