{"gold_per_floor":[115,115,125,50,64,64,89,89],"floor_reached":8,"playtime":239,"items_purged":[],"score":104,"play_id":"3eecb85f-ccf8-480e-bc97-47af678d4af7","local_time":"20190104031543","is_ascension_mode":true,"campfire_choices":[{"data":"Dual Wield","floor":6,"key":"SMITH"}],"neow_cost":"NONE","seed_source_timestamp":1210379752167218,"circlet_count":0,"master_deck":["AscendersBane","Strike_R","Strike_R","Strike_R","Defend_R","Defend_R","Defend_R","Defend_R","Bash","Metallicize","Dual Wield+1","Cleave","Shrug It Off"],"relics":["Burning Blood","NeowsBlessing","Bag of Preparation"],"potions_floor_usage":[7],"damage_taken":[{"damage":0,"enemies":"Small Slimes","floor":1,"turns":1},{"damage":0,"enemies":"Cultist","floor":3,"turns":1},{"damage":0,"enemies":"Jaw Worm","floor":5,"turns":1},{"damage":47,"enemies":"Lagavulin","floor":7,"turns":11},{"damage":47,"enemies":"Exordium Wildlife","floor":8,"turns":7}],"seed_played":"345611877284199112","potions_obtained":[{"floor":5,"key":"SteroidPotion"},{"floor":7,"key":"Ancient Potion"}],"is_trial":false,"path_per_floor":["M","?","M","?","M","R","E","M"],"character_chosen":"IRONCLAD","items_purchased":[],"campfire_rested":0,"item_purchase_floors":[],"current_hp_per_floor":[74,74,75,75,75,75,34,0],"gold":89,"neow_bonus":"THREE_ENEMY_KILL","is_prod":false,"is_daily":false,"chose_seed":false,"campfire_upgraded":1,"win_rate":0,"timestamp":1546568143,"path_taken":["M","?","?","?","M","R","E","M"],"build_version":"2018-12-20","purchased_purges":0,"victory":false,"max_hp_per_floor":[75,75,75,75,75,75,75,75],"card_choices":[{"not_picked":["Sword Boomerang","Clothesline"],"picked":"Metallicize","floor":1},{"not_picked":["Armaments","Sword Boomerang"],"picked":"Dual Wield","floor":3},{"not_picked":["Heavy Blade","Thunderclap"],"picked":"Cleave","floor":5},{"not_picked":["Heavy Blade","Sentinel"],"picked":"Shrug It Off","floor":7}],"player_experience":400655,"relics_obtained":[{"floor":7,"key":"Bag of Preparation"}],"event_choices":[{"cards_removed":["Strike_R"],"damage_healed":0,"gold_gain":0,"player_choice":"Purged","damage_taken":0,"max_hp_gain":0,"max_hp_loss":0,"event_name":"Purifier","floor":2,"gold_loss":0},{"cards_removed":["Strike_R"],"damage_healed":0,"gold_gain":0,"player_choice":"Card Removal","damage_taken":0,"max_hp_gain":0,"max_hp_loss":0,"event_name":"The Cleric","floor":4,"gold_loss":75}],"is_beta":false,"boss_relics":[],"items_purged_floors":[],"is_endless":false,"potions_floor_spawned":[5,7],"killed_by":"Exordium Wildlife","ascension_level":17}