{"gold_per_floor":[215,226,63,78,78,78,89,122,172,172,186,186,186,214,214,214],"floor_reached":16,"playtime":472,"items_purged":["Strike_R"],"score":220,"play_id":"c0fdb18d-c109-4476-8b20-a40f6ad3dd75","local_time":"20190415161236","is_ascension_mode":true,"campfire_choices":[{"data":"Thunderclap","floor":6,"key":"SMITH"},{"data":"Hemokinesis","floor":10,"key":"SMITH"},{"data":"Inflame","floor":12,"key":"SMITH"},{"floor":15,"key":"REST"}],"neow_cost":"NONE","seed_source_timestamp":11399289367500,"circlet_count":0,"master_deck":["AscendersBane","Strike_R","Strike_R","Strike_R","Strike_R","Defend_R","Defend_R","Defend_R","Defend_R","Bash","Inflame+1","Thunderclap+1","Hemokinesis+1","Burning Pact","Twin Strike"],"relics":["Burning Blood","Ornamental Fan","PreservedInsect","CultistMask","Lantern"],"potions_floor_usage":[8,11,16,16],"damage_taken":[{"damage":7,"enemies":"Cultist","floor":1,"turns":4},{"damage":16,"enemies":"Jaw Worm","floor":2,"turns":4},{"damage":8,"enemies":"2 Louse","floor":4,"turns":4},{"damage":18,"enemies":"Red Slaver","floor":7,"turns":3},{"damage":31,"enemies":"3 Sentries","floor":8,"turns":6},{"damage":8,"enemies":"3 Louse","floor":11,"turns":3},{"damage":10,"enemies":"Gremlin Nob","floor":14,"turns":3},{"damage":35,"enemies":"The Guardian","floor":16,"turns":8}],"seed_played":"-1039677098600294094","potions_obtained":[{"floor":4,"key":"SteroidPotion"},{"floor":7,"key":"Swift Potion"},{"floor":8,"key":"Poison Potion"},{"floor":14,"key":"Energy Potion"}],"is_trial":false,"path_per_floor":["M","M","$","M","?","R","M","E","T","R","M","R","?","E","R","B"],"character_chosen":"IRONCLAD","items_purchased":["Inflame"],"campfire_rested":1,"item_purchase_floors":[3],"current_hp_per_floor":[67,57,57,55,55,55,43,18,18,18,16,16,16,12,34,0],"gold":214,"neow_bonus":"HUNDRED_GOLD","is_prod":false,"is_daily":false,"chose_seed":false,"campfire_upgraded":3,"win_rate":0,"timestamp":1555315956,"path_taken":["M","M","$","?","?","R","M","E","T","R","M","R","?","E","R","BOSS"],"build_version":"2019-01-23","purchased_purges":1,"victory":false,"max_hp_per_floor":[75,75,75,75,75,75,75,75,75,75,75,75,75,75,75,75],"card_choices":[{"not_picked":["Iron Wave","Fire Breathing","Dual Wield"],"picked":"SKIP","floor":1},{"not_picked":["Dual Wield","Headbutt","Sentinel"],"picked":"SKIP","floor":2},{"not_picked":["Clash","True Grit"],"picked":"Thunderclap","floor":4},{"not_picked":["Hemokinesis","Blood for Blood","Wild Strike"],"picked":"SKIP","floor":7},{"not_picked":["Blood for Blood","Wild Strike"],"picked":"Hemokinesis","floor":7},{"not_picked":["Shrug It Off","Seeing Red","Cleave"],"picked":"SKIP","floor":8},{"not_picked":["Pommel Strike","Clothesline"],"picked":"Burning Pact","floor":11},{"not_picked":["Pummel","Battle Trance"],"picked":"Twin Strike","floor":14}],"player_experience":2980564,"relics_obtained":[{"floor":8,"key":"Ornamental Fan"},{"floor":9,"key":"PreservedInsect"},{"floor":14,"key":"Lantern"}],"event_choices":[{"damage_healed":0,"gold_gain":0,"player_choice":"Ignored","damage_taken":0,"max_hp_gain":0,"max_hp_loss":0,"event_name":"Liars Game","floor":5,"gold_loss":0},{"damage_healed":0,"gold_gain":0,"player_choice":"Trade","damage_taken":0,"relics_obtained":["CultistMask"],"max_hp_gain":0,"max_hp_loss":0,"event_name":"FaceTrader","floor":13,"gold_loss":0}],"is_beta":false,"boss_relics":[],"items_purged_floors":[3],"is_endless":false,"potions_floor_spawned":[4,7,8,14],"killed_by":"The Guardian","ascension_level":20}