{"gold_per_floor":[218,237,237,46,61,61,61,83,83,83,111,123,133,158,158,233,233,243,39,89,89,71,71,91,153,153,171,171,189,189,207,207,284,284,300,300,175,187,207,207,223,223,223,242,265,265,265,299,299,299],"floor_reached":51,"playtime":2691,"items_purged":["Strike_R","Strike_R"],"score":1225,"play_id":"54c2c39c-9ee2-44e3-9923-3aec852e5d9a","local_time":"20181011094947","is_ascension_mode":true,"campfire_choices":[{"data":"Uppercut","floor":6.0,"key":"SMITH"},{"data":"Inflame","floor":10.0,"key":"SMITH"},{"data":"Metallicize","floor":15.0,"key":"SMITH"},{"data":"Shockwave","floor":23.0,"key":"SMITH"},{"data":"Pommel Strike","floor":28.0,"key":"SMITH"},{"data":"Shrug It Off","floor":30.0,"key":"SMITH"},{"floor":32.0,"key":"REST"},{"data":"1","floor":40.0,"key":"LIFT"},{"data":"2","floor":47.0,"key":"LIFT"},{"floor":49,"key":"REST"}],"neow_cost":"NONE","seed_source_timestamp":5023152388735,"circlet_count":0,"master_deck":["Strike_R","Strike_R","Strike_R+1","Defend_R","Defend_R","Defend_R","Defend_R","Bash+1","AscendersBane","Iron Wave","Shrug It Off+1","Inflame+1","Uppercut+1","Battle Trance","Fiend Fire","Anger","Sword Boomerang","Metallicize+1","Impervious","Pommel Strike+1","Shockwave+1","Shrug It Off+1","Feed","Cleave+1","Immolate","Sword Boomerang+1","True Grit+1","Shrug It Off","Armaments+1","Feel No Pain","True Grit+1"],"special_seed":0,"relics":["Burning Blood","Odd Mushroom","Self Forming Clay","Singing Bowl","Bottled Flame","Mark of Pain","Tiny Chest","Bronze Scales","Fusion Hammer","Girya","Lantern","Mercury Hourglass","Smiling Mask","Centennial Puzzle","Frozen Egg 2"],"potions_floor_usage":[50,50],"damage_taken":[{"damage":6.0,"enemies":"Cultist","floor":1.0,"turns":3.0},{"damage":0.0,"enemies":"Small Slimes","floor":2.0,"turns":3.0},{"damage":0.0,"enemies":"2 Louse","floor":5.0,"turns":4.0},{"damage":6.0,"enemies":"The Mushroom Lair","floor":8.0,"turns":5.0},{"damage":6.0,"enemies":"Lagavulin","floor":11.0,"turns":6.0},{"damage":13.0,"enemies":"Lots of Slimes","floor":12.0,"turns":5.0},{"damage":9.0,"enemies":"3 Louse","floor":13.0,"turns":4.0},{"damage":10.0,"enemies":"3 Sentries","floor":14.0,"turns":6.0},{"damage":7.0,"enemies":"The Guardian","floor":16.0,"turns":12.0},{"damage":6.0,"enemies":"3 Byrds","floor":18.0,"turns":6.0},{"damage":11.0,"enemies":"2 Thieves","floor":22.0,"turns":4.0},{"damage":4.0,"enemies":"Snecko","floor":24.0,"turns":4.0},{"damage":47.0,"enemies":"Gremlin Leader","floor":25.0,"turns":8.0},{"damage":9.0,"enemies":"3 Cultists","floor":27.0,"turns":5.0},{"damage":3.0,"enemies":"Centurion and Healer","floor":29.0,"turns":8.0},{"damage":11.0,"enemies":"Sentry and Sphere","floor":31.0,"turns":6.0},{"damage":36.0,"enemies":"Collector","floor":33.0,"turns":10.0},{"damage":3.0,"enemies":"Orb Walker","floor":35.0,"turns":3.0},{"damage":7.0,"enemies":"Mind Bloom Boss Battle","floor":36.0,"turns":8.0},{"damage":24.0,"enemies":"3 Darklings","floor":38.0,"turns":5.0},{"damage":26.0,"enemies":"Maw","floor":39.0,"turns":9.0},{"damage":28.0,"enemies":"4 Shapes","floor":41.0,"turns":7.0},{"damage":5.0,"enemies":"3 Darklings","floor":44.0,"turns":5.0},{"damage":8,"enemies":"2 Orb Walkers","floor":48,"turns":3},{"damage":53,"enemies":"Time Eater","floor":50,"turns":11}],"seed_played":"-1290915126325309514","potions_obtained":[{"floor":1.0,"key":"Dexterity Potion"},{"floor":8.0,"key":"SpeedPotion"},{"floor":11.0,"key":"SpeedPotion"},{"floor":18.0,"key":"Energy Potion"},{"floor":27.0,"key":"Energy Potion"},{"floor":35.0,"key":"BloodPotion"},{"floor":36.0,"key":"Dexterity Potion"},{"floor":41.0,"key":"Weak Potion"}],"is_trial":false,"path_per_floor":["M","M","?","$","M","R","?","?","T","R","E","M","M","E","R","B",null,"M","$","?","$","M","R","M","E","T","M","R","M","R","M","R","B",null,"M","?","$","M","M","R","M","T","T","M","T","T","R","E","R","B"],"character_chosen":"IRONCLAD","items_purchased":["Inflame","Uppercut","Battle Trance","Shockwave","Shrug It Off","Shrug It Off"],"campfire_rested":2,"item_purchase_floors":[4,4,4,19,19,37],"current_hp_per_floor":[68,74,74,74,75,75,52,52,52,52,54,47,44,40,40,39,68,68,68,68,68,63,63,67,28,28,30,30,38,38,33,60,30,76,79,78,78,71,54,54,36,36,36,39,39,39,39,37,67,20],"gold":299,"neow_bonus":"HUNDRED_GOLD","is_prod":false,"is_daily":false,"chose_seed":false,"campfire_upgraded":6,"win_rate":0,"timestamp":1539276587,"path_taken":["M","M","?","$","?","R","?","?","T","R","E","M","M","E","R","BOSS","M","$","?","?","M","R","?","E","T","M","R","?","R","M","R","BOSS","M","?","$","M","?","R","M","?","T","?","?","?","R","E","R","BOSS"],"build_version":"2018-10-04v2","purchased_purges":2,"victory":true,"max_hp_per_floor":[75,75,75,75,75,75,75,75,75,75,77,77,77,77,77,77,77,77,77,77,77,77,77,79,81,81,86,86,91,91,91,91,91,91,91,91,91,93,96,96,100,100,100,102,102,102,102,102,102,102],"card_choices":[{"not_picked":["Hemokinesis","Anger"],"picked":"Iron Wave","floor":1.0},{"not_picked":["Body Slam","Sword Boomerang"],"picked":"Shrug It Off","floor":2.0},{"not_picked":["Clash","Sword Boomerang"],"picked":"Fiend Fire","floor":5.0},{"not_picked":["Inflame","Wild Strike","Warcry"],"picked":"Singing Bowl","floor":11.0},{"not_picked":["Berserk","Clothesline"],"picked":"Anger","floor":12.0},{"not_picked":["Evolve","Clothesline"],"picked":"Sword Boomerang","floor":13.0},{"not_picked":["Clothesline","Sentinel"],"picked":"Metallicize","floor":14.0},{"not_picked":["Barricade","Juggernaut"],"picked":"Impervious","floor":16.0},{"not_picked":["Sword Boomerang","Iron Wave+1"],"picked":"Pommel Strike","floor":18.0},{"not_picked":["Thunderclap","Twin Strike"],"picked":"Feed","floor":22.0},{"not_picked":["Pommel Strike","Warcry","Clothesline"],"picked":"Singing Bowl","floor":24.0},{"not_picked":["Feel No Pain","Sword Boomerang","Fire Breathing"],"picked":"Singing Bowl","floor":25.0},{"not_picked":["Sword Boomerang","Flex","Rage+1"],"picked":"Singing Bowl","floor":27.0},{"not_picked":["Rampage","Cleave","Shockwave"],"picked":"Singing Bowl","floor":29.0},{"not_picked":["Rage","Bloodletting"],"picked":"Cleave+1","floor":31.0},{"not_picked":["Offering","Brutality"],"picked":"Immolate","floor":33.0},{"not_picked":["Clash","Iron Wave"],"picked":"Sword Boomerang+1","floor":35.0},{"not_picked":["Headbutt+1","Clash"],"picked":"True Grit+1","floor":36.0},{"not_picked":["Clothesline+1","Anger","Burning Pact+1"],"picked":"Singing Bowl","floor":38.0},{"not_picked":["Shockwave","Headbutt"],"picked":"Armaments+1","floor":39.0},{"not_picked":["Sword Boomerang","Flex"],"picked":"Feel No Pain","floor":41.0},{"not_picked":["Headbutt","Immolate","Wild Strike+1"],"picked":"Singing Bowl","floor":44.0},{"not_picked":["Thunderclap","Ghostly Armor+1"],"picked":"True Grit+1","floor":48}],"player_experience":1326769,"relics_obtained":[{"floor":8.0,"key":"Odd Mushroom"},{"floor":9.0,"key":"Self Forming Clay"},{"floor":11.0,"key":"Singing Bowl"},{"floor":14.0,"key":"Bottled Flame"},{"floor":25.0,"key":"Tiny Chest"},{"floor":26.0,"key":"Bronze Scales"},{"floor":36.0,"key":"Girya"},{"floor":42.0,"key":"Lantern"},{"floor":43.0,"key":"Mercury Hourglass"},{"floor":45.0,"key":"Smiling Mask"},{"floor":46.0,"key":"Centennial Puzzle"},{"floor":48,"key":"Frozen Egg 2"}],"event_choices":[{"event_name":"Living Wall","player_choice":"Grow","floor":3.0,"damage_taken":0.0},{"event_name":"Shining Light","player_choice":"Entered Light","floor":7.0,"damage_taken":0.0},{"event_name":"Mushrooms","player_choice":"Fought Mushrooms","floor":8.0,"damage_taken":0.0},{"event_name":"Golden Shrine","player_choice":"Pray","floor":20.0,"damage_taken":0.0},{"event_name":"MindBloom","player_choice":"Fight","floor":36.0,"damage_taken":0.0}],"is_beta":false,"boss_relics":[{"not_picked":["Sozu","Calling Bell"],"picked":"Mark of Pain"},{"not_picked":["Snecko Eye","Coffee Dripper"],"picked":"Fusion Hammer"}],"items_purged_floors":[19,37],"is_endless":false,"potions_floor_spawned":[1,8,11,12,18,27,29,35,36,41],"ascension_level":15}