{"gold_per_floor":[114,114,114,133,145,180,193,193,219,219,233,263,283,310,310,385,385,402,372,392,307,321,321,63,63,142,142,154,154,168,182,182,255,255,274,16,33,33,33],"floor_reached":39,"playtime":1534,"items_purged":["Strike_R"],"score":786,"play_id":"41b37b23-60b1-497c-89ac-92c8244b996e","local_time":"20180912130810","is_ascension_mode":true,"campfire_choices":[{"floor":8.0,"key":"REST"},{"data":"Inflame","floor":10.0,"key":"SMITH"},{"data":"Rampage","floor":15.0,"key":"SMITH"},{"floor":23.0,"key":"REST"},{"data":"Inflame","floor":27.0,"key":"SMITH"},{"data":"Shrug It Off","floor":29.0,"key":"SMITH"},{"floor":32.0,"key":"REST"}],"neow_cost":"NONE","seed_source_timestamp":19237642418585,"circlet_count":0,"master_deck":["Strike_R","Strike_R","Defend_R","Defend_R","Defend_R","Defend_R","Bash+1","AscendersBane","Battle Trance","Inflame+1","Clothesline+1","Iron Wave+1","Anger","Rampage+1","Headbutt","Juggernaut","True Grit","Shrug It Off+1","Shrug It Off+1","Inflame+1","Offering","Immolate","Shockwave","Feed","Pommel Strike","Whirlwind","Feel No Pain"],"special_seed":0,"relics":["Burning Blood","Regal Pillow","Orichalcum","Dream Catcher","Odd Mushroom","Whetstone","Velvet Choker","Matryoshka","Red Skull","Self Forming Clay","Empty Cage","Bag of Preparation"],"potions_floor_usage":[33,39],"damage_taken":[{"damage":7.0,"enemies":"Jaw Worm","floor":1.0,"turns":3.0},{"damage":7.0,"enemies":"Cultist","floor":4.0,"turns":4.0},{"damage":1.0,"enemies":"Small Slimes","floor":5.0,"turns":4.0},{"damage":45.0,"enemies":"3 Sentries","floor":6.0,"turns":12.0},{"damage":0.0,"enemies":"2 Fungi Beasts","floor":7.0,"turns":3.0},{"damage":8.0,"enemies":"3 Louse","floor":11.0,"turns":3.0},{"damage":12.0,"enemies":"The Mushroom Lair","floor":12.0,"turns":4.0},{"damage":13.0,"enemies":"Exordium Wildlife","floor":13.0,"turns":4.0},{"damage":21.0,"enemies":"Lagavulin","floor":14.0,"turns":8.0},{"damage":28.0,"enemies":"Hexaghost","floor":16.0,"turns":7.0},{"damage":2.0,"enemies":"Chosen","floor":18.0,"turns":3.0},{"damage":20.0,"enemies":"Spheric Guardian","floor":20.0,"turns":4.0},{"damage":17.0,"enemies":"Shelled Parasite and Fungi","floor":22.0,"turns":5.0},{"damage":23.0,"enemies":"Snake Plant","floor":28.0,"turns":4.0},{"damage":17.0,"enemies":"Sentry and Sphere","floor":30.0,"turns":4.0},{"damage":0.0,"enemies":"Centurion and Healer","floor":31.0,"turns":5.0},{"damage":73,"enemies":"Automaton","floor":33,"turns":8},{"damage":15,"enemies":"3 Shapes","floor":35,"turns":6},{"damage":10,"enemies":"3 Darklings","floor":37,"turns":3},{"damage":56,"enemies":"Spire Growth","floor":39,"turns":4}],"seed_played":"-4120963230509732299","potions_obtained":[{"floor":6.0,"key":"EssenceOfSteel"},{"floor":7.0,"key":"Fire Potion"},{"floor":13.0,"key":"Poison Potion"},{"floor":19.0,"key":"AttackPotion"},{"floor":35,"key":"BloodPotion"}],"is_trial":false,"path_per_floor":["M","?","?","M","M","E","M","R","T","R","M","?","M","E","R","B",null,"M","?","M","?","M","R","$","$","T","R","M","R","M","M","R","B",null,"M","$","M","?"],"character_chosen":"IRONCLAD","items_purchased":["Offering","Whirlwind","Bag of Preparation"],"campfire_rested":3,"item_purchase_floors":[24,36,36],"current_hp_per_floor":[67,67,67,66,71,32,38,75,75,75,73,67,60,45,45,23,62,66,66,52,52,41,75,75,75,75,75,58,58,47,53,75,8,58,52,52,48,48,0],"gold":33,"neow_bonus":"UPGRADE_CARD","is_prod":false,"is_daily":false,"chose_seed":false,"campfire_upgraded":4,"win_rate":0,"timestamp":1536782890,"path_taken":["M","?","?","M","M","E","M","R","T","R","M","?","?","E","R","BOSS","M","?","M","?","M","R","?","$","T","R","?","R","M","M","R","BOSS","M","$","M","?","?"],"build_version":"2018-09-06","purchased_purges":1,"victory":false,"max_hp_per_floor":[75,75,75,75,75,75,75,75,75,75,75,75,75,75,75,75,75,75,75,75,75,75,75,75,75,75,75,75,75,75,75,75,75,75,78,78,78,78,78],"card_choices":[{"not_picked":["Body Slam","Clash"],"picked":"Flex","floor":1.0},{"not_picked":["Sword Boomerang","Iron Wave"],"picked":"Battle Trance","floor":4.0},{"not_picked":["Heavy Blade","Armaments"],"picked":"Inflame","floor":5.0},{"not_picked":["Rage","True Grit"],"picked":"Clothesline","floor":6.0},{"not_picked":["Evolve","Rupture"],"picked":"Iron Wave","floor":7.0},{"not_picked":["Power Through","Evolve"],"picked":"Anger","floor":11.0},{"not_picked":["Heavy Blade","Shrug It Off"],"picked":"Rampage","floor":12.0},{"not_picked":["Rupture","Corruption"],"picked":"Headbutt","floor":13.0},{"not_picked":["Warcry","Wild Strike","Rampage"],"picked":"SKIP","floor":14.0},{"not_picked":["Double Tap","Brutality"],"picked":"Juggernaut","floor":16.0},{"not_picked":["Metallicize","Clash"],"picked":"True Grit","floor":18.0},{"not_picked":["Wild Strike","Twin Strike"],"picked":"Shrug It Off+1","floor":20.0},{"not_picked":["Havoc","Headbutt"],"picked":"Shrug It Off","floor":22.0},{"not_picked":["Pummel","Uppercut"],"picked":"Inflame","floor":23.0},{"not_picked":["Warcry","Thunderclap","Sever Soul"],"picked":"SKIP","floor":28.0},{"not_picked":["Havoc","Infernal Blade+1"],"picked":"Immolate","floor":30.0},{"not_picked":["Hemokinesis","Shrug It Off","Uppercut"],"picked":"SKIP","floor":31.0},{"not_picked":["Thunderclap","Evolve"],"picked":"Shockwave","floor":32.0},{"not_picked":["Juggernaut","Bludgeon"],"picked":"Feed","floor":33},{"not_picked":["Clash","Anger+1"],"picked":"Pommel Strike","floor":35},{"not_picked":["Disarm+1","Flex"],"picked":"Feel No Pain","floor":37}],"player_experience":1112201,"relics_obtained":[{"floor":6.0,"key":"Orichalcum"},{"floor":9.0,"key":"Dream Catcher"},{"floor":12.0,"key":"Odd Mushroom"},{"floor":14.0,"key":"Whetstone"},{"floor":26.0,"key":"Red Skull"},{"floor":26.0,"key":"Self Forming Clay"}],"event_choices":[{"event_name":"WeMeetAgain","player_choice":"Card","floor":2.0,"damage_taken":0.0},{"event_name":"Liars Game","player_choice":"disagreed","floor":3.0,"damage_taken":0.0},{"event_name":"Mushrooms","player_choice":"Fought Mushrooms","floor":12.0,"damage_taken":0.0},{"event_name":"The Woman in Blue","player_choice":"Bought 2 Potions","floor":19.0,"damage_taken":0.0},{"event_name":"Addict","player_choice":"Obtained Relic","floor":21.0,"damage_taken":0.0},{"event_name":"SensoryStone","player_choice":"Memory 1","floor":38,"damage_taken":0}],"is_beta":false,"boss_relics":[{"not_picked":["Calling Bell","Pandora\u0027s Box"],"picked":"Velvet Choker"},{"not_picked":["Fusion Hammer","Runic Cube"],"picked":"Empty Cage"}],"items_purged_floors":[24],"is_endless":false,"potions_floor_spawned":[6,7,11,13,14,20,30,31,35],"killed_by":"Spire Growth","ascension_level":20}