{"gold_per_floor":[116,131,151,162,179,179,211,211,261,288,135,145,176,186,186,264,264,280,84,84,103,123,154,154,187,187,204,204,237,237,162,162,241,241,255,273,273,289,289,289,299,325,348,348,367,367,82,82,82,82],"floor_reached":51,"playtime":2581,"items_purged":["Strike_B"],"score":1594,"play_id":"37a8d97b-0024-4e52-89ec-91533d8513d8","local_time":"20190419133925","is_ascension_mode":true,"campfire_choices":[{"data":"Defragment","floor":6,"key":"SMITH"},{"data":"Ball Lightning","floor":8,"key":"SMITH"},{"data":"Defragment","floor":15,"key":"SMITH"},{"data":"Buffer","floor":24,"key":"SMITH"},{"data":"Coolheaded","floor":28,"key":"SMITH"},{"data":"Loop","floor":30,"key":"SMITH"},{"data":"Coolheaded","floor":32,"key":"SMITH"},{"data":"Fission","floor":40,"key":"SMITH"},{"data":"Blizzard","floor":44,"key":"SMITH"},{"data":"Impatience","floor":49,"key":"SMITH"}],"neow_cost":"NONE","seed_source_timestamp":36034903375124,"circlet_count":0,"master_deck":["AscendersBane","Defend_B","Defend_B","Zap+1","Dualcast","FTL","Conserve Battery","Defragment+1","Glacier","Coolheaded+1","Ball Lightning+1","Cold Snap","Buffer+1","Loop+1","Defragment+1","Compile Driver","Electrodynamics","Genetic Algorithm","Coolheaded+1","Go for the Eyes+1","Steam+1","Undo","Fission+1","Amplify+1","Turbo+1","Heatsinks","Doom and Gloom","Reinforced Body","Blizzard+1","Recycle","Impatience+1"],"relics":["Cracked Core","Bag of Marbles","DataDisk","Question Card","Regal Pillow","Sozu","Runic Capacitor","Potion Belt","Prayer Wheel","Vajra","Astrolabe","Girya","Blood Vial","Calipers"],"potions_floor_usage":[3,7,16,50,50],"damage_taken":[{"damage":6,"enemies":"Cultist","floor":1,"turns":3},{"damage":0,"enemies":"2 Louse","floor":2,"turns":2},{"damage":10,"enemies":"Small Slimes","floor":3,"turns":3},{"damage":4,"enemies":"Blue Slaver","floor":4,"turns":3},{"damage":0,"enemies":"Red Slaver","floor":5,"turns":4},{"damage":1,"enemies":"3 Sentries","floor":7,"turns":9},{"damage":9,"enemies":"Gremlin Nob","floor":10,"turns":3},{"damage":1,"enemies":"Looter","floor":12,"turns":3},{"damage":1,"enemies":"3 Sentries","floor":13,"turns":7},{"damage":1,"enemies":"3 Louse","floor":14,"turns":3},{"damage":10,"enemies":"Hexaghost","floor":16,"turns":8},{"damage":0,"enemies":"Spheric Guardian","floor":18,"turns":3},{"damage":0,"enemies":"Shell Parasite","floor":21,"turns":4},{"damage":1,"enemies":"Snecko","floor":22,"turns":5},{"damage":0,"enemies":"Gremlin Leader","floor":23,"turns":4},{"damage":29,"enemies":"Slavers","floor":25,"turns":3},{"damage":8,"enemies":"Centurion and Healer","floor":27,"turns":4},{"damage":1,"enemies":"Book of Stabbing","floor":29,"turns":6},{"damage":0,"enemies":"Champ","floor":33,"turns":13},{"damage":0,"enemies":"Orb Walker","floor":35,"turns":5},{"damage":0,"enemies":"3 Shapes","floor":36,"turns":6},{"damage":0,"enemies":"Maw","floor":38,"turns":7},{"damage":0,"enemies":"Spire Growth","floor":41,"turns":6},{"damage":0,"enemies":"Nemesis","floor":42,"turns":7},{"damage":0,"enemies":"Sphere and 2 Shapes","floor":45,"turns":8},{"damage":0,"enemies":"Awakened One","floor":50,"turns":28}],"seed_played":"-8962381679909831295","potions_obtained":[{"floor":3,"key":"Fruit Juice"},{"floor":5,"key":"Explosive Potion"},{"floor":12,"key":"Poison Potion"},{"floor":13,"key":"PowerPotion"},{"floor":16,"key":"EssenceOfSteel"}],"is_trial":false,"path_per_floor":["M","M","M","M","M","R","E","R","T","E","$","M","E","M","R","B",null,"M","$","$","M","M","E","R","E","T","M","R","E","R","?","R","B",null,"M","M","?","M","?","R","M","E","T","R","M","?","$","?","R","B",null],"character_chosen":"DEFECT","items_purchased":["Buffer","Runic Capacitor","Calipers"],"campfire_rested":0,"item_purchase_floors":[11,19,47],"current_hp_per_floor":[58,58,53,49,49,49,48,48,48,39,39,38,37,36,36,26,64,64,64,64,64,63,63,63,34,34,26,26,25,25,25,25,25,63,63,63,63,63,86,86,86,86,86,86,86,86,86,86,86,86],"gold":82,"neow_bonus":"UPGRADE_CARD","is_prod":false,"is_daily":false,"chose_seed":false,"campfire_upgraded":10,"win_rate":0,"timestamp":1555706365,"path_taken":["M","?","M","?","M","R","E","R","T","E","?","M","E","M","R","BOSS","M","?","$","M","M","E","R","E","T","M","R","E","R","?","R","BOSS","M","M","?","M","?","R","?","E","T","R","M","?","$","?","R","BOSS"],"build_version":"2019-01-23","purchased_purges":1,"victory":true,"max_hp_per_floor":[71,71,76,76,76,76,76,76,76,76,76,76,76,76,76,76,76,76,76,76,76,76,76,76,76,76,76,76,76,76,76,76,76,76,76,76,76,76,86,86,86,86,86,86,86,86,86,86,86,86],"card_choices":[{"not_picked":["Hologram","Coolheaded"],"picked":"FTL","floor":1},{"not_picked":["Rebound","Turbo"],"picked":"Conserve Battery","floor":2},{"not_picked":["Stack","Rebound"],"picked":"Defragment","floor":3},{"not_picked":["Loop","Aggregate"],"picked":"Glacier","floor":4},{"not_picked":["Turbo","Defragment"],"picked":"Coolheaded","floor":5},{"not_picked":["Creative AI","Go for the Eyes"],"picked":"Ball Lightning","floor":7},{"not_picked":["Scrape","Leap"],"picked":"Cold Snap","floor":10},{"not_picked":["Cold Snap","Chill","Steam"],"picked":"Loop","floor":12},{"not_picked":["Beam Cell","Buffer","Gash"],"picked":"Defragment","floor":13},{"not_picked":["Hello World","Gash","Sunder"],"picked":"Compile Driver","floor":14},{"not_picked":["Creative AI","Thunder Strike","All For One"],"picked":"Electrodynamics","floor":16},{"not_picked":["Rebound","Ball Lightning","Steam","Turbo"],"picked":"SKIP","floor":18},{"not_picked":["Hello World","Turbo","Scrape"],"picked":"Genetic Algorithm","floor":21},{"not_picked":["Streamline","Self Repair","Steam Power"],"picked":"Coolheaded","floor":22},{"not_picked":["Storm","White Noise","Genetic Algorithm","Hologram"],"picked":"SKIP","floor":23},{"not_picked":["BootSequence","Hello World","Redo"],"picked":"Go for the Eyes+1","floor":25},{"not_picked":["Tempest","Skim","Ball Lightning"],"picked":"Steam+1","floor":27},{"not_picked":["BootSequence","Steam Power","Compile Driver","Cold Snap"],"picked":"SKIP","floor":27},{"not_picked":["Steam Power","White Noise","Meteor Strike"],"picked":"Undo","floor":29},{"not_picked":["Reboot","Machine Learning","Electrodynamics"],"picked":"Fission","floor":33},{"not_picked":["Redo","Genetic Algorithm","Compile Driver","Stack"],"picked":"SKIP","floor":35},{"not_picked":["Conserve Battery+1","Loop","Steam","Hologram"],"picked":"SKIP","floor":35},{"not_picked":["Genetic Algorithm","Reprogram","Buffer"],"picked":"Heatsinks","floor":36},{"not_picked":["Gash","Undo","Cold Snap","Compile Driver"],"picked":"SKIP","floor":36},{"not_picked":["Leap","Ball Lightning","Coolheaded+1"],"picked":"Doom and Gloom","floor":38},{"not_picked":["Stack","Redo","Go for the Eyes+1"],"picked":"Reinforced Body","floor":38},{"not_picked":["Ball Lightning+1","Force Field","Genetic Algorithm"],"picked":"Blizzard","floor":41},{"not_picked":["Darkness","Genetic Algorithm","Stack+1","Aggregate"],"picked":"SKIP","floor":41},{"not_picked":["Conserve Battery","Redo","Creative AI"],"picked":"Recycle","floor":42},{"not_picked":["Force Field","Self Repair","White Noise","Ball Lightning"],"picked":"SKIP","floor":45},{"not_picked":["Hello World+1","Scrape","Ball Lightning","Darkness"],"picked":"SKIP","floor":45},{"not_picked":["Enlightenment","Deep Breath","HandOfGreed"],"picked":"Impatience","floor":48}],"player_experience":2475677,"relics_obtained":[{"floor":7,"key":"Bag of Marbles"},{"floor":9,"key":"DataDisk"},{"floor":10,"key":"Question Card"},{"floor":13,"key":"Regal Pillow"},{"floor":23,"key":"Potion Belt"},{"floor":25,"key":"Prayer Wheel"},{"floor":29,"key":"Vajra"},{"floor":42,"key":"Girya"},{"floor":43,"key":"Blood Vial"}],"event_choices":[{"cards_removed":["Strike_B"],"damage_healed":0,"gold_gain":0,"player_choice":"Gave Gold","damage_taken":0,"max_hp_gain":0,"max_hp_loss":0,"event_name":"Beggar","floor":31,"gold_loss":75},{"damage_healed":0,"gold_gain":0,"player_choice":"Ignored","damage_taken":0,"max_hp_gain":0,"max_hp_loss":0,"event_name":"Tomb of Lord Red Mask","floor":37,"gold_loss":0},{"cards_removed":["Multi-Cast"],"damage_healed":13,"gold_gain":0,"player_choice":"Offered Rare","damage_taken":0,"max_hp_gain":10,"max_hp_loss":0,"event_name":"Bonfire Elementals","floor":39,"gold_loss":0},{"cards_removed":["Defend_B"],"damage_healed":0,"gold_gain":0,"player_choice":"Removed Skill","damage_taken":0,"max_hp_gain":0,"max_hp_loss":0,"event_name":"Falling","floor":46,"gold_loss":0},{"damage_healed":0,"gold_gain":0,"player_choice":"Memory 1","damage_taken":0,"max_hp_gain":0,"max_hp_loss":0,"event_name":"SensoryStone","floor":48,"gold_loss":0}],"is_beta":false,"boss_relics":[{"not_picked":["Tiny House","Eternal Feather"],"picked":"Sozu"},{"not_picked":["Empty Cage","Fusion Hammer"],"picked":"Astrolabe"}],"items_purged_floors":[11],"is_endless":false,"potions_floor_spawned":[3,5,12,13,14,16,21,27,29,36,41,45],"ascension_level":15}