{"gold_per_floor":[109,109,123,123,48,76,76,94,94,94,127,127,140,160,160,160],"floor_reached":16,"playtime":782,"items_purged":[],"score":193,"play_id":"ac548141-e5a8-4685-b22c-2ff1cf8cac66","local_time":"20180722193521","is_ascension_mode":true,"campfire_choices":[{"data":"Streamline","floor":10,"key":"SMITH"},{"data":"Go for the Eyes","floor":12,"key":"SMITH"},{"floor":15,"key":"REST"}],"neow_cost":"NONE","seed_source_timestamp":43396067504260,"circlet_count":0,"master_deck":["Strike_B","Strike_B","Strike_B","Defend_B","Defend_B","Defend_B","Dualcast","AscendersBane","Tempest+1","Go for the Eyes+1","Steam","Streamline+1","Cold Snap","Rebound"],"relics":["Cracked Core","Centennial Puzzle","Symbiotic Virus","Gremlin Horn"],"potions_floor_usage":[],"damage_taken":[{"damage":0,"enemies":"2 Louse","floor":1,"turns":3},{"damage":0,"enemies":"Jaw Worm","floor":3,"turns":3},{"damage":25,"enemies":"3 Sentries","floor":6,"turns":8},{"damage":0,"enemies":"Small Slimes","floor":8,"turns":2},{"damage":6,"enemies":"Gremlin Nob","floor":11,"turns":3},{"damage":8,"enemies":"Blue Slaver","floor":13,"turns":2},{"damage":6,"enemies":"Looter","floor":14,"turns":2},{"damage":55,"enemies":"The Guardian","floor":16,"turns":11}],"seed_played":"-6798781784991794612","potions_obtained":[{"floor":1,"key":"Dexterity Potion"},{"floor":14,"key":"SteroidPotion"}],"is_trial":false,"path_per_floor":["M","?","M","?","?","E","?","M","T","R","E","R","M","M","R"],"character_chosen":"DEFECT","items_purchased":[],"campfire_rested":1,"item_purchase_floors":[],"current_hp_per_floor":[64,69,69,69,69,44,37,37,37,37,31,31,23,17,39,0],"gold":160,"neow_bonus":"TRANSFORM_CARD","is_prod":false,"is_daily":false,"chose_seed":false,"campfire_upgraded":2,"win_rate":0,"timestamp":1532313321,"path_taken":["M","?","M","?","?","E","?","M","T","R","E","R","?","M","R","BOSS"],"build_version":"2018-07-19v2","purchased_purges":0,"victory":false,"max_hp_per_floor":[71,76,76,76,76,76,76,76,76,76,76,76,76,76,76,76],"card_choices":[{"not_picked":["Aggregate","Steam"],"picked":"Go for the Eyes","floor":1},{"not_picked":["Turbo","Hello World"],"picked":"Steam","floor":3},{"not_picked":["Heatsinks","Stack","Blizzard"],"picked":"SKIP","floor":6},{"not_picked":["Steam","Force Field"],"picked":"Streamline","floor":8},{"not_picked":["Rip and Tear","Go for the Eyes","Lockon"],"picked":"SKIP","floor":11},{"not_picked":["Gash","Hologram"],"picked":"Cold Snap","floor":13},{"not_picked":["Chaos","Streamline"],"picked":"Rebound","floor":14}],"player_experience":855368,"relics_obtained":[{"floor":6,"key":"Centennial Puzzle"},{"floor":9,"key":"Symbiotic Virus"},{"floor":11,"key":"Gremlin Horn"}],"event_choices":[{"event_name":"Big Fish","player_choice":"Donut","floor":2,"damage_taken":0},{"event_name":"Living Wall","player_choice":"Grow","floor":4,"damage_taken":0},{"event_name":"The Cleric","player_choice":"Card Removal","floor":5,"damage_taken":0},{"event_name":"Golden Wing","player_choice":"Card Removal","floor":7,"damage_taken":0}],"is_beta":false,"boss_relics":[],"items_purged_floors":[],"is_endless":false,"potions_floor_spawned":[1,14],"killed_by":"The Guardian","ascension_level":15}