{"gold_per_floor":[112,112,1,1,17,17,17,17,17,17,36,52,52,2,2,107,107,126,136,0,18,18,18,35,35,85,119,119,138,138,237,237,332,332,346,107,107,107,125,125,157,157,184,184,184,195,205,231,231,231],"floor_reached":50,"playtime":1501,"items_purged":["Strike_R","Strike_R"],"score":501,"play_id":"2a1aa4df-b29f-471b-beda-e6dba549336b","local_time":"20190109234439","is_ascension_mode":false,"campfire_choices":[{"data":"Searing Blow+1","floor":6,"key":"SMITH"},{"data":"Armaments","floor":8,"key":"SMITH"},{"data":"Searing Blow+2","floor":10,"key":"SMITH"},{"data":"Searing Blow+3","floor":13,"key":"SMITH"},{"data":"Searing Blow+4","floor":15,"key":"SMITH"},{"data":"Searing Blow+5","floor":23,"key":"SMITH"},{"data":"Searing Blow+6","floor":25,"key":"SMITH"},{"data":"Searing Blow+7","floor":28,"key":"SMITH"},{"data":"Searing Blow+8","floor":30,"key":"SMITH"},{"data":"Searing Blow+9","floor":32,"key":"SMITH"},{"data":"Searing Blow+10","floor":40,"key":"SMITH"},{"data":"Searing Blow+11","floor":45,"key":"SMITH"},{"floor":49,"key":"REST"}],"neow_cost":"NONE","seed_source_timestamp":9247169372199,"circlet_count":0,"master_deck":["Strike_R","Defend_R","Bash","Inflame+1","Searing Blow+12","Warcry+1","Havoc","Flame Barrier","Armaments+1","Battle Trance","Thunderclap+1","Disarm+1","Double Tap","Madness","Madness","Finesse","Seeing Red"],"relics":["Astrolabe"],"potions_floor_usage":[21,33,35,47,47,50,50],"damage_taken":[{"damage":2,"enemies":"Small Slimes","floor":1,"turns":3},{"damage":0,"enemies":"2 Louse","floor":5,"turns":3},{"damage":0,"enemies":"Jaw Worm","floor":11,"turns":2},{"damage":5,"enemies":"2 Fungi Beasts","floor":12,"turns":3},{"damage":4,"enemies":"The Guardian","floor":16,"turns":5},{"damage":5,"enemies":"Chosen","floor":18,"turns":4},{"damage":0,"enemies":"Spheric Guardian","floor":19,"turns":3},{"damage":0,"enemies":"Snake Plant","floor":21,"turns":1},{"damage":7,"enemies":"Colosseum Slavers","floor":22,"turns":2},{"damage":0,"enemies":"Cultist and Chosen","floor":24,"turns":3},{"damage":8,"enemies":"Gremlin Leader","floor":27,"turns":2},{"damage":8,"enemies":"Centurion and Healer","floor":29,"turns":3},{"damage":22,"enemies":"Automaton","floor":33,"turns":4},{"damage":5,"enemies":"3 Darklings","floor":35,"turns":6},{"damage":0,"enemies":"3 Shapes","floor":39,"turns":5},{"damage":13,"enemies":"Giant Head","floor":41,"turns":4},{"damage":21,"enemies":"Sphere and 2 Shapes","floor":46,"turns":6},{"damage":1,"enemies":"Transient","floor":47,"turns":4},{"damage":73,"enemies":"Awakened One","floor":50,"turns":5}],"seed_played":"-1465707781239709535","potions_obtained":[{"floor":16,"key":"AttackPotion"},{"floor":21,"key":"Energy Potion"},{"floor":29,"key":"Swift Potion"},{"floor":33,"key":"Explosive Potion"},{"floor":35,"key":"EssenceOfSteel"},{"floor":39,"key":"SpeedPotion"},{"floor":47,"key":"Regen Potion"}],"is_trial":false,"path_per_floor":["M","?","$","?","M","R","$","R","T","R","M","M","R","?","R","B",null,"M","M","?","M","?","R","M","R","T","E","R","M","R","?","R","B",null,"M","$","?","?","M","R","E","?","T","?","R","M","M","T","R","B"],"character_chosen":"IRONCLAD","items_purchased":["Flame Barrier","Double Tap"],"campfire_rested":1,"item_purchase_floors":[3,36],"current_hp_per_floor":[78,78,78,71,71,71,71,71,71,71,71,66,66,66,66,62,80,75,75,75,75,68,68,68,68,68,60,60,52,52,52,52,30,80,75,75,65,65,65,65,52,52,52,52,52,31,30,30,54,0],"gold":231,"neow_bonus":"BOSS_RELIC","is_prod":false,"is_daily":false,"chose_seed":false,"campfire_upgraded":12,"win_rate":0,"timestamp":1547073879,"path_taken":["M","?","$","?","M","R","?","R","T","R","M","M","R","?","R","BOSS","M","M","?","M","?","R","?","R","T","E","R","M","R","?","R","BOSS","M","$","?","?","M","R","E","?","T","?","R","?","M","?","R","BOSS"],"build_version":"2019-01-03v4","purchased_purges":2,"victory":false,"max_hp_per_floor":[80,80,80,80,80,80,80,80,80,80,80,80,80,80,80,80,80,80,80,80,80,80,80,80,80,80,80,80,80,80,80,80,80,80,80,80,80,80,80,80,80,80,80,80,80,80,80,80,80,80],"card_choices":[{"not_picked":["Pommel Strike","Cleave"],"picked":"Havoc","floor":1},{"not_picked":["Blood for Blood","Spot Weakness"],"picked":"Armaments","floor":5},{"not_picked":["Wild Strike","Burning Pact"],"picked":"Battle Trance","floor":11},{"not_picked":["Flex","Body Slam","Pommel Strike"],"picked":"SKIP","floor":12},{"not_picked":["Sever Soul","Clash","Carnage"],"picked":"SKIP","floor":18},{"not_picked":["Searing Blow","Burning Pact"],"picked":"Thunderclap+1","floor":19},{"not_picked":["Wild Strike+1","Anger","Pommel Strike"],"picked":"SKIP","floor":21},{"not_picked":["Pommel Strike","Clash+1","Offering"],"picked":"SKIP","floor":24},{"not_picked":["Warcry","Fiend Fire"],"picked":"Disarm+1","floor":27},{"not_picked":["Clash+1","Flex","Shrug It Off+1"],"picked":"SKIP","floor":29},{"not_picked":["Havoc","Body Slam","Pummel+1"],"picked":"SKIP","floor":35},{"not_picked":["Searing Blow+1","Cleave+1","Clash+1"],"picked":"SKIP","floor":39},{"not_picked":["Sword Boomerang+1","True Grit+1","Pummel+1"],"picked":"SKIP","floor":41},{"not_picked":["Apotheosis","Flash of Steel"],"picked":"Finesse","floor":44},{"not_picked":["True Grit","Clothesline+1","Headbutt+1"],"picked":"SKIP","floor":46},{"not_picked":["Havoc+1","Headbutt"],"picked":"Seeing Red","floor":47}],"player_experience":427691,"relics_obtained":[],"event_choices":[{"damage_healed":0,"gold_gain":0,"player_choice":"Ignored","damage_taken":0,"max_hp_gain":0,"max_hp_loss":0,"event_name":"Golden Idol","floor":2,"gold_loss":0},{"cards_removed":["Strike_R"],"damage_healed":0,"gold_gain":0,"player_choice":"Card Removal","damage_taken":7,"max_hp_gain":0,"max_hp_loss":0,"event_name":"Golden Wing","floor":4,"gold_loss":0},{"cards_removed":["Strike_R"],"damage_healed":0,"gold_gain":0,"player_choice":"Card Removal","damage_taken":0,"max_hp_gain":0,"max_hp_loss":0,"event_name":"The Cleric","floor":14,"gold_loss":50},{"damage_healed":0,"gold_gain":0,"player_choice":"Paid Fearfully","damage_taken":0,"max_hp_gain":0,"max_hp_loss":0,"event_name":"Masked Bandits","floor":20,"gold_loss":136},{"damage_healed":0,"gold_gain":0,"player_choice":"Fight","damage_taken":0,"max_hp_gain":0,"max_hp_loss":0,"event_name":"Colosseum","floor":22,"gold_loss":0},{"damage_healed":0,"gold_gain":0,"player_choice":"Fled From Nobs","damage_taken":0,"max_hp_gain":0,"max_hp_loss":0,"event_name":"Colosseum","floor":22,"gold_loss":0},{"damage_healed":0,"gold_gain":99,"player_choice":"Stole From Cult","damage_taken":0,"max_hp_gain":0,"max_hp_loss":0,"event_name":"Nest","floor":31,"gold_loss":0},{"damage_healed":0,"gold_gain":0,"player_choice":"Embrace Madness","damage_taken":10,"max_hp_gain":0,"max_hp_loss":0,"event_name":"Winding Halls","floor":37,"gold_loss":0,"cards_obtained":["Madness","Madness"]},{"damage_healed":0,"gold_gain":0,"player_choice":"Ignored","damage_taken":0,"max_hp_gain":0,"max_hp_loss":0,"event_name":"Mysterious Sphere","floor":38,"gold_loss":0},{"damage_healed":0,"gold_gain":0,"player_choice":"Ignored","damage_taken":0,"max_hp_gain":0,"max_hp_loss":0,"event_name":"Tomb of Lord Red Mask","floor":42,"gold_loss":0},{"damage_healed":0,"gold_gain":0,"player_choice":"Memory 1","damage_taken":0,"max_hp_gain":0,"max_hp_loss":0,"event_name":"SensoryStone","floor":44,"gold_loss":0}],"is_beta":false,"boss_relics":[{"not_picked":["Black Star","Eternal Feather","Runic Dome"]},{"not_picked":["Tiny House","Runic Pyramid","Orrery"]}],"items_purged_floors":[3,36],"is_endless":false,"potions_floor_spawned":[16,21,29,33,35,39,41,47],"killed_by":"Awakened One","ascension_level":0}