{"gold_per_floor":[113,130,130,147,49,49,84,84,84,84,84,96,108,133,133,211,211,223,138,152,152,178,178,210,220,220,269,143,143,172,185,185,259,259,269,246,262,280,136,136,162,162,214,214,214,225,252,41,41,41],"floor_reached":51,"playtime":2149,"items_purged":["Strike_B"],"score":1364,"play_id":"529d14b2-ca02-48dc-b355-7f651d81d119","local_time":"20181220193013","is_ascension_mode":true,"campfire_choices":[{"data":"Zap","floor":6.0,"key":"SMITH"},{"data":"Defragment","floor":8.0,"key":"SMITH"},{"data":"Dualcast","floor":10.0,"key":"SMITH"},{"data":"Genetic Algorithm","floor":15.0,"key":"SMITH"},{"data":"Capacitor","floor":23,"key":"SMITH"},{"floor":32,"key":"REST"},{"floor":40,"key":"REST"},{"floor":45,"key":"REST"},{"floor":49,"key":"REST"}],"neow_cost":"NONE","seed_source_timestamp":37267946264293,"circlet_count":0,"master_deck":["AscendersBane","Defend_B+1","Defend_B+1","Defend_B+1","Defend_B+1","Zap+1","Dualcast+1","Defragment+1","Ball Lightning","Cold Snap","Cold Snap","Ball Lightning","Genetic Algorithm+1","Electrodynamics","Lockon+1","Leap+1","Gash+1","Leap","Capacitor+1","Coolheaded","Hologram","Conserve Battery","Chill+1","Core Surge","Compile Driver","Biased Cognition","Biased Cognition","Parasite","Chaos+1","Glacier+1","Heatsinks"],"special_seed":0,"relics":["Eternal Feather","Bottled Flame","Shuriken","Bag of Preparation","Astrolabe","Juzu Bracelet","Anchor","Mummified Hand","PreservedInsect","WingedGreaves","Fusion Hammer","Potion Belt","Bronze Scales","Art of War","Toxic Egg 2"],"potions_floor_usage":[20,25,30,33,38,50,50],"damage_taken":[{"damage":18.0,"enemies":"Cultist","floor":1.0,"turns":6.0},{"damage":12.0,"enemies":"Small Slimes","floor":2.0,"turns":3.0},{"damage":2.0,"enemies":"Jaw Worm","floor":4.0,"turns":5.0},{"damage":10.0,"enemies":"3 Sentries","floor":7.0,"turns":3.0},{"damage":1.0,"enemies":"Blue Slaver","floor":12.0,"turns":4.0},{"damage":10.0,"enemies":"Large Slime","floor":13.0,"turns":3.0},{"damage":4.0,"enemies":"Lagavulin","floor":14.0,"turns":7.0},{"damage":0.0,"enemies":"The Guardian","floor":16.0,"turns":10.0},{"damage":2.0,"enemies":"Chosen","floor":18.0,"turns":4.0},{"damage":15,"enemies":"3 Byrds","floor":20,"turns":3},{"damage":14,"enemies":"Book of Stabbing","floor":24,"turns":7},{"damage":12,"enemies":"Snake Plant","floor":25,"turns":5},{"damage":16,"enemies":"Gremlin Leader","floor":30,"turns":5},{"damage":3,"enemies":"Centurion and Healer","floor":31,"turns":5},{"damage":17,"enemies":"Collector","floor":33,"turns":10},{"damage":18,"enemies":"3 Darklings","floor":35,"turns":6},{"damage":0,"enemies":"3 Shapes","floor":37,"turns":4},{"damage":13,"enemies":"Transient","floor":38,"turns":5},{"damage":22,"enemies":"Nemesis","floor":41,"turns":7},{"damage":5,"enemies":"Writhing Mass","floor":46,"turns":5},{"damage":31,"enemies":"Reptomancer","floor":47,"turns":6},{"damage":1,"enemies":"Donu and Deca","floor":50,"turns":10}],"seed_played":"9187984198713208396","potions_obtained":[{"floor":4.0,"key":"PowerPotion"},{"floor":7.0,"key":"Swift Potion"},{"floor":14.0,"key":"SpeedPotion"},{"floor":24,"key":"Ancient Potion"},{"floor":30,"key":"GamblersBrew"},{"floor":37,"key":"AttackPotion"},{"floor":38,"key":"EssenceOfSteel"},{"floor":46,"key":"Strength Potion"}],"is_trial":false,"path_per_floor":["M","M","?","M","$","R","E","R","T","R","?","M","M","E","R","B",null,"M","$","M","?","T","R","E","M","T","T","$","?","E","M","R","B",null,"M","$","M","M","$","R","E","?","T","?","R","M","E","$","R","B",null],"character_chosen":"DEFECT","items_purchased":["Cold Snap","Capacitor","Coolheaded","FocusPotion","PowerPotion","Compile Driver","Potion Belt","Energy Potion","Glacier+1","Heatsinks","Block Potion"],"campfire_rested":4,"item_purchase_floors":[5,19,19,28,28,36,39,48,48,48,48],"current_hp_per_floor":[46,34,34,32,32,38,28,34,34,40,33,32,22,18,27,27,60,58,58,43,43,43,55,41,29,29,29,29,29,13,10,43,26,60,42,42,42,29,29,65,43,43,43,43,71,66,35,35,71,70],"gold":41,"neow_bonus":"BOSS_RELIC","is_prod":false,"is_daily":false,"chose_seed":false,"campfire_upgraded":5,"win_rate":0,"timestamp":1545363013,"path_taken":["M","M","?","?","$","R","E","R","T","R","?","M","M","E","R","BOSS","M","$","M","?","?","R","E","M","T","?","$","?","E","M","R","BOSS","M","$","M","M","$","R","E","?","T","?","R","M","E","$","R","BOSS"],"build_version":"2018-12-20","purchased_purges":1,"victory":true,"max_hp_per_floor":[71,71,71,71,71,71,71,71,71,71,71,71,71,71,71,71,71,71,71,71,71,71,71,71,71,71,71,71,71,71,71,71,71,71,71,71,71,71,71,71,71,71,71,71,71,71,71,71,71,71],"card_choices":[{"not_picked":["Redo","Aggregate"],"picked":"Rebound","floor":1.0},{"not_picked":["Conserve Battery","Undo"],"picked":"Defragment","floor":2.0},{"not_picked":["Streamline","Loop"],"picked":"Ball Lightning","floor":4.0},{"not_picked":["Scrape","Consume"],"picked":"Cold Snap","floor":7.0},{"not_picked":["Leap","Static Discharge"],"picked":"Ball Lightning","floor":12.0},{"not_picked":["Coolheaded","Conserve Battery"],"picked":"Genetic Algorithm","floor":13.0},{"not_picked":["Meteor Strike","Recycle"],"picked":"Hello World","floor":14.0},{"not_picked":["Creative AI","Hyperbeam"],"picked":"Electrodynamics","floor":16.0},{"not_picked":["Fusion","Ball Lightning+1"],"picked":"Leap","floor":18.0},{"not_picked":["Gash","Melter"],"picked":"Hologram","floor":20},{"not_picked":["Meteor Strike","Gash","Skim"],"picked":"SKIP","floor":24},{"not_picked":["Stack","Lockon"],"picked":"Conserve Battery","floor":25},{"not_picked":["Sweeping Beam","Double Energy","Gash"],"picked":"SKIP","floor":30},{"not_picked":["Conserve Battery","Tempest+1"],"picked":"Chill+1","floor":31},{"not_picked":["Hyperbeam","Thunder Strike"],"picked":"Core Surge","floor":33},{"not_picked":["Gash","Steam Power","Ball Lightning+1"],"picked":"SKIP","floor":35},{"not_picked":["Gash","Leap","Hologram"],"picked":"SKIP","floor":37},{"not_picked":["Rip and Tear","Cold Snap","Recycle"],"picked":"SKIP","floor":38},{"not_picked":["Redo+1","Turbo"],"picked":"Biased Cognition","floor":41},{"not_picked":["Redo","Beam Cell","Blizzard+1"],"picked":"SKIP","floor":46},{"not_picked":["Streamline","Redo+1"],"picked":"Chaos+1","floor":47}],"player_experience":1845783,"relics_obtained":[{"floor":7.0,"key":"Bottled Flame"},{"floor":9.0,"key":"Shuriken"},{"floor":14.0,"key":"Bag of Preparation"},{"floor":22,"key":"Juzu Bracelet"},{"floor":24,"key":"Anchor"},{"floor":26,"key":"Mummified Hand"},{"floor":27,"key":"PreservedInsect"},{"floor":30,"key":"WingedGreaves"},{"floor":41,"key":"Bronze Scales"},{"floor":43,"key":"Art of War"},{"floor":47,"key":"Toxic Egg 2"}],"event_choices":[{"cards_removed":["Strike_B"],"damage_healed":0.0,"max_hp_gain":0.0,"max_hp_loss":0.0,"gold_gain":0.0,"event_name":"Bonfire Elementals","player_choice":"Offered Basic","floor":3.0,"gold_loss":0.0,"damage_taken":0.0},{"cards_removed":["Strike_B"],"damage_healed":0.0,"max_hp_gain":0.0,"max_hp_loss":0.0,"gold_gain":0.0,"event_name":"Golden Wing","player_choice":"Card Removal","floor":11.0,"gold_loss":0.0,"damage_taken":7.0},{"damage_healed":0,"gold_gain":0,"player_choice":"Simplicity","damage_taken":0,"max_hp_gain":0,"max_hp_loss":0,"event_name":"Back to Basics","floor":21,"gold_loss":0,"cards_upgraded":["Defend_B","Defend_B","Defend_B","Defend_B"]},{"damage_healed":0,"gold_gain":0,"player_choice":"Got Potions","damage_taken":0,"max_hp_gain":0,"max_hp_loss":0,"event_name":"Lab","floor":29,"gold_loss":0},{"damage_healed":0,"gold_gain":0,"player_choice":"Copied","damage_taken":0,"max_hp_gain":0,"max_hp_loss":0,"event_name":"Duplicator","floor":42,"gold_loss":0,"cards_obtained":["Biased Cognition"]},{"damage_healed":0,"gold_gain":0,"player_choice":"Ignored","damage_taken":0,"max_hp_gain":0,"max_hp_loss":0,"event_name":"Tomb of Lord Red Mask","floor":44,"gold_loss":0}],"is_beta":false,"boss_relics":[{"not_picked":["Lizard Tail","Runic Dome"],"picked":"Astrolabe"},{"not_picked":["Calling Bell","Empty Cage"],"picked":"Fusion Hammer"}],"items_purged_floors":[5],"is_endless":false,"potions_floor_spawned":[4,7,14,24,30,31,37,38,46],"ascension_level":15}