{"gold_per_floor":[117,130,146,160,4,4,14,14,92,111,111,140,140,150,150,250,250,267,279,279,279,44,62,77,93,118,118,118,118,68,68,68,170,170,188,235,254,164,164],"floor_reached":39,"playtime":6551,"items_purged":["Strike_R+1"],"score":383,"play_id":"2eab37b5-6aad-4588-a91c-afd4eeb68793","local_time":"20181002121652","is_ascension_mode":false,"campfire_choices":[{"data":"Juggernaut","floor":6,"key":"SMITH"},{"floor":13,"key":"REST"},{"floor":15,"key":"REST"},{"data":"Blood for Blood","floor":27,"key":"SMITH"},{"floor":29,"key":"REST"},{"data":"Bandage Up","floor":32,"key":"SMITH"}],"neow_cost":"","seed_source_timestamp":1344480002280813,"circlet_count":0,"master_deck":["Strike_R+1","Strike_R+1","Strike_R+1","Strike_R+1","Defend_R+1","Defend_R+1","Defend_R+1","Defend_R+1","Bash","Whirlwind","Headbutt","Second Wind","Iron Wave","Juggernaut+1","Headbutt","Uppercut","Impervious","Dropkick","Demon Form","Blood for Blood+1","Rage+1","Anger","Impervious","Disarm","Seeing Red","Shrug It Off","Bandage Up+1","Shrug It Off","Barricade","Twin Strike","Shrug It Off+1","Armaments+1"],"relics":["Burning Blood","Letter Opener","Champion Belt","Runic Pyramid","MutagenicStrength","Red Skull","Black Star","Thread and Needle","Oddly Smooth Stone"],"potions_floor_usage":[16,16,25,33,36,39],"damage_taken":[{"damage":0,"enemies":"2 Louse","floor":1,"turns":4},{"damage":10,"enemies":"Jaw Worm","floor":2,"turns":4},{"damage":4,"enemies":"Cultist","floor":3,"turns":4},{"damage":27,"enemies":"Large Slime","floor":4,"turns":5},{"damage":9,"enemies":"Blue Slaver","floor":7,"turns":5},{"damage":4,"enemies":"2 Fungi Beasts","floor":10,"turns":4},{"damage":25,"enemies":"3 Sentries","floor":12,"turns":7},{"damage":12,"enemies":"3 Louse","floor":14,"turns":3},{"damage":44,"enemies":"The Guardian","floor":16,"turns":11},{"damage":15,"enemies":"3 Byrds","floor":18,"turns":5},{"damage":23,"enemies":"Shell Parasite","floor":19,"turns":5},{"damage":10,"enemies":"Snake Plant","floor":23,"turns":9},{"damage":1,"enemies":"Snecko","floor":24,"turns":5},{"damage":16,"enemies":"Cultist and Chosen","floor":25,"turns":8},{"damage":25,"enemies":"Champ","floor":33,"turns":13},{"damage":32,"enemies":"3 Darklings","floor":35,"turns":8},{"damage":57,"enemies":"Mysterious Sphere","floor":36,"turns":11},{"damage":16,"enemies":"3 Shapes","floor":37,"turns":8},{"damage":19,"enemies":"Reptomancer","floor":39,"turns":3}],"seed_played":"-4384616604346082953","potions_obtained":[{"floor":3,"key":"Dexterity Potion"},{"floor":7,"key":"FearPotion"},{"floor":12,"key":"LiquidBronze"},{"floor":14,"key":"AttackPotion"},{"floor":19,"key":"Dexterity Potion"},{"floor":24,"key":"Poison Potion"},{"floor":33,"key":"BloodPotion"},{"floor":35,"key":"Dexterity Potion"},{"floor":36,"key":"SkillPotion"}],"is_trial":false,"path_per_floor":["M","M","M","M","$","R","M","$","T","M","?","E","R","M","R","B",null,"M","M","?","?","$","M","M","M","T","R","?","R","$","?","R","B",null,"M","?","M","?"],"character_chosen":"IRONCLAD","items_purchased":["Juggernaut","Anger","Impervious","Shrug It Off"],"campfire_rested":3,"item_purchase_floors":[5,22,22,30],"current_hp_per_floor":[80,76,78,57,57,57,54,54,54,56,56,37,61,55,79,41,80,71,54,54,54,54,50,55,45,45,45,29,53,53,53,53,40,80,60,23,19,19,0],"gold":164,"neow_bonus":"","is_prod":false,"is_daily":false,"chose_seed":false,"campfire_upgraded":3,"win_rate":0.0,"timestamp":1538475412,"path_taken":["M","M","M","M","$","R","M","$","T","M","?","E","R","M","R","BOSS","M","M","?","?","$","M","M","M","T","R","?","R","$","?","R","BOSS","M","?","M","?","M"],"build_version":"2018-09-27","purchased_purges":1,"victory":false,"max_hp_per_floor":[80,80,80,80,80,80,80,80,80,80,80,80,80,80,80,80,80,80,80,80,80,80,80,80,80,80,80,80,80,80,80,80,80,80,80,80,80,80,80],"card_choices":[{"not_picked":["Cleave","Battle Trance"],"picked":"Whirlwind","floor":1},{"not_picked":["Flex","Combust"],"picked":"Headbutt","floor":2},{"not_picked":["Cleave","Thunderclap"],"picked":"Second Wind","floor":3},{"not_picked":["Shrug It Off","Carnage"],"picked":"Iron Wave","floor":4},{"not_picked":["Whirlwind","Body Slam"],"picked":"Headbutt","floor":7},{"not_picked":["Body Slam","Battle Trance"],"picked":"Uppercut","floor":10},{"not_picked":["Sword Boomerang","Perfected Strike"],"picked":"Impervious","floor":12},{"not_picked":["Thunderclap","Body Slam"],"picked":"Dropkick","floor":14},{"not_picked":["Brutality","Offering"],"picked":"Demon Form","floor":16},{"not_picked":["True Grit","Hemokinesis"],"picked":"Blood for Blood","floor":18},{"not_picked":["Perfected Strike+1","Iron Wave+1"],"picked":"Rage+1","floor":19},{"not_picked":["Body Slam","Perfected Strike"],"picked":"Disarm","floor":23},{"not_picked":["Anger+1","Cleave"],"picked":"Seeing Red","floor":24},{"not_picked":["Intimidate","Offering"],"picked":"Shrug It Off","floor":25},{"not_picked":["Double Tap","Fiend Fire"],"picked":"Barricade","floor":33},{"not_picked":["Pommel Strike","Burning Pact"],"picked":"Twin Strike","floor":35},{"not_picked":["Sword Boomerang+1","Second Wind"],"picked":"Shrug It Off+1","floor":36},{"not_picked":["Corruption+1","Clash"],"picked":"Armaments+1","floor":37}],"player_experience":0,"relics_obtained":[{"floor":9,"key":"Letter Opener"},{"floor":12,"key":"Champion Belt"},{"floor":26,"key":"Red Skull"},{"floor":36,"key":"Thread and Needle"}],"event_choices":[{"event_name":"Liars Game","player_choice":"disagreed","floor":11,"damage_taken":0},{"event_name":"Back to Basics","player_choice":"Simplicity","floor":20,"damage_taken":0},{"event_name":"Drug Dealer","player_choice":"Inject Mutagens","floor":21,"damage_taken":0},{"event_name":"Knowing Skull","player_choice":"CARD ","floor":28,"damage_taken":0},{"event_name":"Ghosts","player_choice":"Ignored","floor":31,"damage_taken":0},{"event_name":"Mysterious Sphere","player_choice":"Fight","floor":36,"damage_taken":0},{"event_name":"WeMeetAgain","player_choice":"Gold","floor":38,"damage_taken":0}],"is_beta":false,"boss_relics":[{"not_picked":["Orrery","Lizard Tail"],"picked":"Runic Pyramid"},{"not_picked":["Coffee Dripper","Fusion Hammer"],"picked":"Black Star"}],"items_purged_floors":[22],"is_endless":false,"potions_floor_spawned":[3,7,12,14,19,24,33,35,36],"killed_by":"Reptomancer","ascension_level":0}