{"gold_per_floor":[115,115,127,127,8,8,40,53,53,85,85,96,96,116,116,190,220,234,234,149,9,9,9,39,39,39,70,96,131,109,123,123,123],"floor_reached":33,"playtime":1126,"items_purged":["Strike_B"],"score":697,"play_id":"cde585b8-18d4-40b5-baf5-5298068f14fc","local_time":"20190408002205","is_ascension_mode":true,"campfire_choices":[{"data":"Defragment","floor":6.0,"key":"SMITH"},{"data":"Chaos","floor":11.0,"key":"SMITH"},{"floor":15.0,"key":"DIG"},{"floor":23.0,"key":"REST"},{"floor":25.0,"key":"REST"},{"floor":32.0,"key":"REST"}],"neow_cost":"NONE","seed_source_timestamp":44039800288900,"circlet_count":0,"master_deck":["AscendersBane","Strike_B","Strike_B","Strike_B","Defend_B","Defend_B","Defend_B","Defend_B","Zap","Dualcast","Gash","Ball Lightning","Defragment+1","Rebound","Chaos+1","Cold Snap","Skim","Fission","Decay","Regret","Cold Snap","Biased Cognition+1","Hologram","Glacier","Coolheaded","FTL","Undo","Coolheaded+1","Hologram"],"special_seed":0,"relics":["Cracked Core","NeowsBlessing","FaceOfCleric","Kunai","Pen Nib","DataDisk","Shovel","Darkstone Periapt","Calling Bell","Tiny Chest","Frozen Egg 2","Dead Branch","Cables","Nunchaku","Smiling Mask","Incense Burner","Anchor","Unceasing Top"],"potions_floor_usage":[33],"damage_taken":[{"damage":0.0,"enemies":"Small Slimes","floor":1.0,"turns":1.0},{"damage":0.0,"enemies":"Jaw Worm","floor":3.0,"turns":1.0},{"damage":0.0,"enemies":"Lagavulin","floor":7.0,"turns":1.0},{"damage":0.0,"enemies":"Cultist","floor":8.0,"turns":3.0},{"damage":35.0,"enemies":"3 Sentries","floor":10.0,"turns":6.0},{"damage":3.0,"enemies":"Exordium Thugs","floor":12.0,"turns":3.0},{"damage":7.0,"enemies":"2 Fungi Beasts","floor":14.0,"turns":3.0},{"damage":16.0,"enemies":"Hexaghost","floor":16.0,"turns":10.0},{"damage":57.0,"enemies":"Shell Parasite","floor":18.0,"turns":5.0},{"damage":14.0,"enemies":"Book of Stabbing","floor":24.0,"turns":5.0},{"damage":10.0,"enemies":"Gremlin Leader","floor":27.0,"turns":9.0},{"damage":27.0,"enemies":"Book of Stabbing","floor":29.0,"turns":5.0},{"damage":5.0,"enemies":"2 Thieves","floor":30.0,"turns":4.0},{"damage":1.0,"enemies":"Shelled Parasite and Fungi","floor":31.0,"turns":5.0},{"damage":86,"enemies":"Collector","floor":33,"turns":8}],"seed_played":"8458491564000668048","potions_obtained":[{"floor":1.0,"key":"PowerPotion"},{"floor":3.0,"key":"Block Potion"},{"floor":8.0,"key":"Strength Potion"},{"floor":16.0,"key":"Explosive Potion"},{"floor":24.0,"key":"SteroidPotion"},{"floor":31.0,"key":"Energy Potion"}],"is_trial":false,"path_per_floor":["M","?","M","?","$","R","E","M","T","E","R","M","T","M","R","B",null,"M","?","?","$","?","R","E","R","T","E","T","E","M","M","R","B"],"character_chosen":"DEFECT","items_purchased":["Defragment","Biased Cognition+1","Hologram"],"campfire_rested":3,"item_purchase_floors":[5,21,21],"current_hp_per_floor":[64,64,64,64,64,64,65,66,66,32,32,30,30,24,24,9,78,22,22,22,22,22,50,37,66,66,57,57,31,27,27,57,0],"gold":123,"neow_bonus":"THREE_ENEMY_KILL","is_prod":false,"is_daily":false,"chose_seed":false,"campfire_upgraded":2,"win_rate":0,"timestamp":1554654125,"path_taken":["M","?","M","?","$","R","E","?","T","E","R","M","?","M","R","BOSS","M","?","?","$","?","R","E","R","T","E","?","E","M","?","R","BOSS"],"build_version":"2019-04-04","purchased_purges":1,"victory":false,"max_hp_per_floor":[71,71,71,71,71,71,72,73,73,74,74,75,75,76,76,77,95,96,96,96,96,96,96,97,97,97,98,98,99,100,101,101,101],"card_choices":[{"not_picked":["Steam","Hello World"],"picked":"Gash","floor":1.0},{"not_picked":["Barrage","Chill"],"picked":"Ball Lightning","floor":3.0},{"not_picked":["Reprogram","Storm","Stack"],"picked":"SKIP","floor":7.0},{"not_picked":["Compile Driver","Doom and Gloom"],"picked":"Rebound","floor":8.0},{"not_picked":["Seek","Ball Lightning"],"picked":"Chaos","floor":10.0},{"not_picked":["Hologram","Scrape"],"picked":"Cold Snap","floor":12.0},{"not_picked":["Storm","Static Discharge"],"picked":"Skim","floor":14.0},{"not_picked":["Machine Learning","Multi-Cast"],"picked":"Fission","floor":16.0},{"not_picked":["Force Field","Go for the Eyes"],"picked":"Cold Snap","floor":18.0},{"not_picked":["Blizzard","Rip and Tear"],"picked":"Coolheaded","floor":24.0},{"not_picked":["Reinforced Body","Force Field+1"],"picked":"FTL","floor":27.0},{"not_picked":["Skim","Lockon"],"picked":"Undo","floor":29.0},{"not_picked":["Doom and Gloom","Gash"],"picked":"Coolheaded+1","floor":30.0},{"not_picked":["Force Field","Chaos"],"picked":"Hologram","floor":31.0}],"player_experience":1354999,"relics_obtained":[{"floor":7.0,"key":"Kunai"},{"floor":9.0,"key":"Pen Nib"},{"floor":10.0,"key":"DataDisk"},{"floor":13.0,"key":"Shovel"},{"floor":15.0,"key":"Darkstone Periapt"},{"floor":17.0,"key":"Tiny Chest"},{"floor":17.0,"key":"Frozen Egg 2"},{"floor":17.0,"key":"Dead Branch"},{"floor":24.0,"key":"Nunchaku"},{"floor":26.0,"key":"Smiling Mask"},{"floor":27.0,"key":"Incense Burner"},{"floor":28.0,"key":"Anchor"},{"floor":29.0,"key":"Unceasing Top"}],"event_choices":[{"damage_healed":0.0,"max_hp_gain":0.0,"max_hp_loss":0.0,"gold_gain":0.0,"event_name":"Shining Light","player_choice":"Ignored","floor":2.0,"gold_loss":0.0,"damage_taken":0.0},{"damage_healed":0.0,"max_hp_gain":0.0,"max_hp_loss":0.0,"gold_gain":0.0,"event_name":"FaceTrader","player_choice":"Trade","floor":4.0,"gold_loss":0.0,"damage_taken":0.0,"relics_obtained":["FaceOfCleric"]},{"cards_removed":["Regret"],"damage_healed":0.0,"max_hp_gain":0.0,"max_hp_loss":0.0,"gold_gain":0.0,"event_name":"Back to Basics","player_choice":"Elegance","floor":19.0,"gold_loss":0.0,"damage_taken":0.0},{"damage_healed":0.0,"max_hp_gain":0.0,"max_hp_loss":0.0,"gold_gain":0.0,"event_name":"Addict","player_choice":"Obtained Relic","floor":20.0,"gold_loss":85.0,"damage_taken":0.0,"relics_obtained":["Cables"]},{"damage_healed":0.0,"max_hp_gain":0.0,"max_hp_loss":0.0,"gold_gain":0.0,"event_name":"The Library","player_choice":"Read","floor":22.0,"gold_loss":0.0,"damage_taken":0.0,"cards_obtained":["Glacier"]}],"is_beta":true,"boss_relics":[{"not_picked":["FrozenCore","Cursed Key"],"picked":"Calling Bell"}],"items_purged_floors":[5],"is_endless":false,"potions_floor_spawned":[1,3,8,16,24,31],"killed_by":"Collector","ascension_level":20}