{"gold_per_floor":[117,117,42,42,42,73,86,86,86,115,130,158,172,206,206,278,278,289,300,300,300,316,316,334,361,384,414,414,426,426,457,457,532,532,547,62,62,62,162,162,195,195,221,246,258,268,268,280,280,280,280,280,280,17,42,42],"floor_reached":57,"playtime":3715,"items_purged":["Dagger Throw"],"score":3567,"play_id":"088e8633-ae4e-44c4-af1f-7edccd603c8d","local_time":"20190509193755","is_ascension_mode":true,"campfire_choices":[{"data":"Neutralize","floor":8.0,"key":"SMITH"},{"data":"Cloak And Dagger","floor":15.0,"key":"SMITH"},{"floor":23.0,"key":"REST"},{"data":"Blade Dance","floor":28.0,"key":"SMITH"},{"data":"Well Laid Plans","floor":32.0,"key":"SMITH"},{"data":"Catalyst","floor":40.0,"key":"SMITH"},{"data":"Footwork","floor":42.0,"key":"SMITH"},{"floor":49.0,"key":"RECALL"},{"data":"After Image","floor":53,"key":"SMITH"}],"neow_cost":"TEN_PERCENT_HP_LOSS","seed_source_timestamp":1279219638564652,"circlet_count":0,"master_deck":["AscendersBane","Survivor","Neutralize+1","Calculated Gamble","Venomology","Catalyst+1","Cloak And Dagger+1","Bouncing Flask","Blade Dance+1","Well Laid Plans+1","Storm of Steel+1","Malaise+1","Footwork+1","Blade Dance+1","Prepared+1","Well Laid Plans+1","Concentrate+1","Blade Dance+1","After Image+1","PiercingWail+1","Terror+1","Underhanded Strike","Skewer","Bullet Time+1","Tactician+1","Night Terror+1","Wraith Form v2","Concentrate+1","Prepared+1","Reflex+1","Reflex+1","Underhanded Strike+1","Cloak And Dagger+1","Reflex+1","Concentrate+1","Setup+1","Acrobatics+1","Apotheosis+1","Backflip+1"],"special_seed":0,"relics":["Ring of the Snake","Dead Branch","Dream Catcher","Blood Vial","Prayer Wheel","Anchor","Toxic Egg 2","HoveringKite","Necronomicon","Orichalcum","Juzu Bracelet","Bottled Tornado","Singing Bowl","Pandora\u0027s Box","FossilizedHelix","Tingsha","Happy Flower","Potion Belt","Blue Candle"],"potions_floor_usage":[50,51,55,56,56],"damage_taken":[{"damage":0.0,"enemies":"2 Louse","floor":1.0,"turns":4.0},{"damage":0.0,"enemies":"Gremlin Nob","floor":6.0,"turns":2.0},{"damage":0.0,"enemies":"Small Slimes","floor":7.0,"turns":4.0},{"damage":15.0,"enemies":"Lagavulin","floor":10.0,"turns":13.0},{"damage":0.0,"enemies":"Cultist","floor":11.0,"turns":2.0},{"damage":12.0,"enemies":"3 Sentries","floor":12.0,"turns":7.0},{"damage":0.0,"enemies":"2 Fungi Beasts","floor":13.0,"turns":2.0},{"damage":0.0,"enemies":"Lagavulin","floor":14.0,"turns":5.0},{"damage":0.0,"enemies":"Hexaghost","floor":16.0,"turns":8.0},{"damage":7.0,"enemies":"Shell Parasite","floor":18.0,"turns":4.0},{"damage":18.0,"enemies":"Spheric Guardian","floor":19.0,"turns":6.0},{"damage":11.0,"enemies":"3 Cultists","floor":22.0,"turns":4.0},{"damage":0.0,"enemies":"Centurion and Healer","floor":24.0,"turns":3.0},{"damage":0.0,"enemies":"Slavers","floor":25.0,"turns":3.0},{"damage":0.0,"enemies":"Book of Stabbing","floor":27.0,"turns":5.0},{"damage":0.0,"enemies":"Snecko","floor":29.0,"turns":2.0},{"damage":0.0,"enemies":"Gremlin Leader","floor":31.0,"turns":7.0},{"damage":0.0,"enemies":"Automaton","floor":33.0,"turns":5.0},{"damage":0.0,"enemies":"3 Darklings","floor":35.0,"turns":2.0},{"damage":0.0,"enemies":"Mind Bloom Boss Battle","floor":39.0,"turns":3.0},{"damage":0.0,"enemies":"Nemesis","floor":41.0,"turns":3.0},{"damage":0.0,"enemies":"Giant Head","floor":44.0,"turns":3.0},{"damage":0.0,"enemies":"Orb Walker","floor":45.0,"turns":1.0},{"damage":0.0,"enemies":"Jaw Worm Horde","floor":46.0,"turns":2.0},{"damage":5.0,"enemies":"Sphere and 2 Shapes","floor":48.0,"turns":6.0},{"damage":0,"enemies":"Time Eater","floor":50,"turns":5},{"damage":0,"enemies":"Awakened One","floor":51,"turns":9},{"damage":12,"enemies":"Shield and Spear","floor":55,"turns":6},{"damage":0,"enemies":"The Heart","floor":56,"turns":8}],"seed_played":"1965386811360029005","potions_obtained":[{"floor":1.0,"key":"SkillPotion"},{"floor":10.0,"key":"Weak Potion"},{"floor":22.0,"key":"GamblersBrew"},{"floor":24.0,"key":"GhostInAJar"},{"floor":35.0,"key":"Fire Potion"},{"floor":44.0,"key":"FearPotion"}],"is_trial":false,"path_per_floor":["M","?","?","$","?","E","M","R","T","E","M","E","M","E","R","B",null,"M","M","?","?","M","R","M","E","T","E","R","M","?","E","R","B",null,"M","$","?","?","?","R","E","R","T","E","M","M","?","M","R","B","B",null,"R","$","E","B",null],"character_chosen":"THE_SILENT","items_purchased":["GhostInAJar","FossilizedHelix","Apotheosis+1","PowerPotion"],"campfire_rested":1,"item_purchase_floors":[36,36,54,54],"current_hp_per_floor":[59,41,41,41,41,41,41,41,41,28,30,20,22,24,24,26,52,47,31,10,10,1,19,21,23,23,25,25,27,11,13,13,17,55,57,57,57,57,59,59,61,61,61,63,67,69,69,64,64,66,68,69,69,69,57,59],"gold":42,"neow_bonus":"ONE_RARE_RELIC","is_prod":false,"is_daily":false,"chose_seed":false,"campfire_upgraded":7,"win_rate":0,"timestamp":1557401875,"path_taken":["M","?","?","$","?","E","M","R","T","E","?","E","M","E","R","BOSS","M","M","?","?","M","R","M","E","T","E","R","M","?","E","R","BOSS","M","$","?","?","?","R","E","R","T","E","M","M","?","M","R","BOSS","BOSS","R","$","E","BOSS"],"build_version":"2019-01-23","purchased_purges":1,"victory":true,"max_hp_per_floor":[60,60,60,60,60,60,60,60,60,60,60,60,60,60,60,60,60,60,60,60,60,60,60,60,60,60,60,60,60,65,65,65,67,67,67,67,67,67,67,67,67,67,67,67,69,69,69,69,69,69,69,69,69,69,69,69],"card_choices":[{"not_picked":["Accuracy","Prepared","Flying Knee"],"picked":"SKIP","floor":1.0},{"not_picked":["Quick Slash","Phantasmal Killer"],"picked":"Venomology","floor":6.0},{"not_picked":["Deadly Poison","Prepared"],"picked":"Catalyst","floor":7.0},{"not_picked":["Bullet Time","Dash","Dagger Throw"],"picked":"SKIP","floor":10.0},{"not_picked":["Finisher","Flying Knee"],"picked":"Cloak And Dagger","floor":11.0},{"not_picked":["Dagger Spray","Flying Knee"],"picked":"Bouncing Flask","floor":11.0},{"not_picked":["All Out Attack","Acrobatics"],"picked":"Blade Dance","floor":12.0},{"not_picked":["Poisoned Stab","Outmaneuver"],"picked":"Well Laid Plans","floor":13.0},{"not_picked":["Riddle With Holes","Reflex","Underhanded Strike"],"picked":"SKIP","floor":13.0},{"not_picked":["Bane","Dodge and Roll"],"picked":"Storm of Steel","floor":14.0},{"not_picked":["Night Terror+1","Unload"],"picked":"Malaise+1","floor":16.0},{"not_picked":["Choke","Accuracy"],"picked":"Footwork","floor":18.0},{"not_picked":["Dagger Throw","Finisher","Bouncing Flask+1"],"picked":"SKIP","floor":18.0},{"not_picked":["Sucker Punch","Calculated Gamble+1"],"picked":"Blade Dance+1","floor":19.0},{"not_picked":["Slice+1","Expertise+1"],"picked":"Prepared+1","floor":19.0},{"not_picked":["Blade Dance+1","Reflex+1"],"picked":"Well Laid Plans","floor":22.0},{"not_picked":["Dodge and Roll+1","Dagger Spray","Riddle With Holes"],"picked":"SKIP","floor":22.0},{"not_picked":["Acrobatics+1","Flying Knee"],"picked":"Concentrate+1","floor":23.0},{"not_picked":["Deadly Poison+1","Dash"],"picked":"Blade Dance+1","floor":24.0},{"not_picked":["Choke","Quick Slash","Eviscerate"],"picked":"SKIP","floor":24.0},{"not_picked":["Dodge and Roll+1","Eviscerate","Night Terror+1"],"picked":"SKIP","floor":25.0},{"not_picked":["Backstab","Dodge and Roll+1"],"picked":"After Image","floor":27.0},{"not_picked":["Caltrops","Dagger Throw+1"],"picked":"PiercingWail+1","floor":29.0},{"not_picked":["Quick Slash","Predator","Flechettes"],"picked":"SKIP","floor":29.0},{"not_picked":["Flechettes","Caltrops"],"picked":"Terror+1","floor":31.0},{"not_picked":["Unload","A Thousand Cuts","Night Terror+1"],"picked":"Singing Bowl","floor":33.0},{"not_picked":["Deadly Poison+1","Flying Knee"],"picked":"Concentrate+1","floor":35.0},{"not_picked":["Well Laid Plans","Dagger Spray"],"picked":"Prepared+1","floor":35.0},{"not_picked":["Backstab","Bane"],"picked":"Reflex+1","floor":39.0},{"not_picked":["Escape Plan+1","Underhanded Strike"],"picked":"Reflex+1","floor":41.0},{"not_picked":["Flying Knee","Wraith Form v2"],"picked":"Underhanded Strike+1","floor":44.0},{"not_picked":["Outmaneuver+1","Backstab+1"],"picked":"Cloak And Dagger+1","floor":45.0},{"not_picked":["Noxious Fumes","Riddle With Holes+1","Choke"],"picked":"Singing Bowl","floor":45.0},{"not_picked":["Tactician+1","Concentrate+1"],"picked":"Reflex+1","floor":46.0},{"not_picked":["Terror+1","Quick Slash"],"picked":"Concentrate+1","floor":46.0},{"not_picked":["Prepared+1","Bane"],"picked":"Setup+1","floor":48.0},{"not_picked":["Slice","Flying Knee"],"picked":"Acrobatics+1","floor":48.0},{"not_picked":["Endless Agony","Sucker Punch+1"],"picked":"Backflip+1","floor":55}],"player_experience":1600692,"relics_obtained":[{"floor":6.0,"key":"Dream Catcher"},{"floor":9.0,"key":"Blood Vial"},{"floor":10.0,"key":"Prayer Wheel"},{"floor":12.0,"key":"Anchor"},{"floor":14.0,"key":"Toxic Egg 2"},{"floor":20.0,"key":"Necronomicon"},{"floor":25.0,"key":"Orichalcum"},{"floor":26.0,"key":"Juzu Bracelet"},{"floor":27.0,"key":"Bottled Tornado"},{"floor":31.0,"key":"Singing Bowl"},{"floor":39.0,"key":"Tingsha"},{"floor":41.0,"key":"Happy Flower"},{"floor":44.0,"key":"Potion Belt"},{"floor":55,"key":"Blue Candle"}],"event_choices":[{"damage_healed":0.0,"max_hp_gain":0.0,"max_hp_loss":0.0,"gold_gain":0.0,"event_name":"Shining Light","player_choice":"Entered Light","floor":2.0,"gold_loss":0.0,"damage_taken":18.0,"cards_upgraded":["Defend_G","Defend_G"]},{"cards_removed":["Strike_G"],"damage_healed":0.0,"max_hp_gain":0.0,"max_hp_loss":0.0,"gold_gain":0.0,"event_name":"The Cleric","player_choice":"Card Removal","floor":3.0,"gold_loss":75.0,"damage_taken":0.0},{"damage_healed":0.0,"max_hp_gain":0.0,"max_hp_loss":0.0,"gold_gain":0.0,"cards_transformed":["Strike_G"],"event_name":"Transmorgrifier","player_choice":"Transformed","floor":5.0,"gold_loss":0.0,"damage_taken":0.0,"cards_obtained":["Calculated Gamble"]},{"damage_healed":0.0,"max_hp_gain":0.0,"max_hp_loss":0.0,"gold_gain":0.0,"event_name":"Cursed Tome","player_choice":"Obtained Book","floor":20.0,"gold_loss":0.0,"damage_taken":21.0},{"damage_healed":0.0,"max_hp_gain":0.0,"max_hp_loss":0.0,"gold_gain":0.0,"event_name":"FaceTrader","player_choice":"Leave","floor":21.0,"gold_loss":0.0,"damage_taken":0.0},{"damage_healed":0.0,"max_hp_gain":5.0,"max_hp_loss":0.0,"gold_gain":0.0,"event_name":"Forgotten Altar","player_choice":"Shed Blood","floor":30.0,"gold_loss":0.0,"damage_taken":21.0},{"damage_healed":0.0,"max_hp_gain":0.0,"max_hp_loss":0.0,"gold_gain":0.0,"event_name":"Accursed Blacksmith","player_choice":"Forge","floor":37.0,"gold_loss":0.0,"damage_taken":0.0,"cards_upgraded":["Well Laid Plans"]},{"cards_removed":["Finisher"],"damage_healed":0.0,"max_hp_gain":0.0,"max_hp_loss":0.0,"gold_gain":0.0,"event_name":"Falling","player_choice":"Removed Attack","floor":38.0,"gold_loss":0.0,"damage_taken":0.0},{"damage_healed":0.0,"max_hp_gain":0.0,"max_hp_loss":0.0,"gold_gain":0.0,"event_name":"MindBloom","player_choice":"Fight","floor":39.0,"gold_loss":0.0,"damage_taken":0.0},{"damage_healed":0.0,"max_hp_gain":0.0,"max_hp_loss":0.0,"gold_gain":0.0,"event_name":"Tomb of Lord Red Mask","player_choice":"Ignored","floor":47.0,"gold_loss":0.0,"damage_taken":0.0}],"is_beta":false,"boss_relics":[{"not_picked":["Calling Bell","Orrery"],"picked":"HoveringKite"},{"not_picked":["Empty Cage","Lizard Tail"],"picked":"Pandora\u0027s Box"}],"items_purged_floors":[36],"is_endless":false,"potions_floor_spawned":[1,10,13,14,22,24,25,35,41,44,46],"ascension_level":20}