{"gold_per_floor":[114,125,125,125,142,167,167,201,201,215,227,260,275,305,305,384,384,400,400,417,417,132,164,184,184,184,184,214,224,116,131,131,131],"floor_reached":33,"playtime":1206,"items_purged":[],"score":684,"play_id":"f0b10e22-be20-45b8-b3e8-e3954b2af6b5","local_time":"20181031123927","daily_mods":["SealedDeck"],"is_ascension_mode":true,"campfire_choices":[{"data":"Inflame","floor":7.0,"key":"SMITH"},{"data":"Flex","floor":15.0,"key":"SMITH"},{"data":"Whirlwind","floor":25.0,"key":"SMITH"},{"data":"Clothesline","floor":27.0,"key":"SMITH"},{"data":"Havoc","floor":32.0,"key":"SMITH"}],"neow_cost":"","seed_source_timestamp":0,"circlet_count":0,"master_deck":["AscendersBane","Iron Wave","Pommel Strike","Anger","True Grit","Flex+1","Twin Strike","Cleave","Spot Weakness","Shrug It Off","Inflame+1","Feel No Pain","Clothesline+1","Flame Barrier","Whirlwind+1","Pummel","Offering","Disarm+1","Flex+1","Havoc+1"],"special_seed":0,"relics":["Burning Blood","Lantern","Magic Flower","Matryoshka","Bag of Marbles","Question Card","Eternal Feather","Self Forming Clay","Bronze Scales","Smiling Mask","Frozen Egg 2","Pen Nib"],"potions_floor_usage":[33,33],"damage_taken":[{"damage":0.0,"enemies":"Jaw Worm","floor":1.0,"turns":2.0},{"damage":0.0,"enemies":"Cultist","floor":2.0,"turns":3.0},{"damage":6.0,"enemies":"2 Louse","floor":5.0,"turns":2.0},{"damage":8.0,"enemies":"Lagavulin","floor":6.0,"turns":7.0},{"damage":6.0,"enemies":"Gremlin Nob","floor":8.0,"turns":3.0},{"damage":5.0,"enemies":"Lots of Slimes","floor":10.0,"turns":3.0},{"damage":2.0,"enemies":"Red Slaver","floor":11.0,"turns":2.0},{"damage":15.0,"enemies":"Lagavulin","floor":12.0,"turns":6.0},{"damage":3.0,"enemies":"3 Louse","floor":13.0,"turns":2.0},{"damage":4.0,"enemies":"3 Sentries","floor":14.0,"turns":4.0},{"damage":40.0,"enemies":"The Guardian","floor":16.0,"turns":9.0},{"damage":0.0,"enemies":"Chosen","floor":18.0,"turns":2.0},{"damage":16.0,"enemies":"2 Thieves","floor":20.0,"turns":3.0},{"damage":18.0,"enemies":"Gremlin Leader","floor":23.0,"turns":5.0},{"damage":23.0,"enemies":"3 Cultists","floor":24.0,"turns":4.0},{"damage":6.0,"enemies":"Slavers","floor":28.0,"turns":2.0},{"damage":12.0,"enemies":"Snake Plant","floor":29.0,"turns":3.0},{"damage":6.0,"enemies":"Cultist and Chosen","floor":31.0,"turns":1.0},{"damage":75,"enemies":"Collector","floor":33,"turns":9}],"seed_played":"-7715828067138380886","potions_obtained":[{"floor":2.0,"key":"PowerPotion"},{"floor":8.0,"key":"EssenceOfSteel"},{"floor":21.0,"key":"Block Potion"}],"is_trial":true,"path_per_floor":["M","M","?","?","M","E","R","E","T","M","M","E","M","E","R","B",null,"M","?","M","?","$","E","M","R","T","R","E","M","$","M","R"],"character_chosen":"IRONCLAD","items_purchased":["Self Forming Clay","SteroidPotion","Havoc"],"campfire_rested":0,"item_purchase_floors":[22,30,30],"current_hp_per_floor":[74,75,75,75,75,73,73,73,73,75,75,69,75,75,75,44,67,75,75,68,68,68,59,45,54,54,63,66,63,63,66,75,0],"gold":131,"neow_bonus":"","is_prod":false,"is_daily":false,"chose_seed":false,"campfire_upgraded":5,"win_rate":0,"timestamp":1541014767,"path_taken":["M","M","?","?","M","E","R","E","T","M","M","E","M","E","R","BOSS","M","?","M","?","$","E","M","R","T","R","E","M","$","M","R","BOSS"],"build_version":"2018-10-25v2","purchased_purges":0,"victory":false,"max_hp_per_floor":[75,75,75,75,75,75,75,75,75,75,75,75,75,75,75,75,75,75,75,75,75,75,75,75,75,75,75,75,75,75,75,75,75],"card_choices":[{"not_picked":["Clash","Ghostly Armor"],"picked":"Feel No Pain","floor":1.0},{"not_picked":["True Grit","Pommel Strike"],"picked":"Clothesline","floor":2.0},{"not_picked":["Wild Strike","Pommel Strike","Flex"],"picked":"SKIP","floor":5.0},{"not_picked":["True Grit","Body Slam","Evolve"],"picked":"SKIP","floor":6.0},{"not_picked":["Anger","Infernal Blade","Brutality"],"picked":"SKIP","floor":8.0},{"not_picked":["Body Slam","Dual Wield"],"picked":"Flame Barrier","floor":10.0},{"not_picked":["Shrug It Off","Carnage"],"picked":"Whirlwind","floor":11.0},{"not_picked":["Infernal Blade","Heavy Blade"],"picked":"Pummel","floor":12.0},{"not_picked":["Power Through","Cleave","Inflame"],"picked":"SKIP","floor":13.0},{"not_picked":["Bludgeon","Uppercut","Wild Strike"],"picked":"SKIP","floor":14.0},{"not_picked":["Brutality","Fiend Fire","Bludgeon"],"picked":"Offering","floor":16.0},{"not_picked":["Heavy Blade","Sword Boomerang","Flex"],"picked":"Disarm+1","floor":18.0},{"not_picked":["Twin Strike","Uppercut","Headbutt","Clash"],"picked":"SKIP","floor":20.0},{"not_picked":["Twin Strike","Inflame","Shrug It Off","Dual Wield"],"picked":"SKIP","floor":23.0},{"not_picked":["Cleave","Flex","True Grit","Thunderclap"],"picked":"SKIP","floor":24.0},{"not_picked":["Perfected Strike","True Grit","Heavy Blade","Uppercut"],"picked":"SKIP","floor":28.0},{"not_picked":["Thunderclap","Cleave","Second Wind","Barricade+1"],"picked":"SKIP","floor":29.0},{"not_picked":["Hemokinesis","Sever Soul","Armaments","Heavy Blade"],"picked":"SKIP","floor":31.0}],"player_experience":1531509,"relics_obtained":[{"floor":6.0,"key":"Lantern"},{"floor":8.0,"key":"Magic Flower"},{"floor":9.0,"key":"Matryoshka"},{"floor":12.0,"key":"Bag of Marbles"},{"floor":14.0,"key":"Question Card"},{"floor":23.0,"key":"Bronze Scales"},{"floor":26.0,"key":"Smiling Mask"},{"floor":26.0,"key":"Frozen Egg 2"},{"floor":28.0,"key":"Pen Nib"}],"event_choices":[{"damage_healed":0.0,"max_hp_gain":0.0,"max_hp_loss":0.0,"gold_gain":0.0,"event_name":"Transmorgrifier","player_choice":"Ignored","floor":3.0,"gold_loss":0.0,"damage_taken":0.0},{"damage_healed":0.0,"max_hp_gain":0.0,"max_hp_loss":0.0,"gold_gain":0.0,"event_name":"Match and Keep!","player_choice":"0 cards matched","floor":4.0,"gold_loss":0.0,"damage_taken":0.0,"cards_obtained":[]},{"damage_healed":0.0,"max_hp_gain":0.0,"max_hp_loss":0.0,"gold_gain":0.0,"event_name":"Duplicator","player_choice":"Copied","floor":19.0,"gold_loss":0.0,"damage_taken":0.0,"cards_obtained":["Flex"]},{"damage_healed":0.0,"max_hp_gain":0.0,"max_hp_loss":0.0,"gold_gain":0.0,"event_name":"The Lab","player_choice":"Got Potions","floor":21.0,"gold_loss":0.0,"damage_taken":0.0}],"is_beta":false,"boss_relics":[{"not_picked":["White Beast Statue","Astrolabe"],"picked":"Eternal Feather"}],"items_purged_floors":[],"is_endless":false,"potions_floor_spawned":[2,8,11,12,13,20,24,31],"killed_by":"Collector","ascension_level":20}