{"gold_per_floor":[115,265,279,279,153,153,186,186,213,225,237,275,304,326,338,350],"floor_reached":16,"playtime":552,"items_purged":["Doubt"],"score":266,"play_id":"1144eca2-3148-4a80-98bd-e7ec2fd77f23","local_time":"20190321142657","is_ascension_mode":true,"campfire_choices":[{"data":"Shrug It Off","floor":6,"key":"SMITH"},{"data":"Sword Boomerang","floor":8,"key":"SMITH"},{"data":"Iron Wave","floor":11,"key":"SMITH"},{"data":"Wild Strike","floor":15,"key":"SMITH"}],"neow_cost":"NONE","seed_source_timestamp":118646091116000,"circlet_count":0,"master_deck":["AscendersBane","Strike_R","Strike_R","Strike_R","Strike_R","Strike_R","Defend_R+1","Defend_R","Defend_R","Defend_R","Bash","Iron Wave+1","Shockwave+1","Shrug It Off+1","Sword Boomerang+1","Wild Strike+1","Anger","Pommel Strike"],"relics":["Burning Blood","NeowsBlessing","Art of War","MawBank","War Paint"],"potions_floor_usage":[12,16],"damage_taken":[{"damage":0,"enemies":"Jaw Worm","floor":1,"turns":1},{"damage":0,"enemies":"Small Slimes","floor":3,"turns":1},{"damage":0,"enemies":"Gremlin Nob","floor":7,"turns":1},{"damage":55,"enemies":"Lagavulin","floor":12,"turns":9},{"damage":1,"enemies":"Cultist","floor":13,"turns":4},{"damage":6,"enemies":"Looter","floor":14,"turns":3},{"damage":64,"enemies":"Slime Boss","floor":16,"turns":10}],"seed_played":"-1499001515736076489","potions_obtained":[{"floor":1,"key":"Dexterity Potion"},{"floor":7,"key":"Regen Potion"},{"floor":13,"key":"Swift Potion"}],"is_trial":false,"path_per_floor":["M","?","M","?","$","R","E","R","T","$","R","E","M","M","R","B"],"character_chosen":"IRONCLAD","items_purchased":["Shrug It Off"],"campfire_rested":0,"item_purchase_floors":[5],"current_hp_per_floor":[74,74,75,80,80,80,80,80,80,80,80,46,51,51,51,0],"gold":350,"neow_bonus":"THREE_ENEMY_KILL","is_prod":false,"is_daily":false,"chose_seed":false,"campfire_upgraded":4,"win_rate":0,"timestamp":1553178417,"path_taken":["M","?","M","?","$","R","E","R","T","?","R","E","M","M","R","BOSS"],"build_version":"2019-01-23","purchased_purges":1,"victory":false,"max_hp_per_floor":[75,75,75,80,80,80,80,80,80,80,80,80,80,80,80,80],"card_choices":[{"not_picked":["Entrench","Anger"],"picked":"Iron Wave","floor":1},{"not_picked":["Heavy Blade","Body Slam"],"picked":"Shockwave","floor":3},{"not_picked":["Pummel","Dual Wield"],"picked":"Sword Boomerang","floor":7},{"not_picked":["Dropkick","Armaments"],"picked":"Wild Strike","floor":12},{"not_picked":["Iron Wave","Metallicize"],"picked":"Anger","floor":13},{"not_picked":["Wild Strike","Twin Strike"],"picked":"Pommel Strike","floor":14}],"player_experience":2284105,"relics_obtained":[{"floor":7,"key":"Art of War"},{"floor":9,"key":"MawBank"},{"floor":12,"key":"War Paint"}],"event_choices":[{"damage_healed":0,"gold_gain":150,"player_choice":"AGREE","damage_taken":0,"max_hp_gain":0,"max_hp_loss":0,"event_name":"Liars Game","floor":2,"gold_loss":0,"cards_obtained":["Doubt"]},{"damage_healed":0,"gold_gain":0,"player_choice":"Donut","damage_taken":0,"max_hp_gain":5,"max_hp_loss":0,"event_name":"Big Fish","floor":4,"gold_loss":0}],"is_beta":false,"boss_relics":[],"items_purged_floors":[5],"is_endless":false,"potions_floor_spawned":[1,7,13],"killed_by":"Slime Boss","ascension_level":20}