{"gold_per_floor":[117,135,148,160,172,172,207,226,226,226,226,226,242,242,242,370,370,364,385,38,58,78,78,99,99,99,99,134,134,159,183,183,308,308,327,346,346,1,24,24,43,64,64,79,102,145,145,166,166,166],"floor_reached":51,"playtime":7137,"items_purged":["Injury"],"score":884,"play_id":"eab805f2-1a26-4d4d-b55c-7cf4ab8c87ba","local_time":"20190507170340","is_ascension_mode":false,"campfire_choices":[{"data":"Bash","floor":6.0,"key":"SMITH"},{"data":"Bloodletting","floor":10.0,"key":"SMITH"},{"floor":15.0,"key":"REST"},{"data":"Dark Embrace","floor":23.0,"key":"SMITH"},{"floor":25,"key":"REST"},{"floor":32,"key":"REST"},{"floor":40,"key":"REST"},{"data":"Barricade","floor":47,"key":"SMITH"},{"data":"Offering","floor":49,"key":"SMITH"}],"neow_cost":"NONE","seed_source_timestamp":0,"circlet_count":0,"master_deck":["Strike_R","Strike_R","Strike_R","Defend_R","Defend_R","Defend_R","Defend_R","Bash+1","Warcry","Cleave+1","Blood for Blood","Clash","Corruption+1","Bloodletting+1","Shrug It Off","Dark Embrace+1","Shrug It Off","Pummel","Entrench","Sentinel","Offering+1","Shrug It Off+1","Pommel Strike+1","Spot Weakness","True Grit","Shockwave+1","Clothesline+1","Shockwave","Body Slam","Necronomicurse","Blood for Blood+1","Heavy Blade+1","Barricade+1","Shrug It Off+1","Shrug It Off+1","Entrench","Shrug It Off+1","Shrug It Off+1","Sentinel+1","Shrug It Off+1","Demon Form"],"special_seed":0,"relics":["Burning Blood","Champion Belt","Question Card","Golden Idol","Calipers","Orrery","Happy Flower","Red Skull","Gremlin Horn","Mummified Hand","Necronomicon","Empty Cage","Bottled Tornado","Mango","PreservedInsect"],"potions_floor_usage":[30,30,35,36,39,42,42,46],"damage_taken":[{"damage":0.0,"enemies":"Small Slimes","floor":1.0,"turns":3.0},{"damage":0.0,"enemies":"2 Louse","floor":2.0,"turns":4.0},{"damage":1.0,"enemies":"Jaw Worm","floor":3.0,"turns":4.0},{"damage":0.0,"enemies":"Large Slime","floor":4.0,"turns":4.0},{"damage":5.0,"enemies":"Blue Slaver","floor":5.0,"turns":2.0},{"damage":26.0,"enemies":"Lagavulin","floor":7.0,"turns":4.0},{"damage":10.0,"enemies":"3 Louse","floor":8.0,"turns":3.0},{"damage":4.0,"enemies":"Red Slaver","floor":13.0,"turns":2.0},{"damage":47.0,"enemies":"Hexaghost","floor":16.0,"turns":6.0},{"damage":6.0,"enemies":"2 Thieves","floor":18.0,"turns":4.0},{"damage":14.0,"enemies":"Chosen","floor":19.0,"turns":3.0},{"damage":19.0,"enemies":"Centurion and Healer","floor":21.0,"turns":5.0},{"damage":6.0,"enemies":"Snecko","floor":22.0,"turns":5.0},{"damage":12,"enemies":"Snake Plant","floor":24,"turns":4},{"damage":9,"enemies":"Book of Stabbing","floor":28,"turns":2},{"damage":22,"enemies":"Shelled Parasite and Fungi","floor":30,"turns":4},{"damage":7,"enemies":"Centurion and Healer","floor":31,"turns":4},{"damage":34,"enemies":"Collector","floor":33,"turns":5},{"damage":15,"enemies":"3 Darklings","floor":35,"turns":4},{"damage":49,"enemies":"3 Shapes","floor":36,"turns":4},{"damage":6,"enemies":"Sphere and 2 Shapes","floor":39,"turns":3},{"damage":7,"enemies":"Spire Growth","floor":41,"turns":5},{"damage":7,"enemies":"Transient","floor":42,"turns":5},{"damage":9,"enemies":"3 Darklings","floor":44,"turns":4},{"damage":9,"enemies":"Maw","floor":45,"turns":5},{"damage":0,"enemies":"Reptomancer","floor":46,"turns":6},{"damage":0,"enemies":"Sphere and 2 Shapes","floor":48,"turns":2},{"damage":9,"enemies":"Donu and Deca","floor":50,"turns":7}],"seed_played":"7810746960837560254","potions_obtained":[{"floor":3.0,"key":"Dexterity Potion"},{"floor":7.0,"key":"SteroidPotion"},{"floor":8.0,"key":"FearPotion"},{"floor":13.0,"key":"PowerPotion"},{"floor":18.0,"key":"Poison Potion"},{"floor":21.0,"key":"Explosive Potion"},{"floor":28,"key":"Weak Potion"},{"floor":33,"key":"SkillPotion"},{"floor":35,"key":"AttackPotion"},{"floor":36,"key":"FearPotion"},{"floor":41,"key":"Poison Potion"},{"floor":45,"key":"Dexterity Potion"}],"is_trial":false,"path_per_floor":["M","M","M","M","M","R","E","M","T","R","?","?","M","?","R","B",null,"M","M","$","M","M","R","M","R","T","?","E","?","M","M","R","B",null,"M","M","?","$","M","R","M","M","T","M","M","E","R","M","R","B",null],"character_chosen":"IRONCLAD","items_purchased":["Happy Flower","Spot Weakness","True Grit","Bottled Tornado","Entrench","Energy Potion"],"campfire_rested":4,"item_purchase_floors":[20,20,20,38,38,38],"current_hp_per_floor":[88,88,88,88,88,88,68,64,64,64,64,46,48,45,71,30,88,88,80,80,67,67,67,61,87,87,87,84,68,52,51,77,49,88,79,36,36,36,36,62,61,60,74,71,68,74,74,80,80,77],"gold":166,"neow_bonus":"TEN_PERCENT_HP_BONUS","is_prod":false,"is_daily":false,"chose_seed":false,"campfire_upgraded":5,"win_rate":0.0,"timestamp":1557216220,"path_taken":["M","M","M","M","M","R","E","M","T","R","?","?","M","?","R","BOSS","M","M","$","M","M","R","M","R","T","?","E","?","M","M","R","BOSS","M","M","?","$","M","R","M","M","T","M","M","E","R","M","R","BOSS"],"build_version":"2019-01-23","purchased_purges":1,"victory":true,"max_hp_per_floor":[88,88,88,88,88,88,88,88,88,88,88,88,88,88,88,88,88,88,88,88,88,88,88,88,88,88,88,88,88,88,88,88,88,88,88,88,88,88,88,88,88,88,102,102,102,102,102,102,102,102],"card_choices":[{"not_picked":["Entrench","Whirlwind"],"picked":"Warcry","floor":1.0},{"not_picked":["Sever Soul","Pummel"],"picked":"Cleave","floor":2.0},{"not_picked":["Thunderclap","Cleave"],"picked":"Clash","floor":3.0},{"not_picked":["Iron Wave","Pommel Strike"],"picked":"Blood for Blood","floor":4.0},{"not_picked":["Warcry","Body Slam"],"picked":"Clash","floor":5.0},{"not_picked":["Havoc","Burning Pact"],"picked":"Corruption","floor":7.0},{"not_picked":["Pummel","Heavy Blade"],"picked":"Bloodletting","floor":8.0},{"not_picked":["Armaments","Entrench","Dropkick"],"picked":"Shrug It Off","floor":13.0},{"not_picked":["Fiend Fire","Reaper","Bludgeon"],"picked":"Dark Embrace","floor":16.0},{"not_picked":["Rage","Clash","Armaments"],"picked":"Shrug It Off","floor":17.0},{"not_picked":["Evolve","Rupture","Sword Boomerang"],"picked":"Pummel","floor":17.0},{"not_picked":["Headbutt","Hemokinesis","Pommel Strike"],"picked":"Entrench","floor":17.0},{"not_picked":["Corruption","Shrug It Off","Anger"],"picked":"Sentinel","floor":17.0},{"not_picked":["Flex","Dropkick","Armaments"],"picked":"Offering","floor":17.0},{"not_picked":["Sever Soul","Armaments","Dropkick+1"],"picked":"Shrug It Off+1","floor":18.0},{"not_picked":["Clothesline","Twin Strike","Pummel+1"],"picked":"Pommel Strike+1","floor":19.0},{"not_picked":["Rampage","Havoc","Rage"],"picked":"Shockwave+1","floor":21.0},{"not_picked":["Wild Strike+1","Iron Wave","Battle Trance"],"picked":"Clothesline+1","floor":22.0},{"not_picked":["Pommel Strike","Rampage","Rage"],"picked":"Shockwave","floor":24},{"not_picked":["Warcry+1","Clothesline","Pommel Strike"],"picked":"Body Slam","floor":28},{"not_picked":["Second Wind+1","Armaments","Bloodletting+1"],"picked":"Blood for Blood+1","floor":30},{"not_picked":["Thunderclap+1","Wild Strike+1","Warcry"],"picked":"Heavy Blade+1","floor":31},{"not_picked":["Bludgeon","Double Tap","Offering"],"picked":"Barricade","floor":33},{"not_picked":["Ghostly Armor+1","Seeing Red+1","Pommel Strike+1"],"picked":"Shrug It Off+1","floor":35},{"not_picked":["Headbutt","Seeing Red","Body Slam+1"],"picked":"Shrug It Off+1","floor":36},{"not_picked":["Clothesline+1","Rupture","Twin Strike"],"picked":"Shrug It Off+1","floor":39},{"not_picked":["Brutality","Clash","Perfected Strike"],"picked":"Shrug It Off+1","floor":41},{"not_picked":["Searing Blow","Cleave","Heavy Blade+1"],"picked":"Sentinel+1","floor":42},{"not_picked":["Ghostly Armor","Whirlwind+1","Cleave"],"picked":"Shrug It Off+1","floor":44},{"not_picked":["Shockwave","Thunderclap","Heavy Blade","Clash+1"],"picked":"SKIP","floor":45},{"not_picked":["Thunderclap+1","Perfected Strike","Twin Strike+1"],"picked":"Demon Form","floor":46},{"not_picked":["Clothesline","Headbutt+1","Dropkick","Heavy Blade+1"],"picked":"SKIP","floor":48}],"player_experience":55699,"relics_obtained":[{"floor":7.0,"key":"Champion Belt"},{"floor":9.0,"key":"Question Card"},{"floor":26,"key":"Red Skull"},{"floor":28,"key":"Mummified Hand"},{"floor":29,"key":"Necronomicon"},{"floor":43,"key":"Mango"},{"floor":46,"key":"PreservedInsect"}],"event_choices":[{"damage_healed":0.0,"max_hp_gain":0.0,"max_hp_loss":0.0,"gold_gain":0.0,"event_name":"Golden Idol","player_choice":"Take Wound","floor":11.0,"gold_loss":0.0,"damage_taken":0.0,"relics_obtained":["Golden Idol"],"cards_obtained":["Injury"]},{"damage_healed":0.0,"max_hp_gain":0.0,"max_hp_loss":0.0,"gold_gain":0.0,"event_name":"Shining Light","player_choice":"Entered Light","floor":12.0,"gold_loss":0.0,"damage_taken":18.0,"cards_upgraded":["Cleave","Corruption"]},{"damage_healed":0.0,"max_hp_gain":0.0,"max_hp_loss":0.0,"gold_gain":0.0,"event_name":"Scrap Ooze","player_choice":"Success","floor":14.0,"gold_loss":0.0,"damage_taken":3.0,"relics_obtained":["Calipers"]},{"damage_healed":0,"gold_gain":0,"player_choice":"Opened","damage_taken":0,"relics_obtained":["Gremlin Horn"],"max_hp_gain":0,"max_hp_loss":0,"event_name":"The Mausoleum","floor":27,"gold_loss":0},{"damage_healed":0,"gold_gain":0,"player_choice":"Obtained Book","damage_taken":16,"max_hp_gain":0,"max_hp_loss":0,"event_name":"Cursed Tome","floor":29,"gold_loss":0},{"cards_removed":["Clash"],"damage_healed":0,"gold_gain":0,"player_choice":"Removed Attack","damage_taken":0,"max_hp_gain":0,"max_hp_loss":0,"event_name":"Falling","floor":37,"gold_loss":0}],"is_beta":false,"boss_relics":[{"not_picked":["Fusion Hammer","Ectoplasm"],"picked":"Orrery"},{"not_picked":["Astrolabe","Busted Crown"],"picked":"Empty Cage"}],"items_purged_floors":[20],"is_endless":false,"potions_floor_spawned":[3,7,8,13,18,21,28,33,35,36,41,45],"ascension_level":0}