{"gold_per_floor":[112,122,122,142,12,12,12,12,12,70,80,110,120,195,195,195],"floor_reached":16,"playtime":421,"items_purged":["Strike_G"],"score":200,"play_id":"55d21db1-3a1f-4736-80b1-3fe190f00276","local_time":"20190106173202","is_ascension_mode":true,"campfire_choices":[{"data":"Dagger Spray","floor":6.0,"key":"SMITH"},{"data":"Terror","floor":8.0,"key":"SMITH"},{"data":"Flechettes","floor":15.0,"key":"SMITH"}],"neow_cost":"PERCENT_DAMAGE","seed_source_timestamp":0,"circlet_count":0,"master_deck":["AscendersBane","Defend_G","Defend_G","Defend_G","Defend_G","Defend_G","Strike_G","Strike_G","Strike_G","Survivor","Neutralize","Terror+1","Dagger Spray+1","Flechettes+1","Expertise","Footwork","Backflip"],"special_seed":0,"relics":["Ring of the Snake","Bird Faced Urn","Tiny Chest","Odd Mushroom"],"potions_floor_usage":[16,16],"damage_taken":[{"damage":0.0,"enemies":"2 Louse","floor":1.0,"turns":3.0},{"damage":1.0,"enemies":"Cultist","floor":2.0,"turns":4.0},{"damage":1.0,"enemies":"Small Slimes","floor":4.0,"turns":4.0},{"damage":2.0,"enemies":"Lagavulin","floor":10.0,"turns":3.0},{"damage":0.0,"enemies":"3 Louse","floor":11.0,"turns":1.0},{"damage":13.0,"enemies":"The Mushroom Lair","floor":12.0,"turns":3.0},{"damage":14.0,"enemies":"Exordium Thugs","floor":13.0,"turns":6.0},{"damage":22,"enemies":"Slime Boss","floor":16,"turns":4}],"seed_played":"4049425571531625690","potions_obtained":[{"floor":1.0,"key":"LiquidBronze"},{"floor":2.0,"key":"Ancient Potion"},{"floor":12.0,"key":"Fire Potion"},{"floor":13.0,"key":"SteroidPotion"}],"is_trial":false,"path_per_floor":["M","M","?","M","$","R","$","R","T","E","M","?","M","?","R","B"],"character_chosen":"THE_SILENT","items_purchased":["SteroidPotion"],"campfire_rested":0,"item_purchase_floors":[5],"current_hp_per_floor":[56,55,55,54,54,54,54,54,54,52,52,39,27,16,16,0],"gold":195,"neow_bonus":"TWENTY_PERCENT_HP_BONUS","is_prod":false,"is_daily":false,"chose_seed":false,"campfire_upgraded":3,"win_rate":0,"timestamp":1546767122,"path_taken":["M","M","?","M","$","R","?","R","T","E","M","?","M","?","R","BOSS"],"build_version":"2019-01-03v4","purchased_purges":1,"victory":false,"max_hp_per_floor":[78,78,78,78,78,78,78,78,78,78,78,78,78,78,78,78],"card_choices":[{"not_picked":["Skewer","Blade Dance"],"picked":"Terror","floor":1.0},{"not_picked":["Slice","Catalyst"],"picked":"Dagger Spray","floor":2.0},{"not_picked":["Flying Knee","PiercingWail"],"picked":"Flechettes","floor":4.0},{"not_picked":["Outmaneuver","Flechettes","Predator"],"picked":"SKIP","floor":10.0},{"not_picked":["Outmaneuver","Flechettes","Predator"],"picked":"SKIP","floor":10.0},{"not_picked":["Blade Dance","Noxious Fumes"],"picked":"Expertise","floor":11.0},{"not_picked":["Acrobatics","Glass Knife"],"picked":"Footwork","floor":12.0},{"not_picked":["Catalyst","Riddle With Holes"],"picked":"Backflip","floor":13.0}],"player_experience":2489508,"relics_obtained":[{"floor":9.0,"key":"Bird Faced Urn"},{"floor":10.0,"key":"Tiny Chest"},{"floor":12.0,"key":"Odd Mushroom"}],"event_choices":[{"cards_removed":["Strike_G"],"damage_healed":0.0,"max_hp_gain":0.0,"max_hp_loss":0.0,"gold_gain":0.0,"event_name":"Purifier","player_choice":"Purged","floor":3.0,"gold_loss":0.0,"damage_taken":0.0},{"damage_healed":0.0,"max_hp_gain":0.0,"max_hp_loss":0.0,"gold_gain":0.0,"event_name":"Mushrooms","player_choice":"Fought Mushrooms","floor":12.0,"gold_loss":0.0,"damage_taken":0.0},{"damage_healed":0.0,"max_hp_gain":0.0,"max_hp_loss":0.0,"gold_gain":75.0,"event_name":"World of Goop","player_choice":"Gather Gold","floor":14.0,"gold_loss":0.0,"damage_taken":11.0}],"is_beta":false,"boss_relics":[],"items_purged_floors":[5],"is_endless":false,"potions_floor_spawned":[1,2,12,13],"killed_by":"Slime Boss","ascension_level":20}