{"gold_per_floor":[218,143,143,143,143,143,161,15,42,42,61,61,87,99,99,99],"floor_reached":16,"playtime":531,"items_purged":["Strike_R","Perfected Strike"],"score":167,"play_id":"5d31b9d9-0b65-4244-b059-ebb7309a595d","local_time":"20190419132348","is_ascension_mode":true,"campfire_choices":[{"data":"Flame Barrier","floor":6,"key":"SMITH"},{"data":"True Grit","floor":10,"key":"SMITH"},{"data":"Armaments","floor":12,"key":"SMITH"},{"floor":15,"key":"REST"}],"neow_cost":"NONE","seed_source_timestamp":620174458668200,"circlet_count":0,"master_deck":["AscendersBane","Strike_R","Strike_R+1","Strike_R+1","Strike_R","Defend_R","Defend_R","Defend_R","Defend_R","Bash+1","Flame Barrier+1","True Grit+1","Armaments+1","Flex"],"relics":["Burning Blood","Ancient Tea Set","Bag of Marbles","Lantern"],"potions_floor_usage":[14,16],"damage_taken":[{"damage":6,"enemies":"Jaw Worm","floor":1,"turns":5},{"damage":0,"enemies":"2 Louse","floor":7,"turns":2},{"damage":0,"enemies":"Cultist","floor":11,"turns":3},{"damage":52,"enemies":"Lagavulin","floor":13,"turns":9},{"damage":0,"enemies":"Lots of Slimes","floor":14,"turns":3},{"damage":57,"enemies":"Slime Boss","floor":16,"turns":9}],"seed_played":"2782785776891924826","potions_obtained":[{"floor":13,"key":"SkillPotion"},{"floor":14,"key":"PowerPotion"}],"is_trial":false,"path_per_floor":["M","$","?","?","T","R","M","$","T","R","M","R","E","M","R","B"],"character_chosen":"IRONCLAD","items_purchased":["True Grit"],"campfire_rested":1,"item_purchase_floors":[8],"current_hp_per_floor":[68,68,68,53,53,53,59,59,59,59,65,65,19,25,47,0],"gold":99,"neow_bonus":"HUNDRED_GOLD","is_prod":false,"is_daily":false,"chose_seed":false,"campfire_upgraded":3,"win_rate":0,"timestamp":1555669428,"path_taken":["M","$","?","?","?","R","M","$","T","R","M","R","E","M","R","BOSS"],"build_version":"2019-01-23","purchased_purges":2,"victory":false,"max_hp_per_floor":[75,75,75,75,75,75,75,75,75,75,75,75,75,75,75,75],"card_choices":[{"not_picked":["Iron Wave","Sword Boomerang"],"picked":"Flame Barrier","floor":1},{"not_picked":["Wild Strike","Sword Boomerang"],"picked":"Perfected Strike","floor":7},{"not_picked":["Body Slam","Havoc"],"picked":"Armaments","floor":11},{"not_picked":["Feel No Pain","Clash"],"picked":"Flex","floor":13},{"not_picked":["Burning Pact","Clash","Metallicize"],"picked":"SKIP","floor":14}],"player_experience":303183,"relics_obtained":[{"floor":5,"key":"Ancient Tea Set"},{"floor":9,"key":"Bag of Marbles"},{"floor":13,"key":"Lantern"}],"event_choices":[{"damage_healed":0,"gold_gain":0,"player_choice":"Grow","damage_taken":0,"max_hp_gain":0,"max_hp_loss":0,"event_name":"Living Wall","floor":3,"gold_loss":0,"cards_upgraded":["Bash"]},{"damage_healed":0,"gold_gain":0,"player_choice":"Entered Light","damage_taken":15,"max_hp_gain":0,"max_hp_loss":0,"event_name":"Shining Light","floor":4,"gold_loss":0,"cards_upgraded":["Strike_R","Strike_R"]}],"is_beta":false,"boss_relics":[],"items_purged_floors":[2,8],"is_endless":false,"potions_floor_spawned":[13,14],"killed_by":"Slime Boss","ascension_level":14}