{"gold_per_floor":[361,381,398,363,46,46,102,102,125,125,125,143,182,262,262,357,357,373,398,5,5,28,64,89,139,139,139,170,194,218,41,41,131,131,150,3,3,24,47,47,60,60,60,80,146,182,27,65,65,65],"floor_reached":51,"playtime":2357,"items_purged":["Strike_R"],"score":1465,"play_id":"f97152de-b3b6-45aa-b5f9-424fb198d49e","local_time":"20190307112649","is_ascension_mode":true,"campfire_choices":[{"data":"Bash","floor":6.0,"key":"SMITH"},{"data":"True Grit","floor":8.0,"key":"SMITH"},{"data":"Armaments","floor":11.0,"key":"SMITH"},{"floor":15.0,"key":"REST"},{"data":"Corruption","floor":27.0,"key":"SMITH"},{"floor":32.0,"key":"REST"},{"data":"Feel No Pain","floor":40.0,"key":"SMITH"},{"data":"Barricade","floor":42.0,"key":"SMITH"},{"data":"Feel No Pain","floor":49,"key":"SMITH"}],"neow_cost":"PERCENT_DAMAGE","seed_source_timestamp":10087813121324,"circlet_count":0,"master_deck":["AscendersBane","Strike_R","Defend_R","Defend_R+1","Defend_R","Defend_R","Bash+1","Wild Strike","Cleave","Armaments+1","Evolve","True Grit+1","Twin Strike","Clothesline","Corruption+1","Shockwave","Offering+1","Clothesline+1","Juggernaut+1","Evolve+1","Anger+1","Shrug It Off","Warcry+1","Headbutt","Ghostly Armor","Feel No Pain+1","Impervious","Barricade+1","Feel No Pain","Power Through","Impervious","Entrench+1","Power Through+1","Flame Barrier","Feel No Pain+1"],"special_seed":0,"relics":["Burning Blood","Vajra","Tiny Chest","Bronze Scales","Golden Idol","Ornamental Fan","Centennial Puzzle","Astrolabe","War Paint","Meat on the Bone","Enchiridion","Ancient Tea Set","PreservedInsect","Boot","Cursed Key","Prayer Wheel","Pear","Oddly Smooth Stone","Dodecahedron"],"potions_floor_usage":[50,50],"damage_taken":[{"damage":8.0,"enemies":"2 Louse","floor":1.0,"turns":4.0},{"damage":2.0,"enemies":"Small Slimes","floor":2.0,"turns":4.0},{"damage":13.0,"enemies":"Jaw Worm","floor":3.0,"turns":5.0},{"damage":21.0,"enemies":"3 Sentries","floor":7.0,"turns":7.0},{"damage":3.0,"enemies":"Blue Slaver","floor":12.0,"turns":3.0},{"damage":17.0,"enemies":"Lagavulin","floor":13.0,"turns":7.0},{"damage":23.0,"enemies":"Lagavulin Event","floor":14.0,"turns":5.0},{"damage":26.0,"enemies":"Slime Boss","floor":16.0,"turns":10.0},{"damage":6.0,"enemies":"Chosen","floor":18.0,"turns":4.0},{"damage":17.0,"enemies":"Shell Parasite","floor":19.0,"turns":5.0},{"damage":14.0,"enemies":"Snecko","floor":22.0,"turns":4.0},{"damage":24.0,"enemies":"Book of Stabbing","floor":23.0,"turns":4.0},{"damage":9.0,"enemies":"Cultist and Chosen","floor":24.0,"turns":4.0},{"damage":22.0,"enemies":"Gremlin Leader","floor":28.0,"turns":5.0},{"damage":19.0,"enemies":"Snake Plant","floor":29.0,"turns":3.0},{"damage":24.0,"enemies":"Sentry and Sphere","floor":30.0,"turns":5.0},{"damage":16.0,"enemies":"Collector","floor":33.0,"turns":9.0},{"damage":0.0,"enemies":"3 Shapes","floor":35.0,"turns":4.0},{"damage":1.0,"enemies":"Orb Walker","floor":38.0,"turns":3.0},{"damage":6.0,"enemies":"Spire Growth","floor":39.0,"turns":5.0},{"damage":0.0,"enemies":"Maw","floor":41.0,"turns":8.0},{"damage":6.0,"enemies":"Jaw Worm Horde","floor":44.0,"turns":6.0},{"damage":28.0,"enemies":"2 Orb Walkers","floor":45.0,"turns":5.0},{"damage":15.0,"enemies":"Reptomancer","floor":46.0,"turns":5.0},{"damage":6,"enemies":"Giant Head","floor":48,"turns":10},{"damage":6,"enemies":"Time Eater","floor":50,"turns":11}],"seed_played":"-1164197348804818435","potions_obtained":[{"floor":2.0,"key":"Swift Potion"},{"floor":3.0,"key":"FearPotion"},{"floor":16.0,"key":"Regen Potion"},{"floor":19.0,"key":"GamblersBrew"},{"floor":24.0,"key":"PowerPotion"},{"floor":28.0,"key":"Dexterity Potion"},{"floor":33.0,"key":"GamblersBrew"},{"floor":35.0,"key":"Poison Potion"},{"floor":45.0,"key":"Block Potion"},{"floor":46.0,"key":"LiquidBronze"}],"is_trial":false,"path_per_floor":["M","M","M","?","$","R","E","R","T","?","R","M","E","?","R","B",null,"M","M","$","?","M","E","M","?","T","R","E","M","M","$","R","B",null,"M","$","?","M","M","R","M","R","T","M","?","E","$","E","R","B",null],"character_chosen":"IRONCLAD","items_purchased":["Evolve","Vajra","True Grit","War Paint","Meat on the Bone","Feel No Pain","Impervious","Feel No Pain","Power Through","Oddly Smooth Stone"],"campfire_rested":2,"item_purchase_floors":[5,5,5,20,20,31,31,36,36,47],"current_hp_per_floor":[48,52,45,63,63,63,48,48,48,48,48,51,40,23,43,23,57,57,46,46,25,41,35,44,44,44,44,40,39,33,33,53,43,62,68,68,68,68,68,68,68,68,68,68,46,59,59,59,59,59],"gold":65,"neow_bonus":"TWO_FIFTY_GOLD","is_prod":false,"is_daily":false,"chose_seed":false,"campfire_upgraded":7,"win_rate":0,"timestamp":1551986809,"path_taken":["M","M","M","?","$","R","E","R","T","?","R","M","E","?","R","BOSS","M","M","$","?","M","E","M","?","T","R","E","M","M","$","R","BOSS","M","$","?","?","M","R","M","R","T","M","?","E","$","E","R","BOSS"],"build_version":"2019-01-23","purchased_purges":1,"victory":true,"max_hp_per_floor":[75,75,75,75,75,75,75,75,75,68,68,68,68,68,68,68,68,68,68,68,68,68,68,68,68,68,68,68,68,68,68,68,68,68,68,68,68,68,68,68,68,68,68,68,68,78,78,78,78,78],"card_choices":[{"not_picked":["Warcry","Bloodletting"],"picked":"Wild Strike","floor":1.0},{"not_picked":["Heavy Blade","Sword Boomerang"],"picked":"Cleave","floor":2.0},{"not_picked":["Heavy Blade","Sword Boomerang"],"picked":"Armaments","floor":3.0},{"not_picked":["Iron Wave","Rage"],"picked":"Twin Strike","floor":7.0},{"not_picked":["Shrug It Off","Ghostly Armor"],"picked":"Clothesline","floor":12.0},{"not_picked":["Dropkick","Twin Strike"],"picked":"Corruption","floor":13.0},{"not_picked":["Reckless Charge","Sentinel"],"picked":"Shockwave","floor":14.0},{"not_picked":["Exhume","Feed"],"picked":"Offering","floor":16.0},{"not_picked":["Sever Soul","Entrench","Thunderclap+1"],"picked":"SKIP","floor":18.0},{"not_picked":["Uppercut","Shrug It Off"],"picked":"Anger+1","floor":19.0},{"not_picked":["Pommel Strike+1","Flex"],"picked":"Shrug It Off","floor":22.0},{"not_picked":["Limit Break","Pommel Strike"],"picked":"Warcry+1","floor":23.0},{"not_picked":["Sword Boomerang","Pommel Strike"],"picked":"Headbutt","floor":24.0},{"not_picked":["Rage","Body Slam","Wild Strike"],"picked":"SKIP","floor":28.0},{"not_picked":["Rampage","Burning Pact"],"picked":"Ghostly Armor","floor":29.0},{"not_picked":["Anger","Iron Wave","Uppercut"],"picked":"SKIP","floor":30.0},{"not_picked":["Berserk","Feed"],"picked":"Barricade","floor":33.0},{"not_picked":["Wild Strike","Perfected Strike","Shockwave"],"picked":"SKIP","floor":35.0},{"not_picked":["Warcry","Searing Blow"],"picked":"Entrench+1","floor":38.0},{"not_picked":["Clothesline","Anger","Power Through"],"picked":"SKIP","floor":39.0},{"not_picked":["Heavy Blade","Intimidate"],"picked":"Power Through+1","floor":41.0},{"not_picked":["Wild Strike","Clothesline","Clash"],"picked":"SKIP","floor":44.0},{"not_picked":["Feel No Pain","Searing Blow"],"picked":"Flame Barrier","floor":45.0},{"not_picked":["Immolate","Sever Soul","Combust"],"picked":"SKIP","floor":46.0},{"not_picked":["Pommel Strike","Armaments"],"picked":"Feel No Pain","floor":48}],"player_experience":2326636,"relics_obtained":[{"floor":7.0,"key":"Tiny Chest"},{"floor":9.0,"key":"Bronze Scales"},{"floor":13.0,"key":"Ornamental Fan"},{"floor":14.0,"key":"Centennial Puzzle"},{"floor":21.0,"key":"Enchiridion"},{"floor":23.0,"key":"Ancient Tea Set"},{"floor":26.0,"key":"PreservedInsect"},{"floor":28.0,"key":"Boot"},{"floor":45.0,"key":"Prayer Wheel"},{"floor":46.0,"key":"Pear"},{"floor":48,"key":"Dodecahedron"}],"event_choices":[{"damage_healed":18.0,"max_hp_gain":0.0,"max_hp_loss":0.0,"gold_gain":0.0,"event_name":"The Cleric","player_choice":"Healed","floor":4.0,"gold_loss":35.0,"damage_taken":0.0},{"damage_healed":0.0,"max_hp_gain":0.0,"max_hp_loss":7.0,"gold_gain":0.0,"event_name":"Golden Idol","player_choice":"Lose Max HP","floor":10.0,"gold_loss":0.0,"damage_taken":0.0,"relics_obtained":["Golden Idol"]},{"damage_healed":0.0,"max_hp_gain":0.0,"max_hp_loss":0.0,"gold_gain":0.0,"event_name":"Dead Adventurer","player_choice":"Searched \u00272\u0027 times","floor":14.0,"gold_loss":0.0,"damage_taken":0.0},{"damage_healed":0.0,"max_hp_gain":0.0,"max_hp_loss":0.0,"gold_gain":0.0,"event_name":"Cursed Tome","player_choice":"Obtained Book","floor":21.0,"gold_loss":0.0,"damage_taken":21.0},{"damage_healed":0.0,"max_hp_gain":0.0,"max_hp_loss":0.0,"gold_gain":50.0,"event_name":"Nest","player_choice":"Stole From Cult","floor":25.0,"gold_loss":0.0,"damage_taken":0.0},{"damage_healed":0.0,"max_hp_gain":0.0,"max_hp_loss":0.0,"gold_gain":0.0,"event_name":"Duplicator","player_choice":"Copied","floor":37.0,"gold_loss":0.0,"damage_taken":0.0,"cards_obtained":["Impervious"]},{"damage_healed":0.0,"max_hp_gain":0.0,"max_hp_loss":0.0,"gold_gain":0.0,"event_name":"Mysterious Sphere","player_choice":"Fight","floor":45.0,"gold_loss":0.0,"damage_taken":0.0}],"is_beta":false,"boss_relics":[{"not_picked":["Black Blood","Ectoplasm"],"picked":"Astrolabe"},{"not_picked":["Orrery","Coffee Dripper"],"picked":"Cursed Key"}],"items_purged_floors":[5],"is_endless":false,"potions_floor_spawned":[2,3,12,16,19,24,28,30,33,35,45,46,48],"ascension_level":15}