{"gold_per_floor":[113,113,113,127,141,176,176,211,211,211,211,211,227,257,257,353,353,372,372,387,401,10,10,48,48,102,102,102,102,102,143,143,241,241,256,320,343,97,117,117,136,172,198,231,231,244,284,299,299,299,299,299,299,30,70,70],"floor_reached":56,"playtime":2099,"items_purged":["Injury"],"score":1987,"play_id":"3b5c164a-c270-4b04-8c41-b67ac4127f22","local_time":"25620303021056","is_ascension_mode":true,"campfire_choices":[{"data":"Shockwave","floor":7.0,"key":"SMITH"},{"data":"Bash","floor":10.0,"key":"SMITH"},{"data":"True Grit","floor":12.0,"key":"SMITH"},{"data":"Flex","floor":15.0,"key":"SMITH"},{"data":"Fiend Fire","floor":23.0,"key":"SMITH"},{"data":"Spot Weakness","floor":25.0,"key":"SMITH"},{"data":"Seeing Red","floor":27.0,"key":"SMITH"},{"data":"Flame Barrier","floor":30.0,"key":"SMITH"},{"floor":32.0,"key":"REST"},{"data":"Juggernaut","floor":40.0,"key":"SMITH"},{"floor":45.0,"key":"REST"},{"floor":49.0,"key":"RECALL"},{"floor":53.0,"key":"REST"}],"neow_cost":"CURSE","seed_source_timestamp":52284572281254,"circlet_count":0,"master_deck":["AscendersBane","Strike_R","Strike_R","Strike_R","Strike_R","Strike_R","Defend_R","Defend_R","Defend_R","Defend_R","Bash+1","Dark Shackles","Swift Strike","Seeing Red+1","Shockwave+1","Dropkick","True Grit+1","Flex+1","Reaper","Iron Wave+1","Flex+1","Flame Barrier+1","Fiend Fire+1","Shrug It Off","Spot Weakness+1","RitualDagger","Inflame","Juggernaut+1","Second Wind+1","Spot Weakness","Armaments+1","Bloodletting","Doubt","Seeing Red+1","Bludgeon","Feel No Pain+1","Ghostly Armor","Iron Wave","Disarm"],"special_seed":0,"relics":["Burning Blood","Bag of Preparation","Golden Idol","Ornamental Fan","Oddly Smooth Stone","Pen Nib","Cursed Key","Dead Branch","Self Forming Clay","Juzu Bracelet","Ginger","Sozu","Unceasing Top","Bronze Scales","Pocketwatch","Art of War","Blue Candle","Centennial Puzzle","Vajra"],"potions_floor_usage":[],"damage_taken":[{"damage":9.0,"enemies":"Jaw Worm","floor":1.0,"turns":5.0},{"damage":0.0,"enemies":"Small Slimes","floor":4.0,"turns":2.0},{"damage":0.0,"enemies":"Cultist","floor":5.0,"turns":3.0},{"damage":22.0,"enemies":"Gremlin Nob","floor":6.0,"turns":4.0},{"damage":12.0,"enemies":"3 Sentries","floor":8.0,"turns":6.0},{"damage":0.0,"enemies":"3 Louse","floor":13.0,"turns":2.0},{"damage":16.0,"enemies":"The Guardian","floor":16.0,"turns":13.0},{"damage":12.0,"enemies":"Chosen","floor":18.0,"turns":4.0},{"damage":19.0,"enemies":"Spheric Guardian","floor":20.0,"turns":4.0},{"damage":4.0,"enemies":"Snake Plant","floor":21.0,"turns":4.0},{"damage":28.0,"enemies":"Slavers","floor":24.0,"turns":7.0},{"damage":25.0,"enemies":"Gremlin Leader","floor":31.0,"turns":4.0},{"damage":22.0,"enemies":"Collector","floor":33.0,"turns":6.0},{"damage":0.0,"enemies":"Orb Walker","floor":35.0,"turns":1.0},{"damage":7.0,"enemies":"2 Orb Walkers","floor":36.0,"turns":3.0},{"damage":11.0,"enemies":"3 Darklings","floor":37.0,"turns":4.0},{"damage":0.0,"enemies":"Maw","floor":39.0,"turns":3.0},{"damage":21.0,"enemies":"Jaw Worm Horde","floor":41.0,"turns":3.0},{"damage":23.0,"enemies":"Giant Head","floor":42.0,"turns":6.0},{"damage":46.0,"enemies":"Reptomancer","floor":44.0,"turns":4.0},{"damage":6.0,"enemies":"Writhing Mass","floor":46.0,"turns":2.0},{"damage":10.0,"enemies":"Nemesis","floor":47.0,"turns":3.0},{"damage":9.0,"enemies":"Maw","floor":48.0,"turns":5.0},{"damage":41.0,"enemies":"Awakened One","floor":50.0,"turns":10.0},{"damage":44.0,"enemies":"Time Eater","floor":51.0,"turns":8.0},{"damage":39.0,"enemies":"Shield and Spear","floor":55.0,"turns":4.0},{"damage":43,"enemies":"The Heart","floor":56,"turns":2}],"seed_played":"-7491181986206366359","potions_obtained":[{"floor":4.0,"key":"Explosive Potion"},{"floor":5.0,"key":"Dexterity Potion"},{"floor":16.0,"key":"Regen Potion"},{"floor":18.0,"key":"AttackPotion"},{"floor":31.0,"key":"SpeedPotion"},{"floor":33.0,"key":"Poison Potion"}],"is_trial":false,"path_per_floor":["M","?","?","M","M","E","R","E","T","R","?","R","M","?","R","B",null,"M","?","M","M","$","R","E","R","T","R","?","?","R","E","R","B",null,"M","?","M","$","M","R","M","E","T","E","R","M","E","M","R","B","B",null,"R","$","E","B"],"character_chosen":"IRONCLAD","items_purchased":["Dead Branch","Shrug It Off","Bronze Scales","Centennial Puzzle","Ghostly Armor","Iron Wave"],"campfire_rested":3,"item_purchase_floors":[22,22,38,54,54,54],"current_hp_per_floor":[65,54,54,60,66,50,50,44,44,44,44,44,50,50,50,40,59,59,59,46,48,48,48,53,53,53,53,47,60,60,41,60,59,64,65,64,65,65,65,65,50,56,56,46,65,65,61,58,58,39,13,52,65,65,32,0],"gold":70,"neow_bonus":"RANDOM_COLORLESS_2","is_prod":false,"is_daily":false,"chose_seed":false,"campfire_upgraded":9,"win_rate":0,"timestamp":1551553856,"path_taken":["M","?","?","M","?","E","R","E","T","R","?","R","?","?","R","BOSS","M","?","?","M","$","R","E","R","T","R","?","?","R","E","R","BOSS","M","?","M","$","M","R","M","E","T","E","R","M","E","M","R","BOSS","BOSS","R","$","E","BOSS"],"build_version":"2019-01-23","purchased_purges":1,"victory":false,"max_hp_per_floor":[75,75,68,68,68,68,68,68,68,68,65,65,65,65,65,65,65,65,65,65,65,65,65,65,65,65,65,65,65,65,65,65,65,65,65,65,65,65,65,65,65,65,65,65,65,65,65,65,65,65,65,65,65,65,65,65],"card_choices":[{"not_picked":["Metallicize","Wild Strike"],"picked":"Seeing Red","floor":1.0},{"not_picked":["Power Through","Warcry"],"picked":"Shockwave","floor":4.0},{"not_picked":["Clothesline","Wild Strike"],"picked":"Dropkick","floor":5.0},{"not_picked":["Armaments","Barricade"],"picked":"True Grit","floor":6.0},{"not_picked":["Combust","Rupture","Dual Wield"],"picked":"SKIP","floor":8.0},{"not_picked":["Dual Wield","Perfected Strike"],"picked":"Flex","floor":13.0},{"not_picked":["Exhume","Fiend Fire"],"picked":"Reaper","floor":16.0},{"not_picked":["Shrug It Off","Pommel Strike"],"picked":"Iron Wave+1","floor":18.0},{"not_picked":["Armaments","Twin Strike"],"picked":"Flame Barrier","floor":20.0},{"not_picked":["Reckless Charge","Clash"],"picked":"Fiend Fire","floor":21.0},{"not_picked":["Shockwave","Pummel+1"],"picked":"Spot Weakness","floor":24.0},{"not_picked":["Wild Strike","Thunderclap"],"picked":"Inflame","floor":31.0},{"not_picked":["Berserk","Feed"],"picked":"Juggernaut","floor":33.0},{"not_picked":["Iron Wave+1","Clash+1"],"picked":"Second Wind+1","floor":35.0},{"not_picked":["Anger","Headbutt"],"picked":"Spot Weakness","floor":37.0},{"not_picked":["Dual Wield","Rupture","Pommel Strike"],"picked":"SKIP","floor":39.0},{"not_picked":["Thunderclap+1","Cleave"],"picked":"Armaments+1","floor":41.0},{"not_picked":["Pommel Strike","Twin Strike+1"],"picked":"Bloodletting","floor":42.0},{"not_picked":["Cleave","Perfected Strike"],"picked":"Seeing Red+1","floor":44.0},{"not_picked":["Anger","Fire Breathing"],"picked":"Bludgeon","floor":46.0},{"not_picked":["Warcry","Heavy Blade","Perfected Strike"],"picked":"SKIP","floor":47.0},{"not_picked":["Wild Strike","Armaments"],"picked":"Feel No Pain+1","floor":48.0},{"not_picked":["Perfected Strike+1","Sword Boomerang+1"],"picked":"Disarm","floor":55.0}],"player_experience":285355,"relics_obtained":[{"floor":6.0,"key":"Ornamental Fan"},{"floor":8.0,"key":"Oddly Smooth Stone"},{"floor":9.0,"key":"Pen Nib"},{"floor":24.0,"key":"Self Forming Clay"},{"floor":26.0,"key":"Juzu Bracelet"},{"floor":31.0,"key":"Ginger"},{"floor":36.0,"key":"Unceasing Top"},{"floor":42.0,"key":"Pocketwatch"},{"floor":44.0,"key":"Art of War"},{"floor":47.0,"key":"Blue Candle"},{"floor":55.0,"key":"Vajra"}],"event_choices":[{"damage_healed":0.0,"max_hp_gain":0.0,"max_hp_loss":0.0,"gold_gain":0.0,"event_name":"Scrap Ooze","player_choice":"Success","floor":2.0,"gold_loss":0.0,"damage_taken":11.0,"relics_obtained":["Bag of Preparation"]},{"damage_healed":0.0,"max_hp_gain":0.0,"max_hp_loss":7.0,"gold_gain":0.0,"event_name":"Golden Idol","player_choice":"Lose Max HP","floor":3.0,"gold_loss":0.0,"damage_taken":0.0,"relics_obtained":["Golden Idol"]},{"cards_removed":["Parasite"],"damage_healed":0.0,"max_hp_gain":0.0,"max_hp_loss":0.0,"gold_gain":0.0,"event_name":"Fountain of Cleansing","player_choice":"Removed Curses","floor":11.0,"gold_loss":0.0,"damage_taken":0.0},{"damage_healed":0.0,"max_hp_gain":0.0,"max_hp_loss":0.0,"gold_gain":30.0,"event_name":"Dead Adventurer","player_choice":"Searched \u00271\u0027 times","floor":14.0,"gold_loss":0.0,"damage_taken":0.0},{"damage_healed":0.0,"max_hp_gain":0.0,"max_hp_loss":0.0,"gold_gain":0.0,"event_name":"Duplicator","player_choice":"Copied","floor":19.0,"gold_loss":0.0,"damage_taken":0.0,"cards_obtained":["Flex"]},{"damage_healed":0.0,"max_hp_gain":0.0,"max_hp_loss":0.0,"gold_gain":0.0,"event_name":"Nest","player_choice":"Joined the Cult","floor":28.0,"gold_loss":0.0,"damage_taken":6.0,"cards_obtained":["RitualDagger"]},{"damage_healed":13.0,"max_hp_gain":0.0,"max_hp_loss":0.0,"gold_gain":0.0,"event_name":"The Library","player_choice":"Heal","floor":29.0,"gold_loss":0.0,"damage_taken":0.0},{"damage_healed":0.0,"max_hp_gain":0.0,"max_hp_loss":0.0,"gold_gain":0.0,"event_name":"Mysterious Sphere","player_choice":"Fight","floor":36.0,"gold_loss":0.0,"damage_taken":0.0}],"is_beta":false,"boss_relics":[{"not_picked":["Tiny House","Black Star"],"picked":"Cursed Key"},{"not_picked":["Busted Crown","Runic Cube"],"picked":"Sozu"}],"items_purged_floors":[38],"is_endless":false,"potions_floor_spawned":[4,5,16,18,31,33,35,36,39,44,47,48,55],"killed_by":"The Heart","ascension_level":20}