{"gold_per_floor":[117,117,192,216,237,237,276,291,291,71,71,90,90,115,115,115],"floor_reached":16,"playtime":1042,"items_purged":[],"score":112,"play_id":"86dcf13a-19eb-40ac-a0ec-fb9cb2f9edb5","local_time":"20181115205834","is_ascension_mode":true,"campfire_choices":[{"data":"Dagger Spray","floor":6,"key":"SMITH"},{"floor":11,"key":"REST"},{"floor":13,"key":"REST"},{"data":"Flechettes","floor":15,"key":"SMITH"}],"neow_cost":"NONE","seed_source_timestamp":2794902052791730,"circlet_count":0,"master_deck":["Defend_G","Defend_G","Defend_G","Defend_G","Defend_G","Strike_G","Strike_G","Strike_G","Strike_G","Strike_G","Survivor","Neutralize","Well Laid Plans","Injury","Blade Dance","Dagger Spray+1","Flechettes+1","Backflip","Bouncing Flask","Noxious Fumes"],"relics":["Ring of the Snake","Bag of Preparation","Golden Idol","Gambling Chip","Bottled Flame","PreservedInsect"],"potions_floor_usage":[5,7,16,16],"damage_taken":[{"damage":0,"enemies":"2 Louse","floor":1,"turns":4},{"damage":0,"enemies":"Small Slimes","floor":4,"turns":3},{"damage":0,"enemies":"Jaw Worm","floor":5,"turns":4},{"damage":38,"enemies":"Lagavulin","floor":7,"turns":8},{"damage":18,"enemies":"Exordium Wildlife","floor":8,"turns":2},{"damage":0,"enemies":"3 Louse","floor":12,"turns":1},{"damage":13,"enemies":"Blue Slaver","floor":14,"turns":3},{"damage":33,"enemies":"Slime Boss","floor":16,"turns":8}],"seed_played":"-1429866954799126494","potions_obtained":[{"floor":4,"key":"Block Potion"},{"floor":5,"key":"Ancient Potion"},{"floor":8,"key":"GhostInAJar"},{"floor":12,"key":"SpeedPotion"}],"is_trial":false,"path_per_floor":["M","?","?","M","M","R","E","M","T","$","R","M","R","M","R","B"],"character_chosen":"THE_SILENT","items_purchased":["PreservedInsect","Bouncing Flask"],"campfire_rested":2,"item_purchase_floors":[10,10],"current_hp_per_floor":[70,70,59,59,59,59,21,3,3,3,24,24,45,32,32,0],"gold":115,"neow_bonus":"RANDOM_COMMON_RELIC","is_prod":false,"is_daily":false,"chose_seed":false,"campfire_upgraded":2,"win_rate":0,"timestamp":1542333514,"path_taken":["M","?","?","M","M","R","E","M","T","?","R","M","R","?","R","BOSS"],"build_version":"2018-11-08","purchased_purges":0,"victory":false,"max_hp_per_floor":[70,70,70,70,70,70,70,70,70,70,70,70,70,70,70,70],"card_choices":[{"not_picked":["Backflip","Prepared"],"picked":"Well Laid Plans","floor":1},{"not_picked":["Sucker Punch","Well Laid Plans"],"picked":"Blade Dance","floor":4},{"not_picked":["Outmaneuver","Prepared"],"picked":"Dagger Spray","floor":5},{"not_picked":["Quick Slash","Noxious Fumes"],"picked":"Flechettes","floor":7},{"not_picked":["Night Terror","Dodge and Roll"],"picked":"Backflip","floor":8},{"not_picked":["Blade Dance","Cloak And Dagger","Dagger Throw"],"picked":"SKIP","floor":12},{"not_picked":["Cloak And Dagger","Slice"],"picked":"Noxious Fumes","floor":14}],"player_experience":144618,"relics_obtained":[{"floor":7,"key":"Gambling Chip"},{"floor":9,"key":"Bottled Flame"}],"event_choices":[{"damage_healed":0,"gold_gain":0,"player_choice":"Take Wound","damage_taken":0,"relics_obtained":["Golden Idol"],"max_hp_gain":0,"max_hp_loss":0,"event_name":"Golden Idol","floor":2,"gold_loss":0,"cards_obtained":["Injury"]},{"damage_healed":0,"gold_gain":75,"player_choice":"Gather Gold","damage_taken":11,"max_hp_gain":0,"max_hp_loss":0,"event_name":"World of Goop","floor":3,"gold_loss":0}],"is_beta":false,"boss_relics":[],"items_purged_floors":[],"is_endless":false,"potions_floor_spawned":[4,5,8,12],"killed_by":"Slime Boss","ascension_level":2}