{"gold_per_floor":[109,18,31,31,46,81,81,2,70,70,399,399,428,22,22,22],"floor_reached":16,"playtime":456,"items_purged":[],"score":207,"play_id":"5a61620e-f893-4bdf-8212-0dc9e26dd2bc","local_time":"20190505204115","is_ascension_mode":true,"campfire_choices":[{"floor":10,"key":"REST"},{"floor":12,"key":"REST"},{"floor":15,"key":"REST"}],"neow_cost":"NONE","seed_source_timestamp":800527013843500,"circlet_count":0,"master_deck":["AscendersBane","Strike_R","Strike_R","Strike_R","Strike_R+1","Defend_R","Defend_R","Defend_R","Defend_R","Bash+1","Anger+1","Enlightenment","Inflame","Heavy Blade","Pummel","Bloodletting","Shrug It Off","Immolate"],"relics":["Burning Blood","Bottled Tornado","Whetstone","Kunai","Old Coin","Odd Mushroom","Sling"],"potions_floor_usage":[6,16],"damage_taken":[{"damage":22,"enemies":"Small Slimes","floor":1,"turns":4},{"damage":12,"enemies":"Jaw Worm","floor":3,"turns":2},{"damage":6,"enemies":"Cultist","floor":5,"turns":3},{"damage":35,"enemies":"3 Sentries","floor":6,"turns":7},{"damage":22,"enemies":"Lagavulin","floor":11,"turns":5},{"damage":27,"enemies":"The Mushroom Lair","floor":13,"turns":4},{"damage":44,"enemies":"Hexaghost","floor":16,"turns":7}],"seed_played":"-8044165362791370405","potions_obtained":[{"floor":3,"key":"SkillPotion"},{"floor":6,"key":"Ancient Potion"},{"floor":13,"key":"Strength Potion"}],"is_trial":false,"path_per_floor":["M","$","M","?","M","E","T","$","T","R","E","R","?","$","R","B"],"character_chosen":"IRONCLAD","items_purchased":["Enlightenment","Pummel","Immolate","Sling"],"campfire_rested":3,"item_purchase_floors":[2,8,14,14],"current_hp_per_floor":[52,52,46,39,39,10,10,10,10,32,16,38,17,17,39,0],"gold":22,"neow_bonus":"UPGRADE_CARD","is_prod":false,"is_daily":false,"chose_seed":false,"campfire_upgraded":0,"win_rate":0,"timestamp":1557078075,"path_taken":["M","$","M","?","M","E","?","$","T","R","E","R","?","?","R","BOSS"],"build_version":"2019-01-23","purchased_purges":0,"victory":false,"max_hp_per_floor":[75,75,75,75,75,75,75,75,75,75,75,75,75,75,75,75],"card_choices":[{"not_picked":["Perfected Strike","Blood for Blood"],"picked":"Anger","floor":1},{"not_picked":["Twin Strike","Body Slam"],"picked":"Inflame","floor":3},{"not_picked":["Twin Strike","Havoc"],"picked":"Heavy Blade","floor":5},{"not_picked":["Perfected Strike","Heavy Blade","Inflame"],"picked":"SKIP","floor":6},{"not_picked":["Rampage","Searing Blow"],"picked":"Bloodletting","floor":11},{"not_picked":["Sever Soul","Iron Wave"],"picked":"Shrug It Off","floor":13}],"player_experience":377189,"relics_obtained":[{"floor":6,"key":"Bottled Tornado"},{"floor":7,"key":"Whetstone"},{"floor":9,"key":"Kunai"},{"floor":11,"key":"Old Coin"},{"floor":13,"key":"Odd Mushroom"}],"event_choices":[{"cards_removed":["Strike_R"],"damage_healed":0,"gold_gain":0,"player_choice":"Card Removal","damage_taken":7,"max_hp_gain":0,"max_hp_loss":0,"event_name":"Golden Wing","floor":4,"gold_loss":0},{"damage_healed":0,"gold_gain":0,"player_choice":"Fought Mushrooms","damage_taken":0,"max_hp_gain":0,"max_hp_loss":0,"event_name":"Mushrooms","floor":13,"gold_loss":0}],"is_beta":false,"boss_relics":[],"items_purged_floors":[],"is_endless":false,"potions_floor_spawned":[3,6,13],"killed_by":"Hexaghost","ascension_level":19}