{"gold_per_floor":[112,132,151,0,18,52,52,62,62,73,91,91,91,103,103,203,203,216,234,244,262,262,262,262],"floor_reached":24,"playtime":2945,"items_purged":[],"score":204,"play_id":"25849688-06f8-4909-bfdb-735a89d9bf2e","local_time":"20190321194956","is_ascension_mode":false,"campfire_choices":[{"data":"Anger","floor":12,"key":"SMITH"},{"data":"Anger","floor":15,"key":"SMITH"},{"floor":23,"key":"REST"}],"neow_cost":"","seed_source_timestamp":556980125644200,"circlet_count":0,"master_deck":["Strike_R","Strike_R","Strike_R","Strike_R","Strike_R","Defend_R","Defend_R","Defend_R","Defend_R","Bash","Flex","Seeing Red","Cleave","Anger+1","Headbutt","Parasite","Shrug It Off","Rage","Headbutt","Anger+1","Berserk","Clothesline","True Grit","Warcry","Iron Wave","Decay"],"relics":["Burning Blood","Anchor","Pocketwatch","Mummified Hand","Runic Cube"],"potions_floor_usage":[6,16,16,24],"damage_taken":[{"damage":5,"enemies":"Cultist","floor":1,"turns":4},{"damage":8,"enemies":"Jaw Worm","floor":2,"turns":3},{"damage":12,"enemies":"2 Louse","floor":3,"turns":3},{"damage":0,"enemies":"Large Slime","floor":5,"turns":6},{"damage":26,"enemies":"Lagavulin","floor":6,"turns":5},{"damage":5,"enemies":"Looter","floor":8,"turns":3},{"damage":8,"enemies":"3 Louse","floor":10,"turns":2},{"damage":8,"enemies":"Exordium Thugs","floor":11,"turns":5},{"damage":3,"enemies":"Blue Slaver","floor":14,"turns":3},{"damage":63,"enemies":"The Guardian","floor":16,"turns":11},{"damage":14,"enemies":"Shell Parasite","floor":18,"turns":4},{"damage":28,"enemies":"2 Thieves","floor":19,"turns":4},{"damage":15,"enemies":"Shelled Parasite and Fungi","floor":20,"turns":6},{"damage":30,"enemies":"Centurion and Healer","floor":21,"turns":6},{"damage":46,"enemies":"Book of Stabbing","floor":24,"turns":5}],"seed_played":"4294911234918014239","potions_obtained":[{"floor":1,"key":"Poison Potion"},{"floor":5,"key":"Ancient Potion"},{"floor":11,"key":"Regen Potion"},{"floor":16,"key":"Strength Potion"},{"floor":18,"key":"AttackPotion"}],"is_trial":false,"path_per_floor":["M","M","M","$","M","E","?","M","T","M","M","R","?","M","R","B",null,"M","M","M","M","?","R","E"],"character_chosen":"IRONCLAD","items_purchased":["Anchor"],"campfire_rested":1,"item_purchase_floors":[4],"current_hp_per_floor":[80,78,72,72,78,58,78,79,79,77,75,75,75,78,78,36,80,72,50,41,17,17,41,0],"gold":262,"neow_bonus":"","is_prod":false,"is_daily":false,"chose_seed":false,"campfire_upgraded":2,"win_rate":0.0,"timestamp":1553190596,"path_taken":["M","M","M","?","M","E","?","M","T","M","M","R","?","M","R","BOSS","M","M","M","M","?","R","E"],"build_version":"2019-01-23","purchased_purges":0,"victory":false,"max_hp_per_floor":[80,80,80,80,80,80,80,80,80,80,80,80,80,80,80,80,80,80,80,80,80,80,80,80],"card_choices":[{"not_picked":["Burning Pact","Flame Barrier"],"picked":"Flex","floor":1},{"not_picked":["Rampage","Fire Breathing"],"picked":"Seeing Red","floor":2},{"not_picked":["True Grit","Twin Strike"],"picked":"Cleave","floor":3},{"not_picked":["Body Slam","Entrench"],"picked":"Anger","floor":5},{"not_picked":["Dark Embrace","Entrench"],"picked":"Headbutt","floor":6},{"not_picked":["Body Slam","Burning Pact"],"picked":"Shrug It Off","floor":8},{"not_picked":["Clothesline","Sword Boomerang"],"picked":"Rage","floor":10},{"not_picked":["Power Through","Armaments"],"picked":"Headbutt","floor":11},{"not_picked":["Armaments","Dropkick"],"picked":"Anger","floor":14},{"not_picked":["Impervious","Demon Form"],"picked":"Berserk","floor":16},{"not_picked":["Armaments","Clash"],"picked":"Clothesline","floor":18},{"not_picked":["Corruption","Infernal Blade"],"picked":"True Grit","floor":19},{"not_picked":["Ghostly Armor","Body Slam"],"picked":"Warcry","floor":20},{"not_picked":["Warcry","Shrug It Off"],"picked":"Iron Wave","floor":21}],"player_experience":0,"relics_obtained":[{"floor":6,"key":"Pocketwatch"},{"floor":9,"key":"Mummified Hand"}],"event_choices":[{"damage_healed":20,"gold_gain":0,"player_choice":"Healed and dodged fight","damage_taken":0,"max_hp_gain":0,"max_hp_loss":0,"event_name":"Mushrooms","floor":7,"gold_loss":0,"cards_obtained":["Parasite"]},{"damage_healed":0,"gold_gain":0,"player_choice":"Ignored","damage_taken":0,"max_hp_gain":0,"max_hp_loss":0,"event_name":"Shining Light","floor":13,"gold_loss":0},{"damage_healed":0,"gold_gain":0,"player_choice":"Smashed Altar","damage_taken":0,"max_hp_gain":0,"max_hp_loss":0,"event_name":"Forgotten Altar","floor":22,"gold_loss":0,"cards_obtained":["Decay"]}],"is_beta":false,"boss_relics":[{"not_picked":["Cursed Key","Coffee Dripper"],"picked":"Runic Cube"}],"items_purged_floors":[],"is_endless":false,"potions_floor_spawned":[1,5,11,16,18],"killed_by":"Book of Stabbing","ascension_level":0}