{"gold_per_floor":[117,117,129,79,90,121,133,133,133,58,58,77,77,90,90,194,194,205,205,221,221,42,74,86,86,86,105,139,139,159,74,74,74],"floor_reached":33,"playtime":1820,"items_purged":["Strike_R","Writhe"],"score":287,"play_id":"67b98810-be8a-42e4-8534-1a37aa342747","local_time":"25610715030819","is_ascension_mode":false,"campfire_choices":[{"data":"Uppercut","floor":8,"key":"SMITH"},{"floor":13,"key":"REST"},{"floor":15,"key":"REST"},{"floor":25,"key":"REST"},{"floor":32,"key":"REST"}],"neow_cost":"NONE","seed_source_timestamp":60037683489801,"circlet_count":0,"master_deck":["Strike_R","Defend_R+1","Defend_R","Bash+1","Uppercut+1","Perfected Strike","Metallicize","Pommel Strike","Headbutt","Armaments","Anger","Limit Break","Second Wind+1","Thunderclap+1","Heavy Blade+1","Shrug It Off","Necronomicurse","Wild Strike+1","Flame Barrier","Armaments+1","Rage","Twin Strike+1","Fiend Fire+1","Clothesline+1"],"relics":["Lizard Tail","Question Card","Paper Frog","Astrolabe","Necronomicon","Happy Flower","Gremlin Horn","Molten Egg 2","Anchor","Letter Opener"],"potions_floor_usage":[6,6,14,23,23,23,24,24,33],"damage_taken":[{"damage":10,"enemies":"Cultist","floor":1,"turns":4},{"damage":8,"enemies":"Jaw Worm","floor":3,"turns":3},{"damage":0,"enemies":"2 Louse","floor":5,"turns":3},{"damage":18,"enemies":"3 Sentries","floor":6,"turns":7},{"damage":12,"enemies":"Looter","floor":7,"turns":3},{"damage":9,"enemies":"Exordium Wildlife","floor":12,"turns":5},{"damage":14,"enemies":"Lots of Slimes","floor":14,"turns":6},{"damage":14,"enemies":"Slime Boss","floor":16,"turns":10},{"damage":34,"enemies":"2 Thieves","floor":18,"turns":4},{"damage":13,"enemies":"Spheric Guardian","floor":20,"turns":4},{"damage":9,"enemies":"Book of Stabbing","floor":23,"turns":4},{"damage":16,"enemies":"Slaver and Parasite","floor":24,"turns":6},{"damage":0,"enemies":"Snake Plant","floor":27,"turns":2},{"damage":32,"enemies":"Slavers","floor":28,"turns":5},{"damage":12,"enemies":"Cultist and Chosen","floor":30,"turns":7},{"damage":56,"enemies":"Collector","floor":33,"turns":6}],"seed_played":"-1805773275811712731","potions_obtained":[{"floor":1,"key":"Poison Potion"},{"floor":3,"key":"Fire Potion"},{"floor":12,"key":"PowerPotion"},{"floor":18,"key":"GamblersBrew"},{"floor":20,"key":"EntropicBrew"},{"floor":30,"key":"AttackPotion"}],"is_trial":false,"path_per_floor":["M","?","M","?","M","E","M","R","T","$","?","M","R","M","R","B",null,"M","?","M","?","$","E","M","R","T","M","E","?","M","?","R"],"character_chosen":"IRONCLAD","items_purchased":["Flame Barrier"],"campfire_rested":4,"item_purchase_floors":[22],"current_hp_per_floor":[70,54,46,46,46,28,16,16,16,16,16,7,31,17,41,27,80,46,30,17,17,17,8,38,62,62,62,30,30,18,18,42,0],"gold":74,"neow_bonus":"BOSS_RELIC","is_prod":false,"is_daily":false,"chose_seed":false,"campfire_upgraded":1,"win_rate":0.0,"timestamp":1531598899,"path_taken":["M","?","M","?","M","E","M","R","T","$","?","M","R","M","R","BOSS","M","?","M","?","$","E","M","R","T","?","E","?","M","?","R","BOSS"],"build_version":"2018-07-12","purchased_purges":2,"victory":false,"max_hp_per_floor":[80,80,80,80,80,80,80,80,80,80,80,80,80,80,80,80,80,80,80,80,80,80,80,80,80,80,80,80,80,80,80,80,80],"card_choices":[{"not_picked":["Intimidate","Fire Breathing"],"picked":"Uppercut","floor":1},{"not_picked":["Cleave","Body Slam"],"picked":"Perfected Strike","floor":3},{"not_picked":["Pummel","Warcry"],"picked":"Metallicize","floor":5},{"not_picked":["Thunderclap","Blood for Blood"],"picked":"Pommel Strike","floor":6},{"not_picked":["Pummel","Pommel Strike","Disarm"],"picked":"Headbutt","floor":7},{"not_picked":["Wild Strike","Heavy Blade","Whirlwind"],"picked":"Armaments","floor":12},{"not_picked":["Clash","Twin Strike","Clothesline"],"picked":"Anger","floor":14},{"not_picked":["Demon Form","Juggernaut","Impervious"],"picked":"Limit Break","floor":16},{"not_picked":["Anger","Dual Wield","Body Slam"],"picked":"Shrug It Off","floor":18},{"not_picked":["Perfected Strike","Thunderclap","Intimidate"],"picked":"Wild Strike+1","floor":20},{"not_picked":["Warcry","Blood for Blood+1","True Grit"],"picked":"Armaments+1","floor":23},{"not_picked":["Burning Pact+1","True Grit","Sword Boomerang"],"picked":"Rage","floor":24},{"not_picked":["Shockwave","Metallicize+1","Heavy Blade+1"],"picked":"Twin Strike+1","floor":27},{"not_picked":["True Grit","Immolate+1","Body Slam+1"],"picked":"Fiend Fire+1","floor":28},{"not_picked":["Cleave+1","Anger+1","Pommel Strike+1"],"picked":"Clothesline+1","floor":30}],"player_experience":14629,"relics_obtained":[{"floor":6,"key":"Question Card"},{"floor":9,"key":"Paper Frog"},{"floor":19,"key":"Necronomicon"},{"floor":23,"key":"Gremlin Horn"},{"floor":26,"key":"Molten Egg 2"},{"floor":28,"key":"Anchor"}],"event_choices":[{"event_name":"Shining Light","player_choice":"Entered Light","floor":2,"damage_taken":0},{"event_name":"The Cleric","player_choice":"Card Removal","floor":4,"damage_taken":0},{"event_name":"Purifier","player_choice":"One Purge","floor":11,"damage_taken":0},{"event_name":"Cursed Tome","player_choice":"Obtained Book","floor":19,"damage_taken":0},{"event_name":"The Mausoleum","player_choice":"Yes","floor":21,"damage_taken":0},{"event_name":"Ghosts","player_choice":"Ignored","floor":29,"damage_taken":0},{"event_name":"Addict","player_choice":"Obtained Relic","floor":31,"damage_taken":0}],"boss_relics":[{"not_picked":["Philosopher\u0027s Stone","Runic Cube"],"picked":"Astrolabe"}],"items_purged_floors":[10,22],"is_endless":false,"potions_floor_spawned":[1,3,12,18,20,30],"killed_by":"Collector","ascension_level":0}