{"gold_per_floor":[17,27,42,42,62,62,72,20,20,20,20,20,33,62,62,62],"floor_reached":16,"playtime":581,"items_purged":[],"score":193,"play_id":"589ca404-7da4-480a-8ce5-09089ff3c9ef","local_time":"20190417225547","is_ascension_mode":true,"campfire_choices":[{"data":"True Grit","floor":6.0,"key":"SMITH"},{"data":"Bash","floor":10.0,"key":"SMITH"},{"data":"Spot Weakness","floor":12.0,"key":"SMITH"},{"floor":15.0,"key":"RECALL"}],"neow_cost":"NO_GOLD","seed_source_timestamp":0,"circlet_count":0,"master_deck":["AscendersBane","Strike_R","Strike_R","Strike_R","Strike_R","Strike_R","Defend_R","Defend_R","Defend_R","Defend_R","Bash+1","True Grit+1","Pommel Strike","Cleave","Decay","Offering","Spot Weakness+1","Iron Wave"],"special_seed":0,"relics":["Burning Blood","Unceasing Top","Singing Bowl"],"potions_floor_usage":[],"damage_taken":[{"damage":0.0,"enemies":"2 Louse","floor":1.0,"turns":3.0},{"damage":7.0,"enemies":"Cultist","floor":2.0,"turns":5.0},{"damage":10.0,"enemies":"Small Slimes","floor":3.0,"turns":4.0},{"damage":9.0,"enemies":"Blue Slaver","floor":5.0,"turns":4.0},{"damage":15.0,"enemies":"3 Louse","floor":7.0,"turns":3.0},{"damage":15.0,"enemies":"Looter","floor":13.0,"turns":3.0},{"damage":20.0,"enemies":"3 Sentries","floor":14.0,"turns":8.0},{"damage":64,"enemies":"The Guardian","floor":16,"turns":7}],"seed_played":"8618126929767556753","potions_obtained":[{"floor":2.0,"key":"SkillPotion"},{"floor":14.0,"key":"Ancient Potion"}],"is_trial":false,"path_per_floor":["M","M","M","?","M","R","M","$","T","R","?","R","M","E","R","B"],"character_chosen":"IRONCLAD","items_purchased":["Iron Wave"],"campfire_rested":0,"item_purchase_floors":[8],"current_hp_per_floor":[94,93,89,89,86,86,77,77,77,77,82,82,73,61,61,0],"gold":62,"neow_bonus":"TWENTY_PERCENT_HP_BONUS","is_prod":false,"is_daily":false,"chose_seed":false,"campfire_upgraded":3,"win_rate":0,"timestamp":1555530947,"path_taken":["M","M","M","?","M","R","M","?","T","R","?","R","M","E","R","BOSS"],"build_version":"2019-01-23","purchased_purges":0,"victory":false,"max_hp_per_floor":[96,96,96,96,96,96,96,96,96,96,101,101,101,103,103,103],"card_choices":[{"not_picked":["Anger","Armaments"],"picked":"True Grit","floor":1.0},{"not_picked":["Rupture","Rampage"],"picked":"Pommel Strike","floor":2.0},{"not_picked":["Flex","Armaments"],"picked":"Cleave","floor":3.0},{"not_picked":["Armaments","Anger"],"picked":"Offering","floor":5.0},{"not_picked":["Flex","Headbutt"],"picked":"Spot Weakness","floor":7.0},{"not_picked":["Clothesline","Dropkick","Infernal Blade"],"picked":"SKIP","floor":13.0},{"not_picked":["Rage","Sword Boomerang","Anger"],"picked":"Singing Bowl","floor":14.0}],"player_experience":293730,"relics_obtained":[{"floor":9.0,"key":"Unceasing Top"},{"floor":14.0,"key":"Singing Bowl"}],"event_choices":[{"damage_healed":0.0,"max_hp_gain":0.0,"max_hp_loss":0.0,"gold_gain":0.0,"event_name":"Wheel of Change","player_choice":"Cursed","floor":4.0,"gold_loss":0.0,"damage_taken":0.0,"cards_obtained":["Decay"]},{"damage_healed":0.0,"max_hp_gain":5.0,"max_hp_loss":0.0,"gold_gain":0.0,"event_name":"Big Fish","player_choice":"Donut","floor":11.0,"gold_loss":0.0,"damage_taken":0.0}],"is_beta":false,"boss_relics":[],"items_purged_floors":[],"is_endless":false,"potions_floor_spawned":[2,14],"killed_by":"The Guardian","ascension_level":13}