{"gold_per_floor":[119,39,59,59,134,134,161,161,207,207,218,268,286,286,286,362,362,375,85,85,102,102,102,132,132,158,219,229,63,113,139,139,218,218,235,296,346,396,471,471,568,76,101,112,112,162,194,244,244,244,244,244,37,63,63],"floor_reached":55,"playtime":2569,"items_purged":["Defend_R"],"score":1314,"play_id":"e724bbe4-22bd-4603-8543-21db5d584dda","local_time":"20190426170109","is_ascension_mode":true,"campfire_choices":[{"data":"Iron Wave","floor":6,"key":"SMITH"},{"data":"Inflame","floor":8,"key":"SMITH"},{"data":"Bash","floor":10,"key":"SMITH"},{"data":"Clothesline","floor":15,"key":"SMITH"},{"data":"Clothesline","floor":23,"key":"SMITH"},{"floor":25,"key":"RECALL"},{"floor":32,"key":"REST"},{"data":"Shockwave","floor":40,"key":"SMITH"},{"floor":45,"key":"REST"},{"data":"Impervious","floor":49,"key":"SMITH"},{"data":"Impervious","floor":52,"key":"SMITH"}],"neow_cost":"NONE","seed_source_timestamp":7605389495400,"circlet_count":0,"master_deck":["AscendersBane","Strike_R+1","Strike_R+1","Strike_R+1","Strike_R+1","Strike_R+1","Defend_R+1","Defend_R+1","Iron Wave+1","Inflame+1","Clothesline+1","Clothesline+1","Impervious+1","Twin Strike+1","Body Slam+1","Cleave","Shockwave+1","Impervious+1","Feel No Pain+1","Impervious+1","Entrench+1","Flame Barrier+1"],"relics":["Burning Blood","Sundial","Happy Flower","Orichalcum","Velvet Choker","Sling","SsserpentHead","Meat on the Bone","Bag of Marbles","Incense Burner","Snecko Eye","Juzu Bracelet","Champion Belt","Lantern","ClockworkSouvenir","Bag of Preparation","Regal Pillow","Toxic Egg 2","Red Skull","Bottled Flame"],"potions_floor_usage":[13,16,28,31,31,36,50,50,55],"damage_taken":[{"damage":1,"enemies":"2 Louse","floor":1,"turns":3},{"damage":5,"enemies":"Cultist","floor":3,"turns":4},{"damage":41,"enemies":"Gremlin Nob","floor":7,"turns":5},{"damage":0,"enemies":"Jaw Worm","floor":11,"turns":3},{"damage":4,"enemies":"Red Slaver","floor":13,"turns":2},{"damage":30,"enemies":"The Guardian","floor":16,"turns":14},{"damage":17,"enemies":"Shell Parasite","floor":18,"turns":4},{"damage":5,"enemies":"Spheric Guardian","floor":21,"turns":3},{"damage":8,"enemies":"Gremlin Leader","floor":24,"turns":5},{"damage":8,"enemies":"Snecko","floor":27,"turns":4},{"damage":1,"enemies":"Cultist and Chosen","floor":28,"turns":4},{"damage":8,"enemies":"Book of Stabbing","floor":31,"turns":4},{"damage":66,"enemies":"Collector","floor":33,"turns":9},{"damage":2,"enemies":"Orb Walker","floor":35,"turns":2},{"damage":14,"enemies":"3 Darklings","floor":36,"turns":5},{"damage":26,"enemies":"2 Orb Walkers","floor":41,"turns":5},{"damage":4,"enemies":"4 Shapes","floor":44,"turns":7},{"damage":0,"enemies":"Nemesis","floor":47,"turns":3},{"damage":31,"enemies":"Donu and Deca","floor":50,"turns":8},{"damage":30,"enemies":"Shield and Spear","floor":54,"turns":6},{"damage":52,"enemies":"The Heart","floor":55,"turns":11}],"seed_played":"393281148949477406","potions_obtained":[{"floor":7,"key":"Swift Potion"},{"floor":11,"key":"Energy Potion"},{"floor":24,"key":"Fire Potion"},{"floor":27,"key":"Fire Potion"},{"floor":28,"key":"AttackPotion"},{"floor":35,"key":"SpeedPotion"},{"floor":44,"key":"Strength Potion"},{"floor":47,"key":"LiquidBronze"},{"floor":54,"key":"Explosive Potion"}],"is_trial":false,"path_per_floor":["M","$","M","?","?","R","E","R","T","R","M","?","M","?","R","B",null,"M","$","?","M","?","R","E","R","T","M","M","$","?","E","R","B",null,"M","M","?","?","T","R","?","$","T","M","R","?","E","?","R","B",null,"R","$","E","B"],"character_chosen":"IRONCLAD","items_purchased":["Inflame","Sling","Bag of Marbles","Lantern","ClockworkSouvenir","Bag of Preparation","Entrench+1","Red Skull"],"campfire_rested":2,"item_purchase_floors":[2,19,29,42,42,42,53,53],"current_hp_per_floor":[80,80,81,76,65,65,30,30,30,30,36,36,38,38,38,14,65,54,54,54,55,55,55,53,53,53,51,56,56,51,49,73,25,68,72,64,64,64,64,64,56,56,56,58,82,82,82,82,82,57,76,76,76,52,0],"gold":63,"neow_bonus":"TEN_PERCENT_HP_BONUS","is_prod":false,"is_daily":false,"chose_seed":false,"campfire_upgraded":8,"win_rate":0,"timestamp":1556287269,"path_taken":["M","$","M","?","?","R","E","R","T","R","M","?","?","?","R","BOSS","M","$","?","M","?","R","E","R","T","?","M","$","?","E","R","BOSS","M","?","?","?","?","R","?","?","T","M","R","?","E","?","R","BOSS","R","$","E","BOSS"],"build_version":"2019-01-23","purchased_purges":1,"victory":false,"max_hp_per_floor":[82,82,82,82,82,82,82,82,82,82,82,82,82,82,82,82,82,82,82,82,82,82,82,82,82,82,82,82,82,82,82,82,82,82,82,82,82,82,82,82,82,82,82,82,82,82,82,82,82,82,82,82,82,82,82],"card_choices":[{"not_picked":["Clash","Seeing Red"],"picked":"Iron Wave","floor":1},{"not_picked":["Power Through","Burning Pact","Reckless Charge"],"picked":"SKIP","floor":3},{"not_picked":["Rage","Sword Boomerang","Wild Strike"],"picked":"SKIP","floor":7},{"not_picked":["Intimidate","Anger","Spot Weakness"],"picked":"SKIP","floor":11},{"not_picked":["Sword Boomerang","Entrench"],"picked":"Clothesline","floor":13},{"not_picked":["Offering","Dark Embrace"],"picked":"Impervious","floor":16},{"not_picked":["Clothesline","Rupture"],"picked":"Twin Strike+1","floor":18},{"not_picked":["True Grit","Inflame+1"],"picked":"Body Slam+1","floor":21},{"not_picked":["Dual Wield","Corruption","Feel No Pain"],"picked":"SKIP","floor":24},{"not_picked":["Evolve","Perfected Strike"],"picked":"Cleave","floor":27},{"not_picked":["Wild Strike","Twin Strike+1","Havoc"],"picked":"SKIP","floor":28},{"not_picked":["Armaments","Metallicize"],"picked":"Shockwave","floor":31},{"not_picked":["Feed","Bludgeon"],"picked":"Impervious","floor":33},{"not_picked":["Twin Strike+1","Headbutt","Wild Strike+1"],"picked":"SKIP","floor":35},{"not_picked":["Pommel Strike+1","True Grit","Intimidate"],"picked":"SKIP","floor":36},{"not_picked":["Carnage","Iron Wave"],"picked":"Feel No Pain+1","floor":41},{"not_picked":["Rage+1","Dropkick","Uppercut"],"picked":"SKIP","floor":44},{"not_picked":["Armaments+1","Bloodletting","Twin Strike+1"],"picked":"SKIP","floor":47},{"not_picked":["Feel No Pain+1","Thunderclap+1"],"picked":"Flame Barrier+1","floor":54}],"player_experience":328453,"relics_obtained":[{"floor":7,"key":"Happy Flower"},{"floor":9,"key":"Orichalcum"},{"floor":24,"key":"Meat on the Bone"},{"floor":31,"key":"Incense Burner"},{"floor":39,"key":"Juzu Bracelet"},{"floor":41,"key":"Champion Belt"},{"floor":43,"key":"Regal Pillow"},{"floor":47,"key":"Toxic Egg 2"},{"floor":54,"key":"Bottled Flame"}],"event_choices":[{"damage_healed":0,"gold_gain":0,"player_choice":"Success","damage_taken":5,"relics_obtained":["Sundial"],"max_hp_gain":0,"max_hp_loss":0,"event_name":"Scrap Ooze","floor":4,"gold_loss":0},{"damage_healed":0,"gold_gain":75,"player_choice":"Gather Gold","damage_taken":11,"max_hp_gain":0,"max_hp_loss":0,"event_name":"World of Goop","floor":5,"gold_loss":0},{"damage_healed":0,"gold_gain":50,"player_choice":"Pray","damage_taken":0,"max_hp_gain":0,"max_hp_loss":0,"event_name":"Golden Shrine","floor":12,"gold_loss":0},{"damage_healed":0,"gold_gain":0,"cards_transformed":["Defend_R"],"player_choice":"Transformed","damage_taken":0,"max_hp_gain":0,"max_hp_loss":0,"event_name":"Transmorgrifier","floor":14,"gold_loss":0,"cards_obtained":["Clothesline"]},{"damage_healed":0,"gold_gain":0,"player_choice":"Simplicity","damage_taken":0,"max_hp_gain":0,"max_hp_loss":0,"event_name":"Back to Basics","floor":20,"gold_loss":0,"cards_upgraded":["Strike_R","Strike_R","Strike_R","Strike_R","Strike_R","Defend_R","Defend_R"]},{"damage_healed":0,"gold_gain":0,"player_choice":"Trade","damage_taken":0,"relics_obtained":["SsserpentHead"],"max_hp_gain":0,"max_hp_loss":0,"event_name":"FaceTrader","floor":22,"gold_loss":0},{"damage_healed":0,"gold_gain":0,"player_choice":"Bought 0 Potions","damage_taken":0,"max_hp_gain":0,"max_hp_loss":0,"event_name":"The Woman in Blue","floor":30,"gold_loss":0},{"damage_healed":0,"gold_gain":0,"player_choice":"Ignored","damage_taken":0,"max_hp_gain":0,"max_hp_loss":0,"event_name":"Tomb of Lord Red Mask","floor":37,"gold_loss":0},{"cards_removed":["Bash"],"damage_healed":0,"gold_gain":0,"player_choice":"Removed Attack","damage_taken":0,"max_hp_gain":0,"max_hp_loss":0,"event_name":"Falling","floor":38,"gold_loss":0},{"damage_healed":0,"gold_gain":0,"player_choice":"Fight","damage_taken":0,"max_hp_gain":0,"max_hp_loss":0,"event_name":"Mysterious Sphere","floor":41,"gold_loss":0},{"damage_healed":0,"gold_gain":0,"player_choice":"Copied","damage_taken":0,"max_hp_gain":0,"max_hp_loss":0,"event_name":"Duplicator","floor":46,"gold_loss":0,"cards_obtained":["Impervious"]},{"damage_healed":0,"gold_gain":0,"player_choice":"Upgraded","damage_taken":0,"max_hp_gain":0,"max_hp_loss":0,"event_name":"Upgrade Shrine","floor":48,"gold_loss":0,"cards_upgraded":["Impervious"]}],"is_beta":false,"boss_relics":[{"not_picked":["Cursed Key","Eternal Feather"],"picked":"Velvet Choker"},{"not_picked":["Tiny House","Black Blood"],"picked":"Snecko Eye"}],"items_purged_floors":[19],"is_endless":false,"potions_floor_spawned":[7,11,24,27,28,35,44,47,54],"killed_by":"The Heart","ascension_level":16}