{"gold_per_floor":[114,124,199,218,228,255,43,53,77,103,113,145,145,145,145,222,222,236,26,26,26,42,42,69,69,69,69,69,94,274,274,274,351,351,362,362,65,83,102,136,136,75,102,117,117,117,117,134,134,134,134],"floor_reached":52,"playtime":2712,"items_purged":[],"score":2172,"play_id":"3f304f37-de60-404b-bc62-4e5d2bff3231","local_time":"20180927224031","daily_mods":["Draft"],"is_ascension_mode":true,"campfire_choices":[{"floor":13.0,"key":"REST"},{"floor":15.0,"key":"REST"},{"data":"Footwork","floor":23.0,"key":"SMITH"},{"data":"Wraith Form v2","floor":25.0,"key":"SMITH"},{"data":"Caltrops","floor":27,"key":"SMITH"},{"floor":32,"key":"REST"},{"data":"Malaise","floor":41,"key":"SMITH"},{"data":"Leg Sweep","floor":45,"key":"SMITH"},{"data":"Bouncing Flask","floor":46,"key":"SMITH"},{"data":"Acrobatics","floor":47,"key":"SMITH"},{"data":"Dodge and Roll","floor":49,"key":"SMITH"}],"neow_cost":"","seed_source_timestamp":0,"circlet_count":0,"master_deck":["AscendersBane","Slice","Dagger Throw","Escape Plan+1","Dagger Spray+1","Cloak And Dagger","Blur","Backstab","Calculated Gamble+1","Dagger Spray+1","Dodge and Roll+1","Dodge and Roll","Dodge and Roll+1","Slice","Dash+1","Dodge and Roll","Backflip","Infinite Blades","Adrenaline","Blur","PiercingWail+1","Wraith Form v2+1","Caltrops+1","Footwork+1","Adrenaline","Malaise+1","Catalyst+1","Leg Sweep+1","Bouncing Flask+1","Acrobatics+1","Injury"],"special_seed":0,"relics":["Ring of the Snake","Ancient Tea Set","Oddly Smooth Stone","Whetstone","War Paint","Juzu Bracelet","Cursed Key","PreservedInsect","CultistMask","Dream Catcher","Dead Branch","MutagenicStrength","Busted Crown","Blue Candle","Potion Belt","WingedGreaves","Happy Flower"],"potions_floor_usage":[50,51,51,51],"damage_taken":[{"damage":1.0,"enemies":"Jaw Worm","floor":1.0,"turns":4.0},{"damage":0.0,"enemies":"2 Louse","floor":2.0,"turns":3.0},{"damage":0.0,"enemies":"Small Slimes","floor":4.0,"turns":2.0},{"damage":0.0,"enemies":"3 Louse","floor":5.0,"turns":2.0},{"damage":22.0,"enemies":"Gremlin Nob","floor":6.0,"turns":4.0},{"damage":0.0,"enemies":"Gremlin Gang","floor":8.0,"turns":2.0},{"damage":0.0,"enemies":"3 Sentries","floor":10.0,"turns":9.0},{"damage":0.0,"enemies":"Lots of Slimes","floor":11.0,"turns":1.0},{"damage":18.0,"enemies":"Gremlin Nob","floor":12.0,"turns":4.0},{"damage":0.0,"enemies":"The Guardian","floor":16.0,"turns":17.0},{"damage":0.0,"enemies":"Spheric Guardian","floor":18.0,"turns":6.0},{"damage":0.0,"enemies":"3 Byrds","floor":22.0,"turns":4.0},{"damage":0.0,"enemies":"Gremlin Leader","floor":24.0,"turns":6.0},{"damage":0,"enemies":"Slavers","floor":29,"turns":5},{"damage":20,"enemies":"Collector","floor":33,"turns":12},{"damage":0,"enemies":"3 Shapes","floor":35,"turns":3},{"damage":0,"enemies":"Orb Walker","floor":38,"turns":3},{"damage":0,"enemies":"Reptomancer","floor":39,"turns":5},{"damage":0,"enemies":"2 Orb Walkers","floor":40,"turns":5},{"damage":0,"enemies":"Transient","floor":44,"turns":6},{"damage":0,"enemies":"4 Shapes","floor":48,"turns":6},{"damage":11,"enemies":"Awakened One","floor":50,"turns":18},{"damage":42,"enemies":"Time Eater","floor":51,"turns":16}],"seed_played":"588712974903936002","potions_obtained":[{"floor":2.0,"key":"GamblersBrew"},{"floor":4.0,"key":"SkillPotion"},{"floor":6.0,"key":"PowerPotion"},{"floor":8.0,"key":"Swift Potion"},{"floor":11.0,"key":"SpeedPotion"},{"floor":39,"key":"Block Potion"},{"floor":40,"key":"Block Potion"},{"floor":44,"key":"Energy Potion"},{"floor":48,"key":"Regen Potion"}],"is_trial":true,"path_per_floor":["M","M","?","M","M","E","$","M","T","E","M","E","R","?","R","B",null,"M","$","?","?","M","R","E","R","T","R","$","E","?","?","R","B",null,"M","?","$","M","M","E","R","$","T","M","R","R","R","M","R","B","B"],"character_chosen":"THE_SILENT","items_purchased":["Oddly Smooth Stone","Blur","PreservedInsect","Caltrops","Leg Sweep","Bouncing Flask","Potion Belt","Acrobatics"],"campfire_rested":3,"item_purchase_floors":[7,7,19,19,37,37,37,42],"current_hp_per_floor":[58,58,47,47,47,25,25,25,25,25,25,7,26,6,25,25,56,56,56,56,56,56,56,56,56,56,56,56,56,38,38,57,37,59,59,59,59,59,59,59,59,59,59,59,59,59,59,59,59,48,21],"gold":134,"neow_bonus":"","is_prod":false,"is_daily":false,"chose_seed":false,"campfire_upgraded":8,"win_rate":0,"timestamp":1538113231,"path_taken":["M","M","?","M","M","E","$","M","T","E","M","E","R","?","R","BOSS","M","$","?","?","M","R","E","R","T","R","?","E","?","?","R","BOSS","M","?","$","M","M","E","R","$","T","M","R","R","R","M","R","BOSS","BOSS"],"build_version":"2018-09-27","purchased_purges":0,"victory":true,"max_hp_per_floor":[66,66,66,66,66,66,66,66,66,66,66,66,66,66,66,66,66,66,66,66,66,66,66,66,66,66,66,66,66,66,66,66,66,66,66,66,66,66,66,66,66,66,66,66,66,66,66,66,66,66,66],"card_choices":[{"not_picked":["Predator","Quick Slash"],"picked":"Slice","floor":0.0},{"not_picked":["Predator","Quick Slash"],"picked":"Dagger Throw","floor":0.0},{"not_picked":["Riddle With Holes","Caltrops"],"picked":"Escape Plan","floor":0.0},{"not_picked":["Sucker Punch","Slice"],"picked":"Dagger Spray","floor":0.0},{"not_picked":["Heel Hook","Blade Dance"],"picked":"Cloak And Dagger","floor":0.0},{"not_picked":["Underhanded Strike","Riddle With Holes"],"picked":"Blur","floor":0.0},{"not_picked":["All Out Attack","Dagger Throw"],"picked":"Backstab","floor":0.0},{"not_picked":["Choke","Flying Knee"],"picked":"Calculated Gamble","floor":0.0},{"not_picked":["Quick Slash","Concentrate"],"picked":"Dagger Spray","floor":0.0},{"not_picked":["Escape Plan","PiercingWail"],"picked":"Dodge and Roll","floor":0.0},{"not_picked":["Poisoned Stab","Flying Knee"],"picked":"Dodge and Roll","floor":0.0},{"not_picked":["Bouncing Flask","Slice"],"picked":"Dodge and Roll","floor":0.0},{"not_picked":["Quick Slash","Outmaneuver"],"picked":"Slice","floor":0.0},{"not_picked":["Flying Knee","Setup"],"picked":"Dash","floor":0.0},{"not_picked":["Outmaneuver","Underhanded Strike"],"picked":"Dodge and Roll","floor":0.0},{"not_picked":["Infinite Blades","Quick Slash"],"picked":"Backflip","floor":1.0},{"not_picked":["Underhanded Strike","Skewer","Backflip"],"picked":"SKIP","floor":2.0},{"not_picked":["Accuracy","Quick Slash","Skewer"],"picked":"SKIP","floor":4.0},{"not_picked":["Dagger Spray","Bane"],"picked":"Infinite Blades","floor":5.0},{"not_picked":["Deflect","Blur"],"picked":"Adrenaline","floor":6.0},{"not_picked":["Poisoned Stab","Blur"],"picked":"PiercingWail","floor":8.0},{"not_picked":["Bouncing Flask","Flechettes","Dagger Spray"],"picked":"SKIP","floor":10.0},{"not_picked":["Endless Agony","Sucker Punch","Skewer"],"picked":"SKIP","floor":11.0},{"not_picked":["Slice","Calculated Gamble","Sucker Punch"],"picked":"SKIP","floor":12.0},{"not_picked":["Corpse Explosion","Phantasmal Killer"],"picked":"Wraith Form v2","floor":16.0},{"not_picked":["Cloak And Dagger","Bouncing Flask","Sucker Punch"],"picked":"SKIP","floor":18.0},{"not_picked":["Poisoned Stab","Bane"],"picked":"Footwork","floor":22.0},{"not_picked":["Crippling Poison","Blade Dance"],"picked":"Adrenaline","floor":24.0},{"not_picked":["Poisoned Stab+1","Underhanded Strike","Choke"],"picked":"SKIP","floor":29},{"not_picked":["Doppelganger","Unload"],"picked":"Malaise","floor":33},{"not_picked":[],"picked":"Catalyst+1","floor":35},{"not_picked":["Deadly Poison"],"picked":"SKIP","floor":38},{"not_picked":["Flying Knee"],"picked":"SKIP","floor":39},{"not_picked":["Doppelganger"],"picked":"SKIP","floor":40},{"not_picked":["Expertise"],"picked":"SKIP","floor":44},{"not_picked":["Cloak And Dagger"],"picked":"SKIP","floor":48}],"player_experience":1213985,"relics_obtained":[{"floor":6.0,"key":"Ancient Tea Set"},{"floor":9.0,"key":"Whetstone"},{"floor":10.0,"key":"War Paint"},{"floor":12.0,"key":"Juzu Bracelet"},{"floor":24.0,"key":"Dream Catcher"},{"floor":29,"key":"Dead Branch"},{"floor":40,"key":"WingedGreaves"},{"floor":43,"key":"Happy Flower"}],"event_choices":[{"event_name":"World of Goop","player_choice":"Gather Gold","floor":3.0,"damage_taken":0.0},{"event_name":"Shining Light","player_choice":"Entered Light","floor":14.0,"damage_taken":0.0},{"event_name":"FaceTrader","player_choice":"Trade","floor":20.0,"damage_taken":0.0},{"event_name":"Accursed Blacksmith","player_choice":"Forge","floor":21.0,"damage_taken":0.0},{"event_name":"Knowing Skull","player_choice":"GOLD GOLD ","floor":30,"damage_taken":0},{"event_name":"Drug Dealer","player_choice":"Inject Mutagens","floor":31,"damage_taken":0},{"event_name":"WeMeetAgain","player_choice":"Potion","floor":36,"damage_taken":0}],"is_beta":false,"boss_relics":[{"not_picked":["Runic Dome","Empty Cage"],"picked":"Cursed Key"},{"not_picked":["Astrolabe","White Beast Statue"],"picked":"Busted Crown"}],"items_purged_floors":[],"is_endless":false,"potions_floor_spawned":[2,4,6,8,11,22,29,39,40,44,48],"ascension_level":20}