{"gold_per_floor":[369,384,113,113,130,165,165,199,223,240,256,156,190,48,48,122,122,135,46,46,46,65,99,127,66,66,66,83,115,115,127,127,204,204,220,237,253,5,5,5,5,5,30,30,50,82,95,115,115,115],"floor_reached":50,"playtime":2614,"items_purged":["Regret","Strike_G"],"score":956,"play_id":"f87c527c-e5c7-4d91-b4fd-265e1e7e0292","local_time":"20181020210547","is_ascension_mode":true,"campfire_choices":[{"floor":7,"key":"REST"},{"data":"Deadly Poison","floor":15,"key":"SMITH"},{"floor":27,"key":"REST"},{"floor":30,"key":"REST"},{"floor":32,"key":"REST"},{"data":"Regret","floor":40,"key":"PURGE"},{"floor":42,"key":"REST"},{"data":"Shame","floor":44,"key":"PURGE"},{"floor":49,"key":"REST"}],"neow_cost":"CURSE","seed_source_timestamp":130704858757504,"circlet_count":0,"master_deck":["Defend_G","Defend_G","Defend_G","Defend_G","Defend_G","Strike_G","Strike_G","Strike_G","Strike_G","Survivor","Neutralize+1","AscendersBane","Deadly Poison+1","Cloak And Dagger","Backstab","Poisoned Stab","Flying Knee","Deflect","Dodge and Roll","Well Laid Plans","Blur","Bullet Time","Dagger Throw","Crippling Poison","Leg Sweep","Eviscerate","Phantasmal Killer","Noxious Fumes","Terror","Bullet Time","Parasite","Dodge and Roll+1","Dagger Throw","Acrobatics","Backflip","Dagger Spray+1","Wraith Form v2","Acrobatics","Tactician+1","Dagger Throw"],"special_seed":0,"relics":["Ring of the Snake","Pen Nib","Anchor","Potion Belt","Strawberry","Bronze Scales","Snecko Eye","MawBank","The Courier","Du-Vu Doll","Calling Bell","Dream Catcher","Matryoshka","Peace Pipe","Shuriken","Ancient Tea Set","Happy Flower","Lantern"],"potions_floor_usage":[6,8,13,23,29,29,33,36,46,50],"damage_taken":[{"damage":2.0,"enemies":"Small Slimes","floor":1.0,"turns":6.0},{"damage":3.0,"enemies":"2 Louse","floor":2.0,"turns":4.0},{"damage":0.0,"enemies":"Jaw Worm","floor":5.0,"turns":3.0},{"damage":35,"enemies":"Gremlin Nob","floor":6,"turns":5},{"damage":6,"enemies":"Lagavulin","floor":8,"turns":7},{"damage":0,"enemies":"2 Fungi Beasts","floor":10,"turns":2},{"damage":0,"enemies":"Exordium Wildlife","floor":11,"turns":2},{"damage":9,"enemies":"Gremlin Nob","floor":13,"turns":4},{"damage":25,"enemies":"The Guardian","floor":16,"turns":12},{"damage":0,"enemies":"2 Thieves","floor":18,"turns":4},{"damage":0,"enemies":"Chosen","floor":22,"turns":4},{"damage":37,"enemies":"Gremlin Leader","floor":23,"turns":8},{"damage":9,"enemies":"Snake Plant","floor":24,"turns":5},{"damage":0,"enemies":"Centurion and Healer","floor":28,"turns":6},{"damage":26,"enemies":"Slavers","floor":29,"turns":4},{"damage":0,"enemies":"Cultist and Chosen","floor":31,"turns":6},{"damage":50,"enemies":"Automaton","floor":33,"turns":10},{"damage":0,"enemies":"Orb Walker","floor":35,"turns":4},{"damage":5,"enemies":"3 Darklings","floor":36,"turns":4},{"damage":38,"enemies":"Spire Growth","floor":37,"turns":5},{"damage":8,"enemies":"4 Shapes","floor":45,"turns":5},{"damage":27,"enemies":"Reptomancer","floor":46,"turns":5},{"damage":7,"enemies":"Transient","floor":47,"turns":5},{"damage":2,"enemies":"Sphere and 2 Shapes","floor":48,"turns":6},{"damage":28,"enemies":"Awakened One","floor":50,"turns":2}],"seed_played":"-8559093908301925089","potions_obtained":[{"floor":1.0,"key":"Energy Potion"},{"floor":6,"key":"Dexterity Potion"},{"floor":8,"key":"Block Potion"},{"floor":18,"key":"FairyPotion"},{"floor":23,"key":"Strength Potion"},{"floor":29,"key":"PowerPotion"},{"floor":35,"key":"AttackPotion"},{"floor":37,"key":"Strength Potion"},{"floor":48,"key":"SpeedPotion"}],"is_trial":false,"path_per_floor":["M","M","$","?","M","E","R","E","T","M","M","$","E","$","R","B",null,"M","$","?","?","M","E","M","$","T","R","M","E","R","M","R","B",null,"M","M","M","$","?","R","$","R","T","R","M","E","M","M","R"],"character_chosen":"THE_SILENT","items_purchased":["Pen Nib","Block Potion","Blur","Regen Potion","Crippling Poison","PowerPotion","Noxious Fumes","Shuriken","Acrobatics"],"campfire_rested":6,"item_purchase_floors":[3,3,14,14,19,19,25,38,38],"current_hp_per_floor":[57,54,54,54,54,19,38,32,39,39,39,39,30,30,30,5,56,56,56,56,56,56,19,10,10,10,31,31,19,40,40,61,11,58,58,53,15,15,15,15,15,36,36,36,28,1,7,5,26,0],"gold":115,"neow_bonus":"TWO_FIFTY_GOLD","is_prod":false,"is_daily":false,"chose_seed":false,"campfire_upgraded":1,"win_rate":0,"timestamp":1540094747,"path_taken":["M","M","$","?","M","E","R","E","T","M","M","$","E","$","R","BOSS","M","$","?","?","M","E","?","?","T","R","M","E","R","M","R","BOSS","M","?","M","$","?","R","$","R","T","R","M","E","M","M","R","BOSS"],"build_version":"2018-10-18","purchased_purges":2,"victory":false,"max_hp_per_floor":[66,66,66,66,66,66,66,66,73,73,73,73,73,73,73,73,73,73,73,73,73,73,73,73,73,73,73,73,73,73,73,73,73,73,73,73,73,73,73,73,73,73,73,73,73,73,73,73,73,73],"card_choices":[{"not_picked":["Acrobatics","Accuracy"],"picked":"Deadly Poison","floor":1.0},{"not_picked":["Quick Slash","Outmaneuver"],"picked":"Cloak And Dagger","floor":2.0},{"not_picked":["Outmaneuver","Flying Knee"],"picked":"Backstab","floor":5.0},{"not_picked":["Distraction","Dodge and Roll"],"picked":"Poisoned Stab","floor":6},{"not_picked":["All Out Attack","Flechettes"],"picked":"Flying Knee","floor":8},{"not_picked":["Prepared","PiercingWail"],"picked":"Deflect","floor":10},{"not_picked":["Blade Dance","Crippling Poison"],"picked":"Dodge and Roll","floor":11},{"not_picked":["Poisoned Stab","Crippling Poison"],"picked":"Well Laid Plans","floor":13},{"not_picked":["Grand Finale","Unload"],"picked":"Bullet Time","floor":16},{"not_picked":["Outmaneuver","Bane"],"picked":"Dagger Throw","floor":18},{"not_picked":["Bane+1","Slice+1"],"picked":"Leg Sweep","floor":22},{"not_picked":["Slice","Finisher"],"picked":"Eviscerate","floor":23},{"not_picked":["Blade Dance","Quick Slash"],"picked":"Phantasmal Killer","floor":24},{"not_picked":["Caltrops","Dodge and Roll","Underhanded Strike"],"picked":"SKIP","floor":28},{"not_picked":["Caltrops","Dodge and Roll","Underhanded Strike"],"picked":"SKIP","floor":28},{"not_picked":["Deadly Poison","Prepared"],"picked":"Terror","floor":29},{"not_picked":["Slice","Bane","Flying Knee"],"picked":"SKIP","floor":31},{"not_picked":["Adrenaline","Doppelganger"],"picked":"Bullet Time","floor":33},{"not_picked":["Deflect+1","Skewer"],"picked":"Dodge and Roll+1","floor":35},{"not_picked":["Blur","All Out Attack+1"],"picked":"Dagger Throw","floor":36},{"not_picked":["Slice","Bane","Infinite Blades"],"picked":"SKIP","floor":37},{"not_picked":["Poisoned Stab+1","Heel Hook"],"picked":"Backflip","floor":42},{"not_picked":["Dagger Throw","Noxious Fumes"],"picked":"Dagger Spray+1","floor":45},{"not_picked":["A Thousand Cuts","Concentrate"],"picked":"Wraith Form v2","floor":46},{"not_picked":["Tactician","Expertise"],"picked":"Acrobatics","floor":47},{"not_picked":["Blade Dance","Underhanded Strike"],"picked":"Tactician+1","floor":48},{"not_picked":["Dagger Spray+1","Predator"],"picked":"Dagger Throw","floor":49}],"player_experience":1404252,"relics_obtained":[{"floor":6,"key":"Anchor"},{"floor":8,"key":"Potion Belt"},{"floor":9,"key":"Strawberry"},{"floor":13,"key":"Bronze Scales"},{"floor":23,"key":"MawBank"},{"floor":26,"key":"The Courier"},{"floor":29,"key":"Du-Vu Doll"},{"floor":34,"key":"Dream Catcher"},{"floor":34,"key":"Matryoshka"},{"floor":34,"key":"Peace Pipe"},{"floor":43,"key":"Ancient Tea Set"},{"floor":43,"key":"Happy Flower"},{"floor":46,"key":"Lantern"}],"event_choices":[{"damage_healed":0.0,"max_hp_gain":0.0,"max_hp_loss":0.0,"gold_gain":0.0,"event_name":"Living Wall","player_choice":"Grow","floor":4.0,"gold_loss":0.0,"damage_taken":0.0,"cards_upgraded":["Neutralize"]},{"damage_healed":0,"gold_gain":0,"player_choice":"Ignored","damage_taken":0,"max_hp_gain":0,"max_hp_loss":0,"event_name":"Cursed Tome","floor":20,"gold_loss":0},{"damage_healed":0,"gold_gain":0,"player_choice":"Ignored","damage_taken":0,"max_hp_gain":0,"max_hp_loss":0,"event_name":"The Mausoleum","floor":21,"gold_loss":0},{"damage_healed":0,"gold_gain":0,"player_choice":"Ignored","damage_taken":0,"max_hp_gain":0,"max_hp_loss":0,"event_name":"Mysterious Sphere","floor":39,"gold_loss":0}],"is_beta":false,"boss_relics":[{"not_picked":["Velvet Choker","Orrery"],"picked":"Snecko Eye"},{"not_picked":["Coffee Dripper","HoveringKite"],"picked":"Calling Bell"}],"items_purged_floors":[3,12],"is_endless":false,"potions_floor_spawned":[1,6,8,18,23,29,35,37,48],"killed_by":"Awakened One","ascension_level":15}