{"gold_per_floor":[114,126,144,157,176,176,194,93,93,118,118,153,168,179,179,279,279,261,271,290,305,318,318,333,333],"floor_reached":25,"playtime":2596,"items_purged":["Strike_R"],"score":223,"play_id":"b03d0567-e932-45dd-8562-75391e7ad0db","local_time":"20190503232814","is_ascension_mode":false,"campfire_choices":[{"data":"Whirlwind","floor":6,"key":"SMITH"},{"data":"Body Slam","floor":11,"key":"SMITH"},{"data":"Flame Barrier","floor":15,"key":"SMITH"},{"floor":23,"key":"REST"}],"neow_cost":"PERCENT_DAMAGE","seed_source_timestamp":1224774212320389,"circlet_count":0,"master_deck":["Strike_R","Strike_R","Defend_R","Defend_R","Defend_R","Defend_R","Bash","Flame Barrier+1","Body Slam+1","Whirlwind+1","Battle Trance","Rampage","True Grit","Brutality","True Grit","Armaments","Barricade","Rupture","Rupture","Iron Wave+1","Warcry"],"relics":["Burning Blood","Pear","Torii","Pen Nib","Runic Cube"],"potions_floor_usage":[16,16,16,16,16,16,16,16],"damage_taken":[{"damage":11,"enemies":"Jaw Worm","floor":1,"turns":5},{"damage":0,"enemies":"Cultist","floor":2,"turns":5},{"damage":2,"enemies":"Small Slimes","floor":3,"turns":5},{"damage":9,"enemies":"2 Fungi Beasts","floor":4,"turns":5},{"damage":4,"enemies":"Gremlin Gang","floor":5,"turns":2},{"damage":5,"enemies":"Exordium Thugs","floor":7,"turns":3},{"damage":22,"enemies":"Lagavulin","floor":10,"turns":11},{"damage":20,"enemies":"3 Sentries","floor":12,"turns":4},{"damage":0,"enemies":"Looter","floor":13,"turns":3},{"damage":0,"enemies":"Exordium Wildlife","floor":14,"turns":4},{"damage":4,"enemies":"Hexaghost","floor":16,"turns":5},{"damage":24,"enemies":"2 Thieves","floor":18,"turns":4},{"damage":8,"enemies":"Spheric Guardian","floor":19,"turns":10},{"damage":12,"enemies":"Snake Plant","floor":20,"turns":5},{"damage":35,"enemies":"3 Cultists","floor":21,"turns":6},{"damage":20,"enemies":"Shelled Parasite and Fungi","floor":22,"turns":10},{"damage":25,"enemies":"Centurion and Healer","floor":24,"turns":7},{"damage":31,"enemies":"Snake Plant","floor":25,"turns":4}],"seed_played":"117925860695508414","potions_obtained":[{"floor":1,"key":"SkillPotion"},{"floor":3,"key":"EntropicBrew"},{"floor":4,"key":"SpeedPotion"},{"floor":19,"key":"SneckoOil"},{"floor":21,"key":"Dexterity Potion"},{"floor":24,"key":"SpeedPotion"}],"is_trial":false,"path_per_floor":["M","M","M","M","M","R","M","$","T","E","R","E","M","M","R","B",null,"M","M","M","M","M","R","M","M"],"character_chosen":"IRONCLAD","items_purchased":["True Grit"],"campfire_rested":1,"item_purchase_floors":[8],"current_hp_per_floor":[51,57,61,58,60,60,61,61,71,55,55,41,47,53,53,55,90,72,70,64,35,21,48,29,0],"gold":333,"neow_bonus":"REMOVE_TWO","is_prod":false,"is_daily":false,"chose_seed":false,"campfire_upgraded":3,"win_rate":0.0,"timestamp":1556918894,"path_taken":["M","M","M","M","M","R","M","$","T","E","R","E","M","M","R","BOSS","M","M","M","M","M","R","M","M"],"build_version":"2019-01-23","purchased_purges":1,"victory":false,"max_hp_per_floor":[80,80,80,80,80,80,80,80,90,90,90,90,90,90,90,90,90,90,90,90,90,90,90,90,90],"card_choices":[{"not_picked":["Combust","Cleave"],"picked":"Flame Barrier","floor":1},{"not_picked":["Shrug It Off","Cleave"],"picked":"Body Slam","floor":2},{"not_picked":["Reckless Charge","Shrug It Off"],"picked":"Whirlwind","floor":3},{"not_picked":["Shrug It Off","Thunderclap"],"picked":"Battle Trance","floor":4},{"not_picked":["Thunderclap","Blood for Blood"],"picked":"Rampage","floor":5},{"not_picked":["Sword Boomerang","Headbutt","Wild Strike"],"picked":"SKIP","floor":7},{"not_picked":["Flex","Blood for Blood"],"picked":"Brutality","floor":10},{"not_picked":["Disarm","Evolve"],"picked":"True Grit","floor":12},{"not_picked":["Clash","Thunderclap","Sword Boomerang"],"picked":"SKIP","floor":13},{"not_picked":["Sword Boomerang","Wild Strike"],"picked":"Armaments","floor":14},{"not_picked":["Feed","Berserk"],"picked":"Barricade","floor":16},{"not_picked":["Shrug It Off","Battle Trance"],"picked":"Rupture","floor":18},{"not_picked":["Thunderclap+1","True Grit"],"picked":"Rupture","floor":19},{"not_picked":["Body Slam","Flex+1"],"picked":"Iron Wave+1","floor":20},{"not_picked":["Searing Blow+1","Thunderclap+1","Dual Wield"],"picked":"SKIP","floor":21},{"not_picked":["Perfected Strike","Wild Strike","Iron Wave"],"picked":"SKIP","floor":22},{"not_picked":["Twin Strike","Heavy Blade"],"picked":"Warcry","floor":24}],"player_experience":30832,"relics_obtained":[{"floor":9,"key":"Pear"},{"floor":10,"key":"Torii"},{"floor":12,"key":"Pen Nib"}],"event_choices":[],"is_beta":false,"boss_relics":[{"not_picked":["Tiny House","Fusion Hammer"],"picked":"Runic Cube"}],"items_purged_floors":[8],"is_endless":false,"potions_floor_spawned":[1,3,4,5,12,19,21,24],"killed_by":"Snake Plant","ascension_level":0}