{"path_per_floor":["M","M","$","M","M","R","E","R","T","R","M","?","E","M","R","B",null,"M"],"character_chosen":"THE_SILENT","items_purchased":["Outmaneuver"],"gold_per_floor":[13,27,1,11,26,26,51,51,51,51,69,69,101,115,115,214,214,227,227],"floor_reached":19,"campfire_rested":1,"playtime":1595,"item_purchase_floors":[3],"current_hp_per_floor":[65,63,63,62,43,43,40,40,40,40,40,45,35,30,52,18,75,20,0],"items_purged":[],"gold":227,"score":197,"play_id":"8720c83e-167a-4116-9f41-b96d22adcdf4","local_time":"20180603212947","is_prod":false,"is_daily":false,"chose_seed":false,"is_ascension_mode":true,"campfire_upgraded":3,"win_rate":0,"timestamp":1528054187,"campfire_choices":[{"data":"Noxious Fumes","floor":6,"key":"SMITH"},{"data":"Outmaneuver","floor":8,"key":"SMITH"},{"data":"Dodge and Roll","floor":10,"key":"SMITH"},{"floor":15,"key":"REST"}],"path_taken":["M","M","$","M","M","R","E","R","T","R","M","?","E","M","R","BOSS","M","?"],"build_version":"2018-05-31","seed_source_timestamp":175370667178086,"purchased_purges":0,"victory":false,"master_deck":["Defend_G","Defend_G","Defend_G","Defend_G","Defend_G","Strike_G","Strike_G","Survivor","Neutralize","Venomology","Noxious Fumes+1","Well Laid Plans","Outmaneuver+1","Dodge and Roll+1","Backflip","Prepared","Poisoned Stab","Masterful Stab","Envenom","Underhanded Strike+1","Tactician+1","Dagger Throw+1"],"max_hp_per_floor":[70,70,70,70,70,70,70,70,70,70,70,75,75,75,75,75,75,75,75],"relics":["Ring of the Snake","Calipers","Blue Candle","Gremlin Horn","Astrolabe"],"card_choices":[{"not_picked":["Doppelganger","Tactician"],"picked":"Venomology","floor":0},{"not_picked":["Distraction","Sucker Punch"],"picked":"Noxious Fumes","floor":1},{"not_picked":["Bane","Outmaneuver"],"picked":"Well Laid Plans","floor":2},{"not_picked":["Choke","Eviscerate"],"picked":"Dodge and Roll","floor":4},{"not_picked":["Dodge and Roll","Dagger Spray"],"picked":"Backflip","floor":5},{"not_picked":["Finisher","Flying Knee","Quick Slash"],"picked":"SKIP","floor":7},{"not_picked":["Underhanded Strike","Dagger Spray"],"picked":"Prepared","floor":11},{"not_picked":["Expertise","Storm of Steel"],"picked":"Poisoned Stab","floor":13},{"not_picked":["Bane","Dash"],"picked":"Masterful Stab","floor":14},{"not_picked":["Bullet Time","Adrenaline"],"picked":"Envenom","floor":16},{"not_picked":["Outmaneuver+1","All Out Attack","Sucker Punch+1"],"picked":"SKIP","floor":18}],"player_experience":82689,"potions_floor_usage":[4,5,5,5,7,13,13,13,16,18,18,19,19],"damage_taken":[{"damage":5,"enemies":"Cultist","floor":1,"turns":5},{"damage":2,"enemies":"Jaw Worm","floor":2,"turns":7},{"damage":1,"enemies":"Small Slimes","floor":4,"turns":4},{"damage":34,"enemies":"Exordium Thugs","floor":5,"turns":8},{"damage":3,"enemies":"3 Sentries","floor":7,"turns":9},{"damage":0,"enemies":"2 Fungi Beasts","floor":11,"turns":6},{"damage":10,"enemies":"Gremlin Nob","floor":13,"turns":5},{"damage":5,"enemies":"3 Louse","floor":14,"turns":4},{"damage":34,"enemies":"The Guardian","floor":16,"turns":11},{"damage":55,"enemies":"Spheric Guardian","floor":18,"turns":9},{"damage":41,"enemies":"Masked Bandits","floor":19,"turns":3}],"relics_obtained":[{"floor":7,"key":"Calipers"},{"floor":9,"key":"Blue Candle"},{"floor":13,"key":"Gremlin Horn"}],"event_choices":[{"event_name":"Big Fish","player_choice":"Donut","floor":12,"damage_taken":0},{"event_name":"Masked Bandits","player_choice":"Fought over 227 gold","floor":19,"damage_taken":0}],"boss_relics":[{"not_picked":["Runic Dome","Black Star"],"picked":"Astrolabe"}],"items_purged_floors":[],"potions_floor_spawned":[2,4,11,14,16,18],"seed_played":"7404037522363050819","killed_by":"Masked Bandits","ascension_level":2,"potions_obtained":[{"floor":2,"key":"Regen Potion"},{"floor":4,"key":"SpeedPotion"},{"floor":11,"key":"PowerPotion"},{"floor":14,"key":"SkillPotion"},{"floor":16,"key":"Explosive Potion"},{"floor":18,"key":"Energy Potion"}],"is_trial":false}