{"gold_per_floor":[111,111,59,59,74,104,104,115,142,142,153,153,181,206,206,283,283,302,302,316,316,118,118,128,128,128,161,161,188,199,114,114,188,188,199,246,256,276,288,288,251,263,318,318,318,332,350,5,5,5],"floor_reached":51,"playtime":2640,"items_purged":["Strike_B","Defend_B"],"score":1204,"play_id":"3a07ef7e-97a7-4587-9e16-03ae33c66dd7","local_time":"20180914142954","is_ascension_mode":true,"campfire_choices":[{"data":"Streamline","floor":10.0,"key":"SMITH"},{"floor":12.0,"key":"REST"},{"floor":15.0,"key":"REST"},{"floor":23.0,"key":"REST"},{"data":"Defragment","floor":25.0,"key":"SMITH"},{"floor":28,"key":"REST"},{"floor":32,"key":"REST"},{"data":"Thunder Strike","floor":40,"key":"SMITH"},{"floor":45,"key":"REST"},{"floor":49,"key":"REST"}],"neow_cost":"NONE","seed_source_timestamp":22755466944586,"circlet_count":0,"master_deck":["Defend_B","Defend_B","Defend_B","Zap","Dualcast","AscendersBane","Static Discharge","Coolheaded","FTL","Conserve Battery","Streamline+1","Hologram","Auto Shields","Rebound","Electrodynamics","Conserve Battery+1","Compile Driver","Glacier","Defragment+1","Ball Lightning","Ball Lightning","Cold Snap+1","Thunder Strike+1","Core Surge","Reprogram+1","Reinforced Body+1","Go for the Eyes+1","Tempest","Force Field+1","Chill"],"special_seed":0,"relics":["Black Star","Vajra","Pen Nib","Bag of Marbles","Odd Mushroom","Art of War","Lantern","Nuclear Battery","Blue Candle","Incense Burner","Bird Faced Urn","Bottled Flame","Letter Opener","Potion Belt","Astrolabe","Mango","Tiny Chest","Centennial Puzzle"],"potions_floor_usage":[27,33,33,50,50,50],"damage_taken":[{"damage":11.0,"enemies":"Jaw Worm","floor":1.0,"turns":5.0},{"damage":8.0,"enemies":"2 Louse","floor":5.0,"turns":4.0},{"damage":30.0,"enemies":"Lagavulin","floor":6.0,"turns":9.0},{"damage":3.0,"enemies":"Small Slimes","floor":8.0,"turns":3.0},{"damage":0.0,"enemies":"2 Fungi Beasts","floor":11.0,"turns":1.0},{"damage":14.0,"enemies":"The Mushroom Lair","floor":13.0,"turns":5.0},{"damage":1.0,"enemies":"3 Sentries","floor":14.0,"turns":8.0},{"damage":17.0,"enemies":"Hexaghost","floor":16.0,"turns":8.0},{"damage":15.0,"enemies":"3 Byrds","floor":18.0,"turns":4.0},{"damage":9.0,"enemies":"Shell Parasite","floor":20.0,"turns":6.0},{"damage":17.0,"enemies":"3 Cultists","floor":24.0,"turns":5.0},{"damage":24,"enemies":"Slavers","floor":27,"turns":5},{"damage":10,"enemies":"Gremlin Leader","floor":29,"turns":6},{"damage":0,"enemies":"Shelled Parasite and Fungi","floor":30,"turns":3},{"damage":56,"enemies":"Automaton","floor":33,"turns":10},{"damage":0,"enemies":"Orb Walker","floor":35,"turns":2},{"damage":13,"enemies":"Mysterious Sphere","floor":36,"turns":4},{"damage":10,"enemies":"3 Darklings","floor":37,"turns":7},{"damage":2,"enemies":"4 Shapes","floor":38,"turns":3},{"damage":1,"enemies":"Sphere and 2 Shapes","floor":39,"turns":5},{"damage":33,"enemies":"Spire Growth","floor":42,"turns":6},{"damage":0,"enemies":"Reptomancer","floor":46,"turns":6},{"damage":0,"enemies":"Sphere and 2 Shapes","floor":47,"turns":2},{"damage":45,"enemies":"Awakened One","floor":50,"turns":27}],"seed_played":"-8006900144168131188","potions_obtained":[{"floor":8.0,"key":"EssenceOfSteel"},{"floor":11.0,"key":"AttackPotion"},{"floor":13.0,"key":"Fire Potion"},{"floor":18.0,"key":"Fruit Juice"},{"floor":20.0,"key":"Swift Potion"},{"floor":27,"key":"Fire Potion"},{"floor":30,"key":"Energy Potion"},{"floor":37,"key":"Weak Potion"},{"floor":39,"key":"Block Potion"},{"floor":42,"key":"GamblersBrew"},{"floor":46,"key":"Explosive Potion"}],"is_trial":false,"path_per_floor":["M","?","$","?","M","E","?","M","T","R","M","R","?","E","R","B",null,"M","?","M","?","$","R","M","R","T","E","R","E","M","?","R","B",null,"M","?","M","M","M","R","$","M","T","?","R","M","M","$","R","B"],"character_chosen":"DEFECT","items_purchased":["Coolheaded","Defragment","Ball Lightning","Force Field","SpeedPotion","Centennial Puzzle","Dexterity Potion"],"campfire_rested":7,"item_purchase_floors":[3,22,22,41,48,48,48],"current_hp_per_floor":[53,53,53,53,45,15,15,12,12,12,12,33,19,18,39,22,59,49,49,40,40,40,62,45,45,45,21,43,37,39,39,61,11,60,60,65,61,63,68,68,68,41,41,41,68,74,76,76,90,49],"gold":5,"neow_bonus":"BOSS_RELIC","is_prod":false,"is_daily":false,"chose_seed":false,"campfire_upgraded":3,"win_rate":0,"timestamp":1536960594,"path_taken":["M","?","$","?","M","E","?","M","T","R","?","R","?","E","R","BOSS","M","?","M","?","$","R","M","R","T","E","R","E","M","?","R","BOSS","M","?","M","M","M","R","$","M","T","?","R","?","M","$","R","BOSS"],"build_version":"2018-09-06","purchased_purges":2,"victory":true,"max_hp_per_floor":[71,71,71,71,71,71,71,71,71,71,71,71,71,71,71,71,71,76,76,76,76,76,76,76,76,76,76,76,76,76,76,76,76,76,76,90,90,90,90,90,90,90,90,90,90,90,90,90,90,90],"card_choices":[{"not_picked":["Stack","Beam Cell"],"picked":"Static Discharge","floor":1.0},{"not_picked":["Beam Cell","Hello World"],"picked":"FTL","floor":5.0},{"not_picked":["Creative AI","Steam"],"picked":"Conserve Battery","floor":6.0},{"not_picked":["Blizzard","Sweeping Beam"],"picked":"Streamline","floor":8.0},{"not_picked":["Meteor Strike","Sweeping Beam"],"picked":"Hologram","floor":11.0},{"not_picked":["FTL","Fusion"],"picked":"Auto Shields","floor":13.0},{"not_picked":["Stack","Auto Shields"],"picked":"Rebound","floor":14.0},{"not_picked":["Seek","Fission"],"picked":"Electrodynamics","floor":16.0},{"not_picked":["Streamline","FTL"],"picked":"Conserve Battery+1","floor":18.0},{"not_picked":["Leap","Rebound+1"],"picked":"Compile Driver","floor":20.0},{"not_picked":["Go for the Eyes","Sweeping Beam"],"picked":"Ball Lightning","floor":24.0},{"not_picked":["Gash","Hologram"],"picked":"Cold Snap+1","floor":27},{"not_picked":["Compile Driver","Hello World"],"picked":"Thunder Strike","floor":29},{"not_picked":["Go for the Eyes","Sunder","Hologram"],"picked":"SKIP","floor":30},{"not_picked":["Hyperbeam","Thunder Strike"],"picked":"Core Surge","floor":33},{"not_picked":["Chaos+1","Gash","Sweeping Beam"],"picked":"SKIP","floor":35},{"not_picked":["Sweeping Beam","Coolheaded"],"picked":"Tempest","floor":37},{"not_picked":["Sweeping Beam","Rebound+1","Meteor Strike"],"picked":"SKIP","floor":38},{"not_picked":["Redo","Gash+1","Rebound"],"picked":"SKIP","floor":39},{"not_picked":["Lockon","Auto Shields","Rip and Tear"],"picked":"SKIP","floor":42},{"not_picked":["Skim","Doom and Gloom","Steam Power"],"picked":"SKIP","floor":46},{"not_picked":["Cold Snap","Self Repair"],"picked":"Chill","floor":47}],"player_experience":1136955,"relics_obtained":[{"floor":6.0,"key":"Vajra"},{"floor":6.0,"key":"Pen Nib"},{"floor":9.0,"key":"Bag of Marbles"},{"floor":13.0,"key":"Odd Mushroom"},{"floor":14.0,"key":"Art of War"},{"floor":14.0,"key":"Lantern"},{"floor":26.0,"key":"Blue Candle"},{"floor":27,"key":"Incense Burner"},{"floor":27,"key":"Bird Faced Urn"},{"floor":29,"key":"Bottled Flame"},{"floor":29,"key":"Letter Opener"},{"floor":36,"key":"Mango"},{"floor":43,"key":"Tiny Chest"}],"event_choices":[{"event_name":"Liars Game","player_choice":"disagreed","floor":2.0,"damage_taken":0.0},{"event_name":"Golden Idol","player_choice":"Ignored","floor":4.0,"damage_taken":0.0},{"event_name":"Dead Adventurer","player_choice":"Searched \u00270\u0027 times","floor":7.0,"damage_taken":0.0},{"event_name":"Mushrooms","player_choice":"Fought Mushrooms","floor":13.0,"damage_taken":0.0},{"event_name":"Ghosts","player_choice":"Ignored","floor":19.0,"damage_taken":0.0},{"event_name":"The Library","player_choice":"Read","floor":21.0,"damage_taken":0.0},{"event_name":"Addict","player_choice":"Obtained Relic","floor":31,"damage_taken":0},{"event_name":"Mysterious Sphere","player_choice":"Fight","floor":36,"damage_taken":0},{"event_name":"Accursed Blacksmith","player_choice":"Forge","floor":44,"damage_taken":0}],"is_beta":false,"boss_relics":[{"not_picked":["Snecko Eye","Philosopher\u0027s Stone"],"picked":"Nuclear Battery"},{"not_picked":["Sozu","Tiny House"],"picked":"Astrolabe"}],"items_purged_floors":[22,48],"is_endless":false,"potions_floor_spawned":[8,11,13,18,20,27,30,37,39,42,46],"ascension_level":15}