{"gold_per_floor":[115,125,145,145,145,186,186,37,37,37,61,97,122,140,140,235,235,250,10,10,35,58,101,101,139,139,183,183,183,183,233,233,326,326,349,369,369,39,39],"floor_reached":39,"playtime":3237,"items_purged":["Defend_B","Strike_B","Strike_B"],"score":807,"play_id":"bd48f78a-d19b-4e7c-8b4f-e74f83bd861f","local_time":"20180629142547","is_ascension_mode":true,"campfire_choices":[{"data":"Dualcast","floor":7.0,"key":"SMITH"},{"data":"Zap","floor":10.0,"key":"SMITH"},{"data":"Sweeping Beam","floor":15.0,"key":"SMITH"},{"data":"Capacitor","floor":24,"key":"SMITH"},{"floor":28,"key":"REST"},{"data":"Coolheaded","floor":30,"key":"SMITH"},{"data":"Hologram","floor":32,"key":"SMITH"}],"neow_cost":"","seed_source_timestamp":109400783394122,"circlet_count":0,"master_deck":["Strike_B","Defend_B","Defend_B","Defend_B","Zap+1","Dualcast+1","AscendersBane","Reboot","BootSequence","Conserve Battery","Steam","Steam Power+1","Injury","Glacier+1","Self Repair","Conserve Battery","Sweeping Beam+1","Leap","Biased Cognition","Ball Lightning","Capacitor+1","Leap","Ball Lightning","Ball Lightning","Hologram+1","Coolheaded+1","Ball Lightning","Cold Snap","Echo Form","Coolheaded+1","Steam+1"],"special_seed":0,"relics":["Cracked Core","Golden Idol","Cables","War Paint","Blood Vial","Nuclear Battery","Orichalcum","Darkstone Periapt","Toxic Egg 2","The Courier","Inserter","Molten Egg 2"],"potions_floor_usage":[23,25,27,33,36,39],"damage_taken":[{"damage":4.0,"enemies":"Small Slimes","floor":1.0,"turns":3.0},{"damage":1.0,"enemies":"Cultist","floor":2.0,"turns":4.0},{"damage":0.0,"enemies":"Jaw Worm","floor":3.0,"turns":3.0},{"damage":18.0,"enemies":"3 Sentries","floor":6.0,"turns":10.0},{"damage":0.0,"enemies":"Blue Slaver","floor":11.0,"turns":3.0},{"damage":3.0,"enemies":"Lagavulin","floor":12.0,"turns":9.0},{"damage":7.0,"enemies":"Gremlin Gang","floor":13.0,"turns":7.0},{"damage":1.0,"enemies":"Lots of Slimes","floor":14.0,"turns":2.0},{"damage":37.0,"enemies":"The Guardian","floor":16.0,"turns":16.0},{"damage":0.0,"enemies":"3 Byrds","floor":18.0,"turns":4.0},{"damage":2.0,"enemies":"Shell Parasite","floor":21.0,"turns":6.0},{"damage":0.0,"enemies":"3 Cultists","floor":22.0,"turns":5.0},{"damage":21,"enemies":"Gremlin Leader","floor":23,"turns":9},{"damage":25,"enemies":"Book of Stabbing","floor":25,"turns":7},{"damage":32,"enemies":"Gremlin Leader","floor":27,"turns":7},{"damage":37,"enemies":"Automaton","floor":33,"turns":12},{"damage":0,"enemies":"3 Shapes","floor":35,"turns":4},{"damage":55,"enemies":"3 Darklings","floor":36,"turns":5},{"damage":26,"enemies":"4 Shapes","floor":39,"turns":2}],"seed_played":"5455923507890852507","potions_obtained":[{"floor":1.0,"key":"FearPotion"},{"floor":3.0,"key":"Poison Potion"},{"floor":12.0,"key":"Regen Potion"},{"floor":14.0,"key":"Strength Potion"},{"floor":25,"key":"Swift Potion"},{"floor":27,"key":"Fire Potion"},{"floor":33,"key":"EntropicBrew"}],"is_trial":false,"path_per_floor":["M","M","M","?","?","E","R","$","T","R","M","E","M","M","R","B",null,"M","$","?","M","M","E","R","E","T","E","R","?","R","?","R","B",null,"M","M","?","$"],"character_chosen":"DEFECT","items_purchased":["Self Repair","Capacitor","Leap","Ball Lightning","Steam+1","Molten Egg 2"],"campfire_rested":1,"item_purchase_floors":[],"current_hp_per_floor":[60,59,59,59,59,41,41,41,41,41,48,52,54,62,62,34,62,71,71,71,71,71,57,57,54,54,24,45,59,59,59,59,31,61,70,23,23,23,0],"gold":39,"neow_bonus":"","is_prod":false,"is_daily":false,"chose_seed":false,"campfire_upgraded":6,"win_rate":0,"timestamp":1530307547,"path_taken":["M","M","M","?","?","E","R","$","T","R","?","E","M","M","R","BOSS","M","$","?","M","M","E","R","E","T","E","R","?","R","?","R","BOSS","M","M","?","$","M"],"build_version":"2018-06-28","purchased_purges":3,"victory":false,"max_hp_per_floor":[71,71,71,71,71,71,71,71,71,71,71,71,71,71,71,71,71,71,71,71,71,71,71,71,71,71,71,71,71,71,71,71,71,71,71,71,71,71,71],"card_choices":[{"not_picked":["Stack","Melter"],"picked":"BootSequence","floor":1.0},{"not_picked":["Turbo","Beam Cell"],"picked":"Conserve Battery","floor":2.0},{"not_picked":["Aggregate","Stack"],"picked":"Steam","floor":3.0},{"not_picked":["Sunder","Stack"],"picked":"Glacier","floor":6.0},{"not_picked":["Streamline","Coolheaded"],"picked":"Conserve Battery","floor":11.0},{"not_picked":["Doom and Gloom","Scrape","Undo"],"picked":"SKIP","floor":12.0},{"not_picked":["Turbo","Auto Shields"],"picked":"Sweeping Beam","floor":13.0},{"not_picked":["Redo","Blizzard"],"picked":"Leap","floor":14.0},{"not_picked":["Amplify","Creative AI"],"picked":"Biased Cognition","floor":16.0},{"not_picked":["Sweeping Beam","Streamline"],"picked":"Ball Lightning","floor":18.0},{"not_picked":["Sweeping Beam+1","Barrage"],"picked":"Ball Lightning","floor":21.0},{"not_picked":["Steam","Barrage"],"picked":"Hologram","floor":22.0},{"not_picked":["Streamline","Steam Power"],"picked":"Coolheaded","floor":23},{"not_picked":["Streamline","Coolheaded"],"picked":"Ball Lightning","floor":25},{"not_picked":["Streamline","Hyperbeam"],"picked":"Cold Snap","floor":27},{"not_picked":["Rainbow+1","Thunder Strike"],"picked":"Echo Form","floor":33},{"not_picked":["Cold Snap","Sweeping Beam","Streamline"],"picked":"SKIP","floor":35},{"not_picked":["Rebound","Double Energy+1"],"picked":"Coolheaded+1","floor":36}],"player_experience":627211,"relics_obtained":[{"floor":6.0,"key":"Cables"},{"floor":9.0,"key":"War Paint"},{"floor":12.0,"key":"Blood Vial"},{"floor":23,"key":"Orichalcum"},{"floor":25,"key":"Darkstone Periapt"},{"floor":26,"key":"Toxic Egg 2"},{"floor":27,"key":"The Courier"}],"event_choices":[{"event_name":"Transmorgrifier","player_choice":"Transform","floor":4.0,"damage_taken":0.0},{"event_name":"Golden Idol","player_choice":"Take Wound","floor":5.0,"damage_taken":0.0},{"event_name":"Cursed Tome","player_choice":"Ignored","floor":20.0,"damage_taken":0.0},{"event_name":"The Library","player_choice":"Heal","floor":29,"damage_taken":0},{"event_name":"The Joust","player_choice":"Bet on Murderer","floor":31,"damage_taken":0},{"event_name":"Mysterious Sphere","player_choice":"Ignore","floor":37,"damage_taken":0}],"boss_relics":[{"not_picked":["Coffee Dripper","White Beast Statue"],"picked":"Nuclear Battery"},{"not_picked":["Empty Cage","Busted Crown"],"picked":"Inserter"}],"items_purged_floors":[],"is_endless":false,"potions_floor_spawned":[1,3,12,14,25,27,33],"killed_by":"4 Shapes","ascension_level":15}