{"gold_per_floor":[111,111,15,15,34,34,34,34,34,44,72,72,92,150,150,150],"floor_reached":16,"playtime":490,"items_purged":[],"score":98,"play_id":"dc6a9146-1bd9-4b1b-9f49-5bd4433be315","local_time":"20190121043517","is_ascension_mode":false,"campfire_choices":[{"data":"Dualcast","floor":6.0,"key":"SMITH"},{"data":"Scrape","floor":12,"key":"SMITH"},{"floor":15,"key":"REST"}],"neow_cost":"NONE","seed_source_timestamp":355756950304220,"circlet_count":0,"master_deck":["Strike_B+1","Strike_B","Strike_B+1","Defend_B","Defend_B","Defend_B","Defend_B","Zap+1","Dualcast+1","Gash","Gash","Scrape+1","Steam","Beam Cell","Turbo"],"special_seed":0,"relics":["Cracked Core","Girya","Blue Candle","Ginger"],"potions_floor_usage":[14,14],"damage_taken":[{"damage":6.0,"enemies":"Jaw Worm","floor":1.0,"turns":3.0},{"damage":0.0,"enemies":"2 Louse","floor":5.0,"turns":2.0},{"damage":0,"enemies":"Small Slimes","floor":10,"turns":2},{"damage":19,"enemies":"3 Sentries","floor":11,"turns":6},{"damage":7,"enemies":"Exordium Wildlife","floor":13,"turns":3},{"damage":8,"enemies":"Gremlin Nob","floor":14,"turns":3},{"damage":43,"enemies":"Slime Boss","floor":16,"turns":8}],"seed_played":"-4721207613367390907","potions_obtained":[{"floor":11,"key":"Poison Potion"},{"floor":13,"key":"Strength Potion"},{"floor":14,"key":"Strength Potion"}],"is_trial":false,"path_per_floor":["M","?","$","?","M","R","?","?","T","M","E","R","M","?","R","B"],"character_chosen":"DEFECT","items_purchased":["Gash","Scrape"],"campfire_rested":1,"item_purchase_floors":[3,3],"current_hp_per_floor":[69,62,62,62,62,62,67,51,51,51,32,32,25,17,41,0],"gold":150,"neow_bonus":"UPGRADE_CARD","is_prod":false,"is_daily":false,"chose_seed":false,"campfire_upgraded":2,"win_rate":0,"timestamp":1548041717,"path_taken":["M","?","$","?","M","R","?","?","T","M","E","R","?","?","R","BOSS"],"build_version":"2019-01-17v2","purchased_purges":0,"victory":false,"max_hp_per_floor":[75,75,75,75,75,75,80,80,80,80,80,80,80,80,80,80],"card_choices":[{"not_picked":["Sweeping Beam","Hologram"],"picked":"Gash","floor":1.0},{"not_picked":["Static Discharge","Compile Driver","Auto Shields"],"picked":"SKIP","floor":5.0},{"not_picked":["Melter","Leap"],"picked":"Steam","floor":10},{"not_picked":["Coolheaded","Conserve Battery"],"picked":"Beam Cell","floor":11},{"not_picked":["Chaos","Recycle","Cold Snap"],"picked":"SKIP","floor":13},{"not_picked":["Self Repair","Recycle"],"picked":"Turbo","floor":14}],"player_experience":521693,"relics_obtained":[{"floor":9,"key":"Girya"},{"floor":11,"key":"Blue Candle"},{"floor":14,"key":"Ginger"}],"event_choices":[{"cards_removed":["Strike_B"],"damage_healed":0.0,"max_hp_gain":0.0,"max_hp_loss":0.0,"gold_gain":0.0,"event_name":"Golden Wing","player_choice":"Card Removal","floor":2.0,"gold_loss":0.0,"damage_taken":7.0},{"damage_healed":0.0,"max_hp_gain":0.0,"max_hp_loss":0.0,"gold_gain":0.0,"event_name":"The Cleric","player_choice":"Leave","floor":4.0,"gold_loss":0.0,"damage_taken":0.0},{"damage_healed":0,"gold_gain":0,"player_choice":"Donut","damage_taken":0,"max_hp_gain":5,"max_hp_loss":0,"event_name":"Big Fish","floor":7,"gold_loss":0},{"damage_healed":0,"gold_gain":0,"player_choice":"Entered Light","damage_taken":16,"max_hp_gain":0,"max_hp_loss":0,"event_name":"Shining Light","floor":8,"gold_loss":0,"cards_upgraded":["Strike_B","Strike_B"]},{"damage_healed":0,"gold_gain":30,"player_choice":"Searched \u00273\u0027 times","damage_taken":0,"max_hp_gain":0,"max_hp_loss":0,"event_name":"Dead Adventurer","floor":14,"gold_loss":0}],"is_beta":false,"boss_relics":[],"items_purged_floors":[],"is_endless":false,"potions_floor_spawned":[11,13,14],"killed_by":"Slime Boss","ascension_level":0}