{"gold_per_floor":[366,366,386,34,0,0,59,104,181,181,267,74,155,200,200,302,302,371,31,31,74,114,143,143,220,271,333,333,397,397,455,455,529,529,569,79,115,115,208,208,264,264,319,344,382,394,394,394,394,394,419,419,419,93,169,169],"floor_reached":57,"playtime":4619,"items_purged":["Strike_B","Strike_B","Strike_B","Regret"],"score":3385,"play_id":"84a9d3a1-d7d3-4148-83f9-cfd1a86223d2","local_time":"20190309215732","is_ascension_mode":true,"campfire_choices":[{"data":"HandOfGreed","floor":6.0,"key":"SMITH"},{"data":"Beam Cell","floor":10.0,"key":"SMITH"},{"data":"Go for the Eyes","floor":15.0,"key":"SMITH"},{"data":"Barrage","floor":24.0,"key":"SMITH"},{"data":"Coolheaded","floor":28.0,"key":"SMITH"},{"data":"Seek","floor":30.0,"key":"SMITH"},{"data":"Hologram","floor":32.0,"key":"SMITH"},{"data":"Fission","floor":40.0,"key":"SMITH"},{"data":"Heatsinks","floor":42.0,"key":"SMITH"},{"floor":49.0,"key":"RECALL"},{"data":"Discovery","floor":53.0,"key":"SMITH"}],"neow_cost":"CURSE","seed_source_timestamp":0,"circlet_count":0,"master_deck":["AscendersBane","Strike_B","Defend_B","Defend_B","Defend_B","Zap","Dualcast","Conserve Battery","Beam Cell+1","HandOfGreed+1","Self Repair","Capacitor","Chill","Undo","Go for the Eyes+1","Barrage+1","Seek+1","Hologram+1","Coolheaded+1","Core Surge","Turbo","Fission+1","Heatsinks+1","Apotheosis","White Noise","Buffer","Discovery+1","Master of Strategy","Impatience","Amplify"],"special_seed":0,"relics":["Cracked Core","Oddly Smooth Stone","Kunai","Pantograph","Runic Dome","Anchor","Vajra","Blood Vial","Centennial Puzzle","Bottled Flame","Cursed Key","Cables","Symbiotic Virus","Molten Egg 2","Lantern"],"potions_floor_usage":[56],"damage_taken":[{"damage":9.0,"enemies":"Jaw Worm","floor":1.0,"turns":3.0},{"damage":3.0,"enemies":"2 Louse","floor":3.0,"turns":4.0},{"damage":23.0,"enemies":"Lagavulin","floor":7.0,"turns":6.0},{"damage":0.0,"enemies":"Cultist","floor":8.0,"turns":3.0},{"damage":16.0,"enemies":"Lots of Slimes","floor":11.0,"turns":8.0},{"damage":16.0,"enemies":"3 Sentries","floor":13.0,"turns":12.0},{"damage":0.0,"enemies":"Red Slaver","floor":14.0,"turns":1.0},{"damage":6.0,"enemies":"The Guardian","floor":16.0,"turns":12.0},{"damage":0.0,"enemies":"2 Thieves","floor":18.0,"turns":4.0},{"damage":0.0,"enemies":"Shell Parasite","floor":21.0,"turns":6.0},{"damage":11.0,"enemies":"Snake Plant","floor":22.0,"turns":5.0},{"damage":16.0,"enemies":"Gremlin Leader","floor":23.0,"turns":5.0},{"damage":19.0,"enemies":"Slavers","floor":25.0,"turns":7.0},{"damage":0.0,"enemies":"Cultist and Chosen","floor":27.0,"turns":7.0},{"damage":6.0,"enemies":"Shelled Parasite and Fungi","floor":29.0,"turns":5.0},{"damage":8.0,"enemies":"Book of Stabbing","floor":31.0,"turns":4.0},{"damage":0.0,"enemies":"Champ","floor":33.0,"turns":14.0},{"damage":11.0,"enemies":"Orb Walker","floor":35.0,"turns":4.0},{"damage":0.0,"enemies":"3 Darklings","floor":37.0,"turns":3.0},{"damage":12.0,"enemies":"Sphere and 2 Shapes","floor":39.0,"turns":5.0},{"damage":0.0,"enemies":"Giant Head","floor":41.0,"turns":7.0},{"damage":4.0,"enemies":"Reptomancer","floor":44.0,"turns":8.0},{"damage":0.0,"enemies":"Maw","floor":45.0,"turns":5.0},{"damage":7.0,"enemies":"Spire Growth","floor":46.0,"turns":4.0},{"damage":10.0,"enemies":"Time Eater","floor":50.0,"turns":20.0},{"damage":9.0,"enemies":"Awakened One","floor":51.0,"turns":16.0},{"damage":33.0,"enemies":"Shield and Spear","floor":55.0,"turns":8.0},{"damage":63,"enemies":"The Heart","floor":56,"turns":13}],"seed_played":"1189096831444953011","potions_obtained":[{"floor":8.0,"key":"Dexterity Potion"},{"floor":11.0,"key":"Strength Potion"},{"floor":13.0,"key":"AttackPotion"},{"floor":14.0,"key":"EssenceOfSteel"},{"floor":16.0,"key":"Fire Potion"},{"floor":20.0,"key":"SteroidPotion"},{"floor":20.0,"key":"SteroidPotion"},{"floor":25.0,"key":"PowerPotion"},{"floor":33.0,"key":"Poison Potion"},{"floor":41.0,"key":"Strength Potion"},{"floor":44.0,"key":"Dexterity Potion"},{"floor":46.0,"key":"FearPotion"}],"is_trial":false,"path_per_floor":["M","?","M","$","?","R","E","M","T","R","M","$","E","M","R","B",null,"M","$","?","M","M","E","R","E","T","M","R","M","R","E","R","B",null,"M","$","M","$","M","R","E","R","T","E","M","M","?","?","R","B","B",null,"R","$","E","B",null],"character_chosen":"DEFECT","items_purchased":["HandOfGreed","Self Repair","Undo","Go for the Eyes","Coolheaded","Anchor","Apotheosis","Cables","Amplify"],"campfire_rested":0,"item_purchase_floors":[4,4,12,12,19,19,36,36,54],"current_hp_per_floor":[55,48,45,45,45,45,29,36,36,36,27,27,18,18,18,44,64,71,71,71,71,67,58,58,39,39,48,48,51,51,52,52,71,71,67,67,71,71,66,66,71,71,71,71,71,71,71,61,61,71,62,69,69,69,45,8],"gold":169,"neow_bonus":"TWO_FIFTY_GOLD","is_prod":false,"is_daily":false,"chose_seed":false,"campfire_upgraded":10,"win_rate":0,"timestamp":1552139852,"path_taken":["M","?","M","$","?","R","E","M","T","R","M","$","E","M","R","BOSS","M","$","?","M","?","E","R","E","T","M","R","?","R","E","R","BOSS","M","$","M","?","M","R","E","R","T","E","M","M","?","?","R","BOSS","BOSS","R","$","E","BOSS"],"build_version":"2019-01-23","purchased_purges":4,"victory":true,"max_hp_per_floor":[71,71,71,71,71,71,71,71,71,71,71,71,71,71,71,71,71,71,71,71,71,71,71,71,71,71,71,71,71,71,71,71,71,71,71,71,71,71,71,71,71,71,71,71,71,71,71,71,71,71,71,71,71,71,71,71],"card_choices":[{"not_picked":["Rebound","Leap"],"picked":"Conserve Battery","floor":1.0},{"not_picked":["Recycle","Steam"],"picked":"Beam Cell","floor":3.0},{"not_picked":["Rainbow","Storm","Genetic Algorithm"],"picked":"SKIP","floor":7.0},{"not_picked":["Stack","Conserve Battery","Capacitor"],"picked":"SKIP","floor":8.0},{"not_picked":["Stack","Conserve Battery"],"picked":"Capacitor","floor":8.0},{"not_picked":["Streamline","Leap"],"picked":"Chill","floor":11.0},{"not_picked":["Conserve Battery","Compile Driver"],"picked":"Barrage","floor":13.0},{"not_picked":["Barrage","Rebound","Ball Lightning"],"picked":"SKIP","floor":14.0},{"not_picked":["Rainbow","Hyperbeam"],"picked":"Seek","floor":16.0},{"not_picked":["Steam","Gash+1"],"picked":"Hologram","floor":18.0},{"not_picked":["Hologram","Cold Snap","Doom and Gloom+1"],"picked":"SKIP","floor":21.0},{"not_picked":["Redo","Tempest","Compile Driver"],"picked":"SKIP","floor":22.0},{"not_picked":["Sweeping Beam","Sunder"],"picked":"Core Surge","floor":23.0},{"not_picked":["Coolheaded","Static Discharge","Doom and Gloom"],"picked":"SKIP","floor":25.0},{"not_picked":["Static Discharge","Cold Snap"],"picked":"Turbo","floor":27.0},{"not_picked":["Compile Driver","Reprogram","Go for the Eyes"],"picked":"SKIP","floor":29.0},{"not_picked":["Steam","Reprogram","Darkness"],"picked":"SKIP","floor":31.0},{"not_picked":["Steam","Reprogram","Darkness"],"picked":"SKIP","floor":31.0},{"not_picked":["Hyperbeam","Multi-Cast"],"picked":"Fission","floor":33.0},{"not_picked":["Streamline","Cold Snap"],"picked":"Heatsinks","floor":35.0},{"not_picked":["Rip and Tear","Compile Driver"],"picked":"White Noise","floor":37.0},{"not_picked":["Coolheaded","Redo","Go for the Eyes"],"picked":"SKIP","floor":39.0},{"not_picked":["Blizzard+1","BootSequence","Hologram+1"],"picked":"SKIP","floor":41.0},{"not_picked":["Compile Driver","Go for the Eyes"],"picked":"Buffer","floor":44.0},{"not_picked":["Stack+1","Storm","Double Energy"],"picked":"SKIP","floor":45.0},{"not_picked":["Hello World","Gash+1","Streamline+1"],"picked":"SKIP","floor":46.0},{"not_picked":["Mind Blast+1","Forethought"],"picked":"Discovery","floor":48.0},{"not_picked":["Secret Weapon","Good Instincts"],"picked":"Master of Strategy","floor":48.0},{"not_picked":["Jack Of All Trades","Trip"],"picked":"Impatience","floor":48.0},{"not_picked":["Hologram+1","Rebound+1","Turbo+1"],"picked":"SKIP","floor":55.0}],"player_experience":2767346,"relics_obtained":[{"floor":7.0,"key":"Oddly Smooth Stone"},{"floor":9.0,"key":"Kunai"},{"floor":13.0,"key":"Pantograph"},{"floor":23.0,"key":"Vajra"},{"floor":25.0,"key":"Blood Vial"},{"floor":26.0,"key":"Centennial Puzzle"},{"floor":31.0,"key":"Bottled Flame"},{"floor":41.0,"key":"Symbiotic Virus"},{"floor":44.0,"key":"Molten Egg 2"},{"floor":55.0,"key":"Lantern"}],"event_choices":[{"cards_removed":["Injury"],"damage_healed":0.0,"max_hp_gain":0.0,"max_hp_loss":0.0,"gold_gain":0.0,"event_name":"Golden Wing","player_choice":"Card Removal","floor":2.0,"gold_loss":0.0,"damage_taken":7.0},{"damage_healed":0.0,"max_hp_gain":0.0,"max_hp_loss":0.0,"gold_gain":0.0,"event_name":"World of Goop","player_choice":"Left Gold","floor":5.0,"gold_loss":34.0,"damage_taken":0.0},{"damage_healed":0.0,"max_hp_gain":0.0,"max_hp_loss":0.0,"gold_gain":0.0,"event_name":"Lab","player_choice":"Got Potions","floor":20.0,"gold_loss":0.0,"damage_taken":0.0},{"cards_removed":["Defend_B"],"damage_healed":0.0,"max_hp_gain":0.0,"max_hp_loss":0.0,"gold_gain":0.0,"event_name":"Falling","player_choice":"Removed Skill","floor":47.0,"gold_loss":0.0,"damage_taken":0.0},{"damage_healed":0.0,"max_hp_gain":0.0,"max_hp_loss":0.0,"gold_gain":0.0,"event_name":"SensoryStone","player_choice":"Memory 3","floor":48.0,"gold_loss":0.0,"damage_taken":10.0}],"is_beta":false,"boss_relics":[{"not_picked":["Velvet Choker","Calling Bell"],"picked":"Runic Dome"},{"not_picked":["Lizard Tail","Snecko Eye"],"picked":"Cursed Key"}],"items_purged_floors":[4,12,19,54],"is_endless":false,"potions_floor_spawned":[8,11,13,14,16,22,25,33,41,44,46],"ascension_level":20}