{"gold_per_floor":[119,169,94,112,132,161,161,181,226,226,72,83,94,125,125,203,203,218,218,235,247,264,264,276,276,325,337,374,402,414,437,449,461],"floor_reached":33,"playtime":1619,"items_purged":["Regret"],"score":492,"play_id":"06c7841d-0ff5-4b8c-ad7f-224b59e16853","local_time":"20181206113606","is_ascension_mode":true,"campfire_choices":[{"data":"Neutralize","floor":7.0,"key":"SMITH"},{"data":"Terror","floor":10.0,"key":"SMITH"},{"floor":15.0,"key":"REST"},{"floor":23.0,"key":"REST"},{"floor":25.0,"key":"REST"},{"floor":27.0,"key":"RECALL"},{"floor":32,"key":"REST"}],"neow_cost":"CURSE","seed_source_timestamp":12725867068746,"circlet_count":0,"master_deck":["AscendersBane","Defend_G","Defend_G","Defend_G","Defend_G","Defend_G","Strike_G","Strike_G","Strike_G","Survivor","Neutralize+1","Riddle With Holes","Poisoned Stab","Deflect","Terror+1","Noxious Fumes+1","Leg Sweep","Dodge and Roll","Footwork","Die Die Die","Acrobatics","Well Laid Plans","Backflip","Noxious Fumes","Dash","Blur","Backflip","Dash","PiercingWail"],"special_seed":0,"relics":["Ring of the Snake","Unceasing Top","Question Card","Blood Vial","Orichalcum","Fusion Hammer","MawBank","The Courier"],"potions_floor_usage":[28,28,28,33,33],"damage_taken":[{"damage":3.0,"enemies":"2 Louse","floor":1.0,"turns":5.0},{"damage":1.0,"enemies":"Cultist","floor":4.0,"turns":4.0},{"damage":0.0,"enemies":"Small Slimes","floor":5.0,"turns":3.0},{"damage":21.0,"enemies":"3 Sentries","floor":6.0,"turns":10.0},{"damage":0.0,"enemies":"Exordium Wildlife","floor":8.0,"turns":2.0},{"damage":7.0,"enemies":"3 Louse","floor":12.0,"turns":4.0},{"damage":5.0,"enemies":"Gremlin Gang","floor":13.0,"turns":6.0},{"damage":23.0,"enemies":"Gremlin Nob","floor":14.0,"turns":4.0},{"damage":26.0,"enemies":"Hexaghost","floor":16.0,"turns":13.0},{"damage":6.0,"enemies":"Chosen","floor":18.0,"turns":5.0},{"damage":9.0,"enemies":"Spheric Guardian","floor":20.0,"turns":7.0},{"damage":13.0,"enemies":"Snake Plant","floor":21.0,"turns":6.0},{"damage":0.0,"enemies":"Centurion and Healer","floor":22.0,"turns":7.0},{"damage":3.0,"enemies":"Snecko","floor":24.0,"turns":9.0},{"damage":16,"enemies":"Gremlin Leader","floor":28,"turns":9},{"damage":22,"enemies":"Shelled Parasite and Fungi","floor":29,"turns":7},{"damage":18,"enemies":"Sentry and Sphere","floor":31,"turns":7},{"damage":45,"enemies":"Collector","floor":33,"turns":6}],"seed_played":"-7536618762634401321","potions_obtained":[{"floor":4.0,"key":"GhostInAJar"},{"floor":6.0,"key":"AttackPotion"},{"floor":8.0,"key":"Ancient Potion"},{"floor":13.0,"key":"Energy Potion"},{"floor":14.0,"key":"Fruit Juice"},{"floor":18.0,"key":"SkillPotion"},{"floor":21.0,"key":"EntropicBrew"},{"floor":29,"key":"Energy Potion"}],"is_trial":false,"path_per_floor":["M","?","$","M","M","E","R","M","T","R","$","M","M","E","R","B",null,"M","?","M","M","M","R","M","R","T","R","E","M","?","M","R","B"],"character_chosen":"THE_SILENT","items_purchased":["Noxious Fumes","Leg Sweep"],"campfire_rested":4,"item_purchase_floors":[11,11],"current_hp_per_floor":[56,56,56,55,55,34,34,34,34,34,34,29,26,5,31,7,55,51,51,44,33,35,56,55,71,71,71,55,35,35,19,40,0],"gold":461,"neow_bonus":"ONE_RARE_RELIC","is_prod":false,"is_daily":false,"chose_seed":false,"campfire_upgraded":2,"win_rate":0,"timestamp":1544124966,"path_taken":["M","?","$","M","M","E","R","M","T","R","?","M","M","E","R","BOSS","M","?","M","M","?","R","M","R","T","R","E","M","?","M","R","BOSS"],"build_version":"2018-11-15","purchased_purges":1,"victory":false,"max_hp_per_floor":[66,66,66,66,66,66,66,66,66,66,66,66,66,66,71,71,71,71,71,71,71,71,71,71,71,71,71,71,71,71,71,71,71],"card_choices":[{"not_picked":["Flying Knee","Cloak And Dagger"],"picked":"Riddle With Holes","floor":1.0},{"not_picked":["Acrobatics","Masterful Stab"],"picked":"Poisoned Stab","floor":4.0},{"not_picked":["Outmaneuver","Bouncing Flask"],"picked":"Deflect","floor":5.0},{"not_picked":["Storm of Steel","Blade Dance","Skewer"],"picked":"SKIP","floor":6.0},{"not_picked":["Sucker Punch","Blade Dance","Endless Agony"],"picked":"Terror","floor":8.0},{"not_picked":["Backflip","Deadly Poison","Dagger Spray"],"picked":"Dodge and Roll","floor":12.0},{"not_picked":["Distraction","Flechettes","Outmaneuver","Deflect"],"picked":"SKIP","floor":13.0},{"not_picked":["Masterful Stab","Eviscerate","Endless Agony"],"picked":"Footwork","floor":14.0},{"not_picked":["Venomology","Storm of Steel","Glass Knife"],"picked":"Die Die Die","floor":16.0},{"not_picked":["Bane","Calculated Gamble","Blade Dance"],"picked":"Acrobatics","floor":18.0},{"not_picked":["Outmaneuver","Dagger Spray","Underhanded Strike","Flying Knee+1"],"picked":"SKIP","floor":20.0},{"not_picked":["Envenom","Slice","Accuracy"],"picked":"Well Laid Plans","floor":21.0},{"not_picked":["Poisoned Stab","Deadly Poison","Blade Dance"],"picked":"Backflip","floor":22.0},{"not_picked":["Expertise","PiercingWail","Riddle With Holes+1"],"picked":"Noxious Fumes","floor":24.0},{"not_picked":["Sucker Punch","A Thousand Cuts","Dagger Throw"],"picked":"Dash","floor":28},{"not_picked":["Flechettes","Outmaneuver","Dagger Throw"],"picked":"Blur","floor":29},{"not_picked":["Reflex+1","Sucker Punch","Noxious Fumes"],"picked":"PiercingWail","floor":31}],"player_experience":1738060,"relics_obtained":[{"floor":6.0,"key":"Question Card"},{"floor":9.0,"key":"Blood Vial"},{"floor":14.0,"key":"Orichalcum"},{"floor":26.0,"key":"MawBank"},{"floor":28,"key":"The Courier"}],"event_choices":[{"damage_healed":0.0,"max_hp_gain":0.0,"max_hp_loss":0.0,"gold_gain":50.0,"event_name":"Golden Shrine","player_choice":"Pray","floor":2.0,"gold_loss":0.0,"damage_taken":0.0},{"damage_healed":0.0,"max_hp_gain":0.0,"max_hp_loss":0.0,"gold_gain":0.0,"event_name":"Upgrade Shrine","player_choice":"Upgraded","floor":19.0,"gold_loss":0.0,"damage_taken":0.0,"cards_upgraded":["Noxious Fumes"]},{"damage_healed":0,"gold_gain":0,"cards_transformed":["Strike_G","Strike_G"],"player_choice":"Became Test Subject","damage_taken":0,"max_hp_gain":0,"max_hp_loss":0,"event_name":"Drug Dealer","floor":30,"gold_loss":0,"cards_obtained":["Backflip","Dash"]}],"is_beta":false,"boss_relics":[{"not_picked":["Calling Bell","Ring of the Serpent"],"picked":"Fusion Hammer"}],"items_purged_floors":[3],"is_endless":false,"potions_floor_spawned":[4,6,8,13,14,18,21,29],"killed_by":"Collector","ascension_level":15}