{"gold_per_floor":[118,2,81,81,91,124,142,152,152,75,35,35,65,81,81,81],"floor_reached":16,"playtime":453,"items_purged":["Strike_G"],"score":270,"play_id":"984656c9-e17f-46c1-bcfa-5b47a7852d25","local_time":"20181223223554","is_ascension_mode":true,"campfire_choices":[{"data":"Eviscerate","floor":12.0,"key":"SMITH"},{"data":"Calculated Gamble","floor":15,"key":"SMITH"}],"neow_cost":"NONE","seed_source_timestamp":6890324769933,"circlet_count":0,"master_deck":["AscendersBane","Defend_G","Defend_G","Defend_G","Defend_G","Defend_G","Strike_G","Strike_G","Strike_G","Survivor","Neutralize","Underhanded Strike","Eviscerate+1","Concentrate","Calculated Gamble+1","Calculated Gamble+1","Leg Sweep+1"],"special_seed":0,"relics":["Ring of the Snake","NeowsBlessing","Singing Bowl","Snake Skull","Toxic Egg 2","Torii"],"potions_floor_usage":[],"damage_taken":[{"damage":0.0,"enemies":"Cultist","floor":1.0,"turns":1.0},{"damage":0.0,"enemies":"Jaw Worm","floor":5.0,"turns":1.0},{"damage":0.0,"enemies":"3 Sentries","floor":6.0,"turns":1.0},{"damage":0.0,"enemies":"Small Slimes","floor":7.0,"turns":4.0},{"damage":7.0,"enemies":"Red Slaver","floor":8.0,"turns":4.0},{"damage":3.0,"enemies":"Looter","floor":11.0,"turns":4.0},{"damage":32,"enemies":"Gremlin Nob","floor":13,"turns":4},{"damage":0,"enemies":"3 Louse","floor":14,"turns":3},{"damage":9,"enemies":"Slime Boss","floor":16,"turns":7}],"seed_played":"-57072222335584265","potions_obtained":[{"floor":6.0,"key":"Fire Potion"},{"floor":13,"key":"Ancient Potion"}],"is_trial":false,"path_per_floor":["M","$","T","?","M","E","M","M","T","$","M","R","E","M","R","B"],"character_chosen":"THE_SILENT","items_purchased":["Eviscerate","Calculated Gamble+1"],"campfire_rested":0,"item_purchase_floors":[2,10],"current_hp_per_floor":[59,59,59,59,59,59,61,56,56,56,55,55,25,25,25,16],"gold":81,"neow_bonus":"THREE_ENEMY_KILL","is_prod":false,"is_daily":false,"chose_seed":false,"campfire_upgraded":2,"win_rate":0,"timestamp":1545575754,"path_taken":["M","$","?","?","M","E","?","M","T","$","M","R","E","M","R","BOSS"],"build_version":"2018-12-20","purchased_purges":1,"victory":false,"max_hp_per_floor":[66,66,66,66,66,66,68,70,70,70,72,72,74,74,74,74],"card_choices":[{"not_picked":["Slice","Crippling Poison"],"picked":"Underhanded Strike","floor":1.0},{"not_picked":["Blade Dance","Riddle With Holes"],"picked":"Concentrate","floor":5.0},{"not_picked":["Finisher","Catalyst"],"picked":"Calculated Gamble","floor":6.0},{"not_picked":["Cloak And Dagger","Infinite Blades","Blade Dance"],"picked":"Singing Bowl","floor":7.0},{"not_picked":["Cloak And Dagger","Heel Hook","Poisoned Stab"],"picked":"Singing Bowl","floor":8.0},{"not_picked":["Slice","Caltrops","Bane"],"picked":"Singing Bowl","floor":11.0},{"not_picked":["Eviscerate","Glass Knife","Bouncing Flask+1"],"picked":"Singing Bowl","floor":13},{"not_picked":["Sucker Punch","Backstab"],"picked":"Leg Sweep+1","floor":14}],"player_experience":2415501,"relics_obtained":[{"floor":3.0,"key":"Singing Bowl"},{"floor":6.0,"key":"Snake Skull"},{"floor":9.0,"key":"Toxic Egg 2"},{"floor":13,"key":"Torii"}],"event_choices":[{"cards_removed":["Strike_G"],"damage_healed":0.0,"max_hp_gain":0.0,"max_hp_loss":0.0,"gold_gain":0.0,"event_name":"Purifier","player_choice":"Purged","floor":4.0,"gold_loss":0.0,"damage_taken":0.0}],"is_beta":false,"boss_relics":[],"items_purged_floors":[2],"is_endless":false,"potions_floor_spawned":[6,13],"killed_by":"Slime Boss","ascension_level":20}