{"gold_per_floor":[119,119,119,134,134,134,169,169,196,213,231,266,286,315,315,389,389,408,408,408],"floor_reached":20,"playtime":910,"items_purged":[],"score":319,"play_id":"da683520-2315-456b-81d9-b6e3a7f7b2e1","local_time":"20190102115523","is_ascension_mode":true,"campfire_choices":[{"data":"Dualcast","floor":6.0,"key":"SMITH"},{"floor":8.0,"key":"REST"},{"floor":15,"key":"REST"}],"neow_cost":"NONE","seed_source_timestamp":11651405057550,"circlet_count":0,"master_deck":["AscendersBane","Zap+1","Dualcast+1","Capacitor","Genetic Algorithm+1","Coolheaded","Cold Snap","Sweeping Beam","Undo","Compile Driver","Defragment","Recycle","Biased Cognition","Glacier","Self Repair","Capacitor","Melter","Echo Form","Self Repair","Self Repair","Beam Cell+1","Cold Snap","Gash"],"special_seed":0,"relics":["Cracked Core","Dream Catcher","Pen Nib","Omamori","Question Card","Odd Mushroom","Pandora\u0027s Box"],"potions_floor_usage":[16,20],"damage_taken":[{"damage":0.0,"enemies":"Cultist","floor":1.0,"turns":3.0},{"damage":0.0,"enemies":"2 Louse","floor":4.0,"turns":2.0},{"damage":40.0,"enemies":"Gremlin Nob","floor":7.0,"turns":6.0},{"damage":14.0,"enemies":"Small Slimes","floor":10.0,"turns":4.0},{"damage":3.0,"enemies":"Exordium Thugs","floor":11.0,"turns":6.0},{"damage":4.0,"enemies":"3 Sentries","floor":12.0,"turns":7.0},{"damage":0,"enemies":"2 Fungi Beasts","floor":13,"turns":3},{"damage":16,"enemies":"The Mushroom Lair","floor":14,"turns":4},{"damage":14,"enemies":"Slime Boss","floor":16,"turns":8},{"damage":0,"enemies":"Spheric Guardian","floor":18,"turns":4},{"damage":57,"enemies":"Colosseum Slavers","floor":20,"turns":7},{"damage":43,"enemies":"Colosseum Nobs","floor":20,"turns":4}],"seed_played":"-2856689295753144457","potions_obtained":[{"floor":3.0,"key":"SkillPotion"},{"floor":3.0,"key":"Block Potion"},{"floor":10.0,"key":"Strength Potion"},{"floor":13,"key":"Strength Potion"},{"floor":18,"key":"Explosive Potion"}],"is_trial":false,"path_per_floor":["M","?","?","M","?","R","E","R","T","M","M","E","M","?","R","B",null,"M","?","?"],"character_chosen":"DEFECT","items_purchased":[],"campfire_rested":2,"item_purchase_floors":[],"current_hp_per_floor":[64,64,64,64,64,64,24,45,45,31,28,24,24,8,29,15,57,64,64,0],"gold":408,"neow_bonus":"RANDOM_COMMON_RELIC","is_prod":false,"is_daily":false,"chose_seed":false,"campfire_upgraded":1,"win_rate":0,"timestamp":1546458923,"path_taken":["M","?","?","?","?","R","E","R","T","M","?","E","M","?","R","BOSS","M","?","?"],"build_version":"2018-12-20","purchased_purges":0,"victory":false,"max_hp_per_floor":[71,71,71,71,71,71,71,71,71,71,71,71,71,71,71,71,71,71,71,71],"card_choices":[{"not_picked":["Steam","Tempest"],"picked":"Capacitor","floor":1.0},{"not_picked":["Recycle","Rebound"],"picked":"Genetic Algorithm","floor":4.0},{"not_picked":["Fusion","Reprogram"],"picked":"Coolheaded","floor":7.0},{"not_picked":["Consume","Leap"],"picked":"Chaos","floor":8.0},{"not_picked":["Stack","Beam Cell"],"picked":"Cold Snap","floor":10.0},{"not_picked":["Steam","Stack"],"picked":"Sweeping Beam","floor":11.0},{"not_picked":["Storm","Reprogram"],"picked":"Undo","floor":12.0},{"not_picked":["Static Discharge","Coolheaded","Melter"],"picked":"Compile Driver","floor":13},{"not_picked":["Hello World","Steam","Barrage"],"picked":"Defragment","floor":14},{"not_picked":["Melter","Compile Driver","Machine Learning"],"picked":"Recycle","floor":15},{"not_picked":["Meteor Strike","Echo Form","Multi-Cast"],"picked":"Biased Cognition","floor":16},{"not_picked":["Gash","Genetic Algorithm","Sweeping Beam"],"picked":"Beam Cell+1","floor":18}],"player_experience":1928374,"relics_obtained":[{"floor":7.0,"key":"Pen Nib"},{"floor":9.0,"key":"Omamori"},{"floor":12.0,"key":"Question Card"},{"floor":14,"key":"Odd Mushroom"}],"event_choices":[{"damage_healed":0.0,"max_hp_gain":0.0,"max_hp_loss":0.0,"gold_gain":0.0,"event_name":"Living Wall","player_choice":"Grow","floor":2.0,"gold_loss":0.0,"damage_taken":0.0,"cards_upgraded":["Zap"]},{"damage_healed":0.0,"max_hp_gain":0.0,"max_hp_loss":0.0,"gold_gain":0.0,"event_name":"Lab","player_choice":"Got Potions","floor":3.0,"gold_loss":0.0,"damage_taken":0.0},{"damage_healed":0.0,"max_hp_gain":0.0,"max_hp_loss":0.0,"gold_gain":0.0,"event_name":"Upgrade Shrine","player_choice":"Upgraded","floor":5.0,"gold_loss":0.0,"damage_taken":0.0,"cards_upgraded":["Genetic Algorithm"]},{"damage_healed":0,"gold_gain":0,"player_choice":"Fought Mushrooms","damage_taken":0,"max_hp_gain":0,"max_hp_loss":0,"event_name":"Mushrooms","floor":14,"gold_loss":0},{"damage_healed":0,"gold_gain":0,"cards_transformed":["Chaos","Self Repair"],"player_choice":"Became Test Subject","damage_taken":0,"max_hp_gain":0,"max_hp_loss":0,"event_name":"Drug Dealer","floor":19,"gold_loss":0,"cards_obtained":["Cold Snap","Gash"]},{"damage_healed":0,"gold_gain":0,"player_choice":"Fight","damage_taken":0,"max_hp_gain":0,"max_hp_loss":0,"event_name":"Colosseum","floor":20,"gold_loss":0},{"damage_healed":0,"gold_gain":0,"player_choice":"Fought Nobs","damage_taken":0,"max_hp_gain":0,"max_hp_loss":0,"event_name":"Colosseum","floor":20,"gold_loss":0}],"is_beta":false,"boss_relics":[{"not_picked":["Empty Cage","Runic Dome"],"picked":"Pandora\u0027s Box"}],"items_purged_floors":[],"is_endless":false,"potions_floor_spawned":[4,10,13,18,20],"killed_by":"Colosseum Nobs","ascension_level":15}