{"gold_per_floor":[115,126,126,143,163,196,196,209,235,247,272,283,283,299,299,403,403,422,102,116,131,131,161,161,161,161,180,180,6,26,58,58,58],"floor_reached":33,"playtime":1908,"items_purged":["Strike_R","Pummel"],"score":301,"play_id":"6d320062-b3ce-47ee-ae6d-f0cbdbb85eec","local_time":"25610714231318","is_ascension_mode":false,"campfire_choices":[{"data":"Infernal Blade","floor":7,"key":"SMITH"},{"data":"Searing Blow","floor":13,"key":"SMITH"},{"data":"Searing Blow+1","floor":15,"key":"SMITH"},{"data":"Searing Blow+3","floor":24,"key":"SMITH"},{"data":"Searing Blow+4","floor":28,"key":"SMITH"},{"floor":32,"key":"REST"}],"neow_cost":"CURSE","seed_source_timestamp":45848573045502,"circlet_count":0,"master_deck":["Strike_R","Strike_R","Strike_R","Strike_R","Defend_R","Defend_R","Defend_R","Defend_R","Bash","Parasite","Searing Blow+5","Pummel","Anger","Infernal Blade+1","Shrug It Off","Warcry","Thunderclap","Seeing Red","Power Through","Flame Barrier","Bludgeon+1","Combust","Flex","Intimidate","Rage","Fire Breathing","Entrench","Rupture"],"relics":["Burning Blood","Charon\u0027s Ashes","Anchor","Lantern","Bronze Scales","Orichalcum","Busted Crown","Whetstone","Kunai","Juzu Bracelet","Matryoshka","Paper Frog"],"potions_floor_usage":[6,6,6,16,16,27,33,33,33],"damage_taken":[{"damage":0,"enemies":"Small Slimes","floor":1,"turns":3},{"damage":6,"enemies":"Cultist","floor":2,"turns":3},{"damage":1,"enemies":"Jaw Worm","floor":4,"turns":2},{"damage":0,"enemies":"Looter","floor":5,"turns":2},{"damage":10,"enemies":"Gremlin Nob","floor":6,"turns":3},{"damage":0,"enemies":"Large Slime","floor":8,"turns":3},{"damage":0,"enemies":"2 Fungi Beasts","floor":10,"turns":2},{"damage":23,"enemies":"Lagavulin","floor":11,"turns":4},{"damage":3,"enemies":"3 Louse","floor":12,"turns":2},{"damage":0,"enemies":"Looter","floor":14,"turns":2},{"damage":26,"enemies":"Hexaghost","floor":16,"turns":9},{"damage":21,"enemies":"Spheric Guardian","floor":18,"turns":4},{"damage":0,"enemies":"Shell Parasite","floor":20,"turns":1},{"damage":4,"enemies":"Chosen and Byrds","floor":21,"turns":4},{"damage":29,"enemies":"Book of Stabbing","floor":23,"turns":4},{"damage":6,"enemies":"Centurion and Healer","floor":27,"turns":4},{"damage":28,"enemies":"Slaver and Parasite","floor":30,"turns":5},{"damage":2,"enemies":"Gremlin Leader","floor":31,"turns":5},{"damage":73,"enemies":"Champ","floor":33,"turns":8}],"seed_played":"-2139330173952650802","potions_obtained":[{"floor":1,"key":"SkillPotion"},{"floor":2,"key":"PowerPotion"},{"floor":5,"key":"PowerPotion"},{"floor":6,"key":"SpeedPotion"},{"floor":10,"key":"BloodPotion"},{"floor":12,"key":"LiquidBronze"},{"floor":18,"key":"FearPotion"},{"floor":20,"key":"SkillPotion"},{"floor":31,"key":"AttackPotion"}],"is_trial":false,"path_per_floor":["M","M","?","M","M","E","R","M","T","M","E","M","R","M","R","B",null,"M","$","M","M","T","E","R","?","T","M","R","$","M","E","R"],"character_chosen":"IRONCLAD","items_purchased":["Combust","Flex","Whetstone","Fire Breathing"],"campfire_rested":1,"item_purchase_floors":[19,19,19,29],"current_hp_per_floor":[80,80,55,60,66,62,62,68,68,74,57,60,60,66,66,50,80,65,65,71,73,73,50,50,50,50,58,58,58,36,40,64,0],"gold":58,"neow_bonus":"ONE_RARE_RELIC","is_prod":false,"is_daily":false,"chose_seed":false,"campfire_upgraded":5,"win_rate":0.0,"timestamp":1531584798,"path_taken":["M","M","?","M","M","E","R","M","T","M","E","M","R","M","R","BOSS","M","$","M","M","?","E","R","?","T","M","R","$","M","E","R","BOSS"],"build_version":"2018-07-12","purchased_purges":2,"victory":false,"max_hp_per_floor":[80,80,80,80,80,80,80,80,80,80,80,80,80,80,80,80,80,80,80,80,80,80,80,80,80,80,80,80,80,80,80,80,80],"card_choices":[{"not_picked":["Body Slam","True Grit"],"picked":"Searing Blow","floor":1},{"not_picked":["Flame Barrier","Rupture"],"picked":"Pummel","floor":2},{"not_picked":["Perfected Strike","Pommel Strike"],"picked":"Anger","floor":4},{"not_picked":["Anger","Body Slam"],"picked":"Infernal Blade","floor":5},{"not_picked":["Dropkick","Battle Trance"],"picked":"Shrug It Off","floor":6},{"not_picked":["Flame Barrier","Armaments"],"picked":"Warcry","floor":8},{"not_picked":["Impervious","Pummel"],"picked":"Thunderclap","floor":10},{"not_picked":["Pommel Strike","Bloodletting"],"picked":"Seeing Red","floor":11},{"not_picked":["Body Slam","Twin Strike"],"picked":"Power Through","floor":12},{"not_picked":["Body Slam","Heavy Blade"],"picked":"Flame Barrier","floor":14},{"not_picked":["Fiend Fire","Brutality"],"picked":"Bludgeon","floor":16},{"not_picked":[],"picked":"Pummel","floor":18},{"not_picked":["Perfected Strike"],"picked":"SKIP","floor":20},{"not_picked":["Iron Wave"],"picked":"SKIP","floor":21},{"not_picked":[],"picked":"Intimidate","floor":23},{"not_picked":[],"picked":"Rage","floor":27},{"not_picked":[],"picked":"Entrench","floor":30},{"not_picked":[],"picked":"Rupture","floor":31}],"player_experience":4074,"relics_obtained":[{"floor":6,"key":"Lantern"},{"floor":9,"key":"Bronze Scales"},{"floor":11,"key":"Orichalcum"},{"floor":22,"key":"Kunai"},{"floor":23,"key":"Juzu Bracelet"},{"floor":26,"key":"Matryoshka"},{"floor":31,"key":"Paper Frog"}],"event_choices":[{"event_name":"Scrap Ooze","player_choice":"success","floor":3,"damage_taken":25},{"event_name":"The Woman in Blue","player_choice":"Bought 0 Potions","floor":25,"damage_taken":0}],"boss_relics":[{"not_picked":["Orrery","White Beast Statue"],"picked":"Busted Crown"}],"items_purged_floors":[19,29],"is_endless":false,"potions_floor_spawned":[1,2,5,6,10,12,18,20,23,31],"killed_by":"Champ","ascension_level":0}