{"gold_per_floor":[12,28,47,64,80,113,113,147,229,241,280,467,479,74,74,74],"floor_reached":16,"playtime":468,"items_purged":["Doubt"],"score":186,"play_id":"2eceb126-fcde-4770-820d-ed4f8f439080","local_time":"25611112154248","is_ascension_mode":true,"campfire_choices":[{"floor":7.0,"key":"REST"},{"floor":10.0,"key":"REST"},{"data":"Body Slam","floor":13.0,"key":"SMITH"},{"data":"Spot Weakness","floor":15.0,"key":"SMITH"}],"neow_cost":"NO_GOLD","seed_source_timestamp":5534560103103,"circlet_count":0,"master_deck":["AscendersBane","Strike_R","Strike_R","Strike_R","Strike_R","Defend_R","Defend_R","Defend_R","Bash","Spot Weakness+1","Cleave","Body Slam+1","Reaper","Intimidate","Shrug It Off","Flame Barrier"],"special_seed":0,"relics":["Burning Blood","Ancient Tea Set","MawBank","Dodecahedron","Nunchaku","ClockworkSouvenir","PreservedInsect"],"potions_floor_usage":[],"damage_taken":[{"damage":1.0,"enemies":"Cultist","floor":1.0,"turns":4.0},{"damage":9.0,"enemies":"2 Louse","floor":2.0,"turns":3.0},{"damage":10.0,"enemies":"Small Slimes","floor":3.0,"turns":5.0},{"damage":16.0,"enemies":"Blue Slaver","floor":4.0,"turns":4.0},{"damage":0.0,"enemies":"Exordium Wildlife","floor":5.0,"turns":3.0},{"damage":30.0,"enemies":"Lagavulin","floor":6.0,"turns":7.0},{"damage":30.0,"enemies":"3 Sentries","floor":8.0,"turns":6.0},{"damage":50.0,"enemies":"Lagavulin","floor":11.0,"turns":8.0},{"damage":26,"enemies":"Hexaghost","floor":16,"turns":6}],"seed_played":"-4563115167075111130","potions_obtained":[{"floor":1.0,"key":"PowerPotion"},{"floor":2.0,"key":"Strength Potion"},{"floor":4.0,"key":"FearPotion"},{"floor":11.0,"key":"FearPotion"}],"is_trial":false,"path_per_floor":["M","M","M","M","M","E","R","E","T","R","E","?","R","$","R","B"],"character_chosen":"IRONCLAD","items_purchased":["ClockworkSouvenir","PreservedInsect"],"campfire_rested":2,"item_purchase_floors":[14,14],"current_hp_per_floor":[77,74,70,60,66,42,66,54,54,78,40,40,40,40,40,18],"gold":74,"neow_bonus":"REMOVE_TWO","is_prod":false,"is_daily":false,"chose_seed":false,"campfire_upgraded":2,"win_rate":0,"timestamp":1542012168,"path_taken":["M","?","M","M","?","E","R","E","T","R","E","?","R","$","R","BOSS"],"build_version":"2018-11-08","purchased_purges":1,"victory":false,"max_hp_per_floor":[80,80,80,80,80,80,80,80,80,80,80,80,80,80,80,80],"card_choices":[{"not_picked":["Entrench","Pummel"],"picked":"Spot Weakness","floor":1.0},{"not_picked":["Havoc","Anger","Warcry"],"picked":"SKIP","floor":2.0},{"not_picked":["Rampage","Twin Strike"],"picked":"Cleave","floor":3.0},{"not_picked":["Pommel Strike","Thunderclap"],"picked":"Body Slam","floor":4.0},{"not_picked":["Headbutt","Twin Strike"],"picked":"Reaper","floor":5.0},{"not_picked":["Fiend Fire","Hemokinesis"],"picked":"Intimidate","floor":6.0},{"not_picked":["True Grit","Ghostly Armor"],"picked":"Shrug It Off","floor":8.0},{"not_picked":["Body Slam","Thunderclap"],"picked":"Flame Barrier","floor":11.0}],"player_experience":115796,"relics_obtained":[{"floor":6.0,"key":"Ancient Tea Set"},{"floor":8.0,"key":"MawBank"},{"floor":9.0,"key":"Dodecahedron"},{"floor":11.0,"key":"Nunchaku"}],"event_choices":[{"damage_healed":0.0,"max_hp_gain":0.0,"max_hp_loss":0.0,"gold_gain":175.0,"event_name":"Liars Game","player_choice":"AGREE","floor":12.0,"gold_loss":0.0,"damage_taken":0.0,"cards_obtained":["Doubt"]}],"is_beta":false,"boss_relics":[],"items_purged_floors":[14],"is_endless":false,"potions_floor_spawned":[1,2,4,11],"killed_by":"Hexaghost","ascension_level":11}