{"gold_per_floor":[111,186,40,40,59,94,94,129,177,187,187,200,200,217,217,294,294,313,328,103,113,113],"floor_reached":22,"playtime":847,"items_purged":["Strike_B"],"score":343,"play_id":"a12e15ef-fe9a-4c0f-9c6f-bfcbe99970e9","local_time":"20180829184525","is_ascension_mode":true,"campfire_choices":[{"floor":7,"key":"REST"},{"data":"Seek","floor":11,"key":"SMITH"},{"data":"Streamline","floor":13,"key":"SMITH"},{"data":"White Noise","floor":15,"key":"SMITH"}],"neow_cost":"NONE","seed_source_timestamp":37210615750203,"circlet_count":0,"master_deck":["Strike_B","Strike_B","Strike_B","Defend_B","Defend_B","Defend_B","Defend_B","Zap+1","Dualcast","AscendersBane","Streamline+1","Seek+1","Rip and Tear","Coolheaded","Glacier","Conserve Battery","Leap","White Noise+1","Creative AI","Steam","Loop+1"],"relics":["Cracked Core","Anchor","Peace Pipe","Bottled Lightning","Happy Flower","Black Star","Regal Pillow"],"potions_floor_usage":[16,16,19],"damage_taken":[{"damage":0,"enemies":"Cultist","floor":1,"turns":3},{"damage":2,"enemies":"Jaw Worm","floor":5,"turns":2},{"damage":34,"enemies":"Gremlin Nob","floor":6,"turns":4},{"damage":15,"enemies":"Lagavulin","floor":8,"turns":9},{"damage":0,"enemies":"Small Slimes","floor":10,"turns":3},{"damage":0,"enemies":"2 Fungi Beasts","floor":12,"turns":3},{"damage":0,"enemies":"Blue Slaver","floor":14,"turns":3},{"damage":6,"enemies":"Slime Boss","floor":16,"turns":8},{"damage":9,"enemies":"3 Byrds","floor":18,"turns":6},{"damage":5,"enemies":"Chosen","floor":19,"turns":7},{"damage":18,"enemies":"Snecko","floor":21,"turns":5},{"damage":28,"enemies":"3 Cultists","floor":22,"turns":3}],"seed_played":"-515377690818487457","potions_obtained":[{"floor":6,"key":"PowerPotion"},{"floor":14,"key":"Explosive Potion"},{"floor":18,"key":"Swift Potion"},{"floor":19,"key":"SpeedPotion"}],"is_trial":false,"path_per_floor":["M","?","$","?","M","E","R","E","T","M","R","M","R","M","R","B",null,"M","M","$","M"],"character_chosen":"DEFECT","items_purchased":["Seek","Rip and Tear","Regal Pillow"],"campfire_rested":1,"item_purchase_floors":[3,3,20],"current_hp_per_floor":[64,53,53,48,46,12,33,18,18,18,18,18,18,18,18,12,56,47,42,42,24,0],"gold":113,"neow_bonus":"UPGRADE_CARD","is_prod":false,"is_daily":false,"chose_seed":false,"campfire_upgraded":3,"win_rate":0,"timestamp":1535593525,"path_taken":["M","?","$","?","M","E","R","E","T","M","R","?","R","?","R","BOSS","M","M","$","M","M"],"build_version":"2018-08-23v2","purchased_purges":1,"victory":false,"max_hp_per_floor":[71,71,71,71,71,71,71,71,71,71,71,71,71,71,71,71,71,71,71,71,71,71],"card_choices":[{"not_picked":["Beam Cell","Gash"],"picked":"Streamline","floor":1},{"not_picked":["Leap","Tempest"],"picked":"Coolheaded","floor":5},{"not_picked":["Chill","Hologram"],"picked":"Glacier","floor":6},{"not_picked":["Go for the Eyes","Recycle"],"picked":"Conserve Battery","floor":8},{"not_picked":["Barrage","Aggregate","Beam Cell"],"picked":"SKIP","floor":10},{"not_picked":["Streamline","Static Discharge"],"picked":"Leap","floor":12},{"not_picked":["Leap","Stack"],"picked":"White Noise","floor":14},{"not_picked":["Seek","Meteor Strike"],"picked":"Creative AI","floor":16},{"not_picked":["Force Field+1","Barrage","Gash"],"picked":"SKIP","floor":18},{"not_picked":["Auto Shields","Compile Driver"],"picked":"Steam","floor":19},{"not_picked":["Steam","Gash"],"picked":"Loop+1","floor":21}],"player_experience":1052367,"relics_obtained":[{"floor":6,"key":"Peace Pipe"},{"floor":8,"key":"Bottled Lightning"},{"floor":9,"key":"Happy Flower"}],"event_choices":[{"event_name":"World of Goop","player_choice":"Gather Gold","floor":2,"damage_taken":0},{"event_name":"Scrap Ooze","player_choice":"success","floor":4,"damage_taken":5}],"is_beta":false,"boss_relics":[{"not_picked":["White Beast Statue","Calling Bell"],"picked":"Black Star"}],"items_purged_floors":[20],"is_endless":false,"potions_floor_spawned":[6,14,18,19],"killed_by":"3 Cultists","ascension_level":15}