{"gold_per_floor":[117,192,258,258,272,272,303,322,322,322,295,327,67,81,81,81],"floor_reached":16,"playtime":527,"items_purged":[],"score":153,"play_id":"cc33f525-ea82-4979-b53c-0cb371e13d6b","local_time":"20190315192835","is_ascension_mode":true,"campfire_choices":[{"data":"Bash","floor":6,"key":"SMITH"},{"data":"Flame Barrier","floor":10,"key":"SMITH"},{"floor":15,"key":"REST"}],"neow_cost":"NONE","seed_source_timestamp":6128433605521,"circlet_count":0,"master_deck":["Strike_R","Strike_R","Strike_R","Strike_R","Strike_R","Defend_R","Defend_R","Defend_R","Defend_R","Bash+1","Twin Strike","Flame Barrier+1","Pommel Strike"],"relics":["Burning Blood","NeowsBlessing","Dead Branch","Ginger","Smiling Mask","Toxic Egg 2"],"potions_floor_usage":[16,16,16],"damage_taken":[{"damage":0,"enemies":"Jaw Worm","floor":1,"turns":1},{"damage":0,"enemies":"Small Slimes","floor":5,"turns":1},{"damage":0,"enemies":"Gremlin Nob","floor":7,"turns":1},{"damage":0,"enemies":"2 Louse","floor":8,"turns":2},{"damage":30,"enemies":"3 Sentries","floor":12,"turns":8},{"damage":10,"enemies":"Gremlin Gang","floor":14,"turns":3},{"damage":78,"enemies":"Hexaghost","floor":16,"turns":9}],"seed_played":"7546922193131992277","potions_obtained":[{"floor":5,"key":"GamblersBrew"},{"floor":8,"key":"Poison Potion"},{"floor":14,"key":"SpeedPotion"}],"is_trial":false,"path_per_floor":["M","?","?","?","M","R","E","M","T","R","$","E","$","M","R","B"],"character_chosen":"IRONCLAD","items_purchased":["Pommel Strike","Toxic Egg 2"],"campfire_rested":1,"item_purchase_floors":[11,13],"current_hp_per_floor":[80,69,69,74,80,80,80,80,80,80,80,56,56,52,76,0],"gold":81,"neow_bonus":"THREE_ENEMY_KILL","is_prod":false,"is_daily":false,"chose_seed":false,"campfire_upgraded":2,"win_rate":0,"timestamp":1552638515,"path_taken":["M","?","?","?","?","R","E","?","T","R","$","E","$","M","R","BOSS"],"build_version":"2019-01-23","purchased_purges":0,"victory":false,"max_hp_per_floor":[80,80,80,80,80,80,80,80,80,80,80,80,80,80,80,80],"card_choices":[{"not_picked":["Flex","Twin Strike"],"picked":"Clothesline","floor":1},{"not_picked":["Flex","Iron Wave"],"picked":"Twin Strike","floor":5},{"not_picked":["Shrug It Off","Heavy Blade"],"picked":"Flame Barrier","floor":7},{"not_picked":["Clash","Shrug It Off","Double Tap"],"picked":"SKIP","floor":8},{"not_picked":["Evolve","Clash","Armaments"],"picked":"SKIP","floor":12},{"not_picked":["Power Through+1","Wild Strike","Heavy Blade"],"picked":"SKIP","floor":14}],"player_experience":222965,"relics_obtained":[{"floor":7,"key":"Dead Branch"},{"floor":9,"key":"Ginger"},{"floor":12,"key":"Smiling Mask"}],"event_choices":[{"damage_healed":0,"gold_gain":75,"player_choice":"Gather Gold","damage_taken":11,"max_hp_gain":0,"max_hp_loss":0,"event_name":"World of Goop","floor":2,"gold_loss":0},{"damage_healed":0,"gold_gain":66,"player_choice":"Gained Gold","damage_taken":0,"max_hp_gain":0,"max_hp_loss":0,"event_name":"Golden Wing","floor":3,"gold_loss":0},{"cards_removed":["Clothesline"],"damage_healed":5,"gold_gain":0,"player_choice":"Offered Common","damage_taken":0,"max_hp_gain":0,"max_hp_loss":0,"event_name":"Bonfire Elementals","floor":4,"gold_loss":0},{"cards_removed":["Clothesline"],"damage_healed":5,"gold_gain":0,"player_choice":"Offered Special","damage_taken":0,"max_hp_gain":0,"max_hp_loss":0,"event_name":"Bonfire Elementals","floor":4,"gold_loss":0}],"is_beta":false,"boss_relics":[],"items_purged_floors":[],"is_endless":false,"potions_floor_spawned":[5,8,14],"killed_by":"Hexaghost","ascension_level":3}