{"gold_per_floor":[115,132,132,144,157,189,189,216,216,291,291,308,308,70,70,174,174,191,208,55,55],"floor_reached":21,"playtime":1446,"items_purged":["Strike_R"],"score":236,"play_id":"8a902b67-ea32-472b-976a-5eaea2412c19","local_time":"20190612022841","is_ascension_mode":true,"campfire_choices":[{"floor":7,"key":"REST"},{"floor":11,"key":"REST"},{"data":"Blood for Blood","floor":13,"key":"SMITH"},{"data":"Armaments","floor":15,"key":"SMITH"}],"neow_cost":"NONE","seed_source_timestamp":173590878882328,"circlet_count":0,"master_deck":["Strike_R","Strike_R","Strike_R","Defend_R","Defend_R","Defend_R","Defend_R","Bash","Brutality","Blood for Blood+1","Headbutt","Rupture","Anger","Blood for Blood","Armaments+1","Fiend Fire","Clothesline","Power Through"],"relics":["Burning Blood","Art of War","Regal Pillow","Kunai","Mark of Pain","Oddly Smooth Stone"],"potions_floor_usage":[16,16,21],"damage_taken":[{"damage":2,"enemies":"Cultist","floor":1,"turns":3},{"damage":2,"enemies":"Small Slimes","floor":2,"turns":3},{"damage":6,"enemies":"2 Louse","floor":4,"turns":4},{"damage":14,"enemies":"Blue Slaver","floor":5,"turns":4},{"damage":35,"enemies":"Lagavulin","floor":6,"turns":6},{"damage":35,"enemies":"Gremlin Nob","floor":8,"turns":4},{"damage":23,"enemies":"Large Slime","floor":12,"turns":5},{"damage":44,"enemies":"The Guardian","floor":16,"turns":9},{"damage":23,"enemies":"Shell Parasite","floor":18,"turns":4},{"damage":34,"enemies":"3 Byrds","floor":19,"turns":5},{"damage":22,"enemies":"3 Cultists","floor":21,"turns":3}],"seed_played":"-620791252472221146","potions_obtained":[{"floor":1,"key":"SteroidPotion"},{"floor":4,"key":"Ancient Potion"},{"floor":6,"key":"Explosive Potion"},{"floor":16,"key":"SneckoOil"},{"floor":19,"key":"Swift Potion"}],"is_trial":false,"path_per_floor":["M","M","?","M","M","E","R","E","T","?","R","M","R","$","R","B",null,"M","M","$","M"],"character_chosen":"IRONCLAD","items_purchased":["Blood for Blood","Armaments","Dexterity Potion","Oddly Smooth Stone"],"campfire_rested":2,"item_purchase_floors":[14,14,14,20],"current_hp_per_floor":[80,80,80,80,72,43,67,38,38,30,69,52,52,52,52,14,64,47,19,19,0],"gold":55,"neow_bonus":"ONE_RANDOM_RARE_CARD","is_prod":false,"is_daily":false,"chose_seed":false,"campfire_upgraded":2,"win_rate":0,"timestamp":1560320921,"path_taken":["M","M","?","?","M","E","R","E","T","?","R","M","R","$","R","BOSS","M","?","$","M"],"build_version":"2019-01-23","purchased_purges":1,"victory":false,"max_hp_per_floor":[80,80,80,80,80,80,80,80,80,80,80,80,80,80,80,80,80,80,80,80,80],"card_choices":[{"not_picked":["Bloodletting","Anger"],"picked":"Blood for Blood","floor":1},{"not_picked":["Reckless Charge","Heavy Blade","True Grit"],"picked":"SKIP","floor":2},{"not_picked":["Perfected Strike","Shockwave"],"picked":"Headbutt","floor":4},{"not_picked":["Clash","Second Wind"],"picked":"Rupture","floor":5},{"not_picked":["Anger","Exhume","Body Slam"],"picked":"SKIP","floor":6},{"not_picked":["Sentinel","Brutality","Cleave"],"picked":"SKIP","floor":8},{"not_picked":["Perfected Strike","Evolve"],"picked":"Anger","floor":12},{"not_picked":["Dark Embrace","Berserk"],"picked":"Fiend Fire","floor":16},{"not_picked":["Rage+1","Iron Wave"],"picked":"Clothesline","floor":18},{"not_picked":["Body Slam","Clothesline"],"picked":"Power Through","floor":19}],"player_experience":331270,"relics_obtained":[{"floor":6,"key":"Art of War"},{"floor":8,"key":"Regal Pillow"},{"floor":9,"key":"Kunai"}],"event_choices":[{"cards_removed":["Strike_R"],"damage_healed":0,"gold_gain":0,"player_choice":"Offered Basic","damage_taken":0,"max_hp_gain":0,"max_hp_loss":0,"event_name":"Bonfire Elementals","floor":3,"gold_loss":0},{"damage_healed":0,"gold_gain":75,"player_choice":"Touch","damage_taken":8,"max_hp_gain":0,"max_hp_loss":0,"event_name":"FaceTrader","floor":10,"gold_loss":0}],"is_beta":false,"boss_relics":[{"not_picked":["White Beast Statue","Orrery"],"picked":"Mark of Pain"}],"items_purged_floors":[14],"is_endless":false,"potions_floor_spawned":[1,4,6,16,19],"killed_by":"3 Cultists","ascension_level":5}