{"gold_per_floor":[210,65,81,94,55,86,86,102,102,120,139,155,155,170,170,170],"floor_reached":16,"playtime":769,"items_purged":[],"score":117,"play_id":"dd7b485c-88c5-48b1-8141-8b224b687d4c","local_time":"20190417224353","is_ascension_mode":true,"campfire_choices":[{"floor":7,"key":"REST"},{"floor":15,"key":"REST"}],"neow_cost":"NONE","seed_source_timestamp":617087734657389,"circlet_count":0,"master_deck":["Defend_G","Defend_G","Defend_G","Defend_G","Defend_G","Strike_G","Strike_G","Strike_G","Strike_G","Strike_G","Survivor","Neutralize","Caltrops","Backstab","Catalyst","Cloak And Dagger","Terror","Finisher","Backflip"],"relics":["Ring of the Snake","Snake Skull","Orichalcum","Bag of Marbles"],"potions_floor_usage":[6,11],"damage_taken":[{"damage":0,"enemies":"Cultist","floor":1,"turns":4},{"damage":6,"enemies":"2 Louse","floor":3,"turns":3},{"damage":3,"enemies":"Jaw Worm","floor":4,"turns":4},{"damage":60,"enemies":"Lagavulin","floor":6,"turns":8},{"damage":8,"enemies":"2 Fungi Beasts","floor":8,"turns":5},{"damage":3,"enemies":"Blue Slaver","floor":10,"turns":4},{"damage":3,"enemies":"Gremlin Gang","floor":11,"turns":5},{"damage":0,"enemies":"3 Louse","floor":12,"turns":1},{"damage":3,"enemies":"Red Slaver","floor":14,"turns":3},{"damage":32,"enemies":"Slime Boss","floor":16,"turns":6}],"seed_played":"-2698809360155137236","potions_obtained":[{"floor":1,"key":"Ancient Potion"},{"floor":6,"key":"Dexterity Potion"},{"floor":14,"key":"Explosive Potion"}],"is_trial":false,"path_per_floor":["M","$","M","M","$","E","R","M","T","M","M","M","?","M","R","B"],"character_chosen":"THE_SILENT","items_purchased":["Snake Skull","Catalyst"],"campfire_rested":2,"item_purchase_floors":[2,5],"current_hp_per_floor":[70,70,64,61,61,1,22,14,14,11,8,8,8,5,26,0],"gold":170,"neow_bonus":"HUNDRED_GOLD","is_prod":false,"is_daily":false,"chose_seed":false,"campfire_upgraded":0,"win_rate":0,"timestamp":1555505033,"path_taken":["M","$","?","M","$","E","R","M","T","M","M","M","?","M","R","BOSS"],"build_version":"2019-01-23","purchased_purges":0,"victory":false,"max_hp_per_floor":[70,70,70,70,70,70,70,70,70,70,70,70,70,70,70,70],"card_choices":[{"not_picked":["Heel Hook","Crippling Poison"],"picked":"Caltrops","floor":1},{"not_picked":["Expertise","Tactician"],"picked":"Backstab","floor":3},{"not_picked":["Underhanded Strike","Acrobatics","Quick Slash"],"picked":"SKIP","floor":4},{"not_picked":["Quick Slash","Flechettes","Choke"],"picked":"SKIP","floor":6},{"not_picked":["Deflect","Sucker Punch"],"picked":"Cloak And Dagger","floor":8},{"not_picked":["Footwork","Unload"],"picked":"Terror","floor":10},{"not_picked":["Deflect","Dagger Spray"],"picked":"Finisher","floor":11},{"not_picked":["Deadly Poison","Reflex"],"picked":"Backflip","floor":12},{"not_picked":["Bane","Sucker Punch","Dagger Spray"],"picked":"SKIP","floor":14}],"player_experience":318390,"relics_obtained":[{"floor":6,"key":"Orichalcum"},{"floor":9,"key":"Bag of Marbles"}],"event_choices":[{"damage_healed":0,"gold_gain":0,"player_choice":"Ignored","damage_taken":0,"max_hp_gain":0,"max_hp_loss":0,"event_name":"Liars Game","floor":13,"gold_loss":0}],"is_beta":false,"boss_relics":[],"items_purged_floors":[],"is_endless":false,"potions_floor_spawned":[1,6,14],"killed_by":"Slime Boss","ascension_level":2}