{"gold_per_floor":[115,115,135,153,171,197,197,230,256,286,286,44,44,55,55,158,158,171,171,20,34,52,85,100,100,100,131,131,10,27,62,62,62],"floor_reached":33,"playtime":1978,"items_purged":["Regret"],"score":406,"play_id":"0c1b096d-6bd4-44a2-a3a8-d2cd50ebead2","local_time":"20190625000121","is_ascension_mode":true,"campfire_choices":[{"floor":7,"key":"REST"},{"floor":13,"key":"REST"},{"floor":15,"key":"REST"},{"floor":25,"key":"REST"},{"floor":28,"key":"REST"},{"floor":32,"key":"REST"}],"neow_cost":"NONE","seed_source_timestamp":172592943405800,"circlet_count":0,"master_deck":["Strike_R","Strike_R","Strike_R","Strike_R","Strike_R","Defend_R","Defend_R","Defend_R","Defend_R","Bash+1","Carnage","Evolve","Impervious","Heavy Blade","Body Slam","Headbutt","Infernal Blade","Evolve+1","Disarm+1","Pummel+1","Pummel","Power Through","Bash","Impervious","Cleave","Iron Wave+1","Feel No Pain","Twin Strike","Infernal Blade","Flame Barrier","Body Slam","Warcry","Thunderclap+1"],"relics":["Burning Blood","Centennial Puzzle","Potion Belt","Ancient Tea Set","Anchor","Ornamental Fan","PreservedInsect","Astrolabe","Red Skull","Bottled Lightning","Boot","Omamori"],"potions_floor_usage":[5,6,8,16,23,27,27,33],"damage_taken":[{"damage":9,"enemies":"Jaw Worm","floor":1,"turns":5},{"damage":11,"enemies":"Small Slimes","floor":3,"turns":4},{"damage":0,"enemies":"Cultist","floor":4,"turns":2},{"damage":32,"enemies":"Large Slime","floor":5,"turns":8},{"damage":30,"enemies":"3 Sentries","floor":6,"turns":7},{"damage":20,"enemies":"Gremlin Nob","floor":8,"turns":4},{"damage":29,"enemies":"3 Sentries","floor":10,"turns":7},{"damage":0,"enemies":"Exordium Wildlife","floor":14,"turns":2},{"damage":61,"enemies":"The Guardian","floor":16,"turns":11},{"damage":7,"enemies":"Spheric Guardian","floor":18,"turns":3},{"damage":26,"enemies":"2 Thieves","floor":21,"turns":4},{"damage":0,"enemies":"Snecko","floor":22,"turns":3},{"damage":18,"enemies":"Book of Stabbing","floor":23,"turns":4},{"damage":31,"enemies":"Centurion and Healer","floor":24,"turns":5},{"damage":10,"enemies":"Gremlin Leader","floor":27,"turns":4},{"damage":22,"enemies":"Shelled Parasite and Fungi","floor":30,"turns":5},{"damage":15,"enemies":"Slavers","floor":31,"turns":4},{"damage":65,"enemies":"Champ","floor":33,"turns":13}],"seed_played":"-8715758247090980491","potions_obtained":[{"floor":1,"key":"Block Potion"},{"floor":4,"key":"Block Potion"},{"floor":6,"key":"FearPotion"},{"floor":14,"key":"AttackPotion"},{"floor":21,"key":"Energy Potion"},{"floor":22,"key":"Strength Potion"},{"floor":23,"key":"LiquidBronze"},{"floor":31,"key":"Dexterity Potion"}],"is_trial":false,"path_per_floor":["M","?","M","M","M","E","R","E","T","E","?","$","R","M","R","B",null,"M","?","$","M","M","E","M","R","T","E","R","$","M","E","R","B"],"character_chosen":"IRONCLAD","items_purchased":["PreservedInsect","Headbutt","Impervious","Flame Barrier","Body Slam"],"campfire_rested":6,"item_purchase_floors":[12,12,20,29,29],"current_hp_per_floor":[77,77,72,78,52,28,52,38,38,15,15,15,39,45,69,14,64,63,63,63,43,49,37,12,36,36,32,56,56,40,31,55,0],"gold":62,"neow_bonus":"UPGRADE_CARD","is_prod":false,"is_daily":false,"chose_seed":false,"campfire_upgraded":0,"win_rate":0,"timestamp":1561384881,"path_taken":["M","?","M","M","M","E","R","E","T","E","?","$","R","M","R","BOSS","M","?","$","M","M","E","M","R","T","E","R","$","?","E","R","BOSS"],"build_version":"2019-01-23","purchased_purges":1,"victory":false,"max_hp_per_floor":[80,80,80,80,80,80,80,80,80,80,80,80,80,80,80,80,80,80,80,80,80,80,80,80,80,80,80,80,80,80,80,80,80],"card_choices":[{"not_picked":["Thunderclap","Cleave"],"picked":"Infernal Blade","floor":1},{"not_picked":["True Grit","Anger"],"picked":"Carnage","floor":3},{"not_picked":["Sever Soul","Blood for Blood"],"picked":"Evolve","floor":4},{"not_picked":["Clothesline","Armaments"],"picked":"Impervious","floor":5},{"not_picked":["Perfected Strike","Brutality"],"picked":"Uppercut","floor":6},{"not_picked":["Thunderclap","Hemokinesis"],"picked":"Heavy Blade","floor":8},{"not_picked":["Exhume","Clash"],"picked":"Body Slam","floor":10},{"not_picked":["Shrug It Off","Sword Boomerang"],"picked":"Infernal Blade","floor":14},{"not_picked":["Reaper","Double Tap"],"picked":"Juggernaut","floor":16},{"not_picked":["Bloodletting","True Grit"],"picked":"Pummel","floor":18},{"not_picked":["Twin Strike","True Grit+1"],"picked":"Cleave","floor":21},{"not_picked":["Intimidate","Heavy Blade+1"],"picked":"Iron Wave+1","floor":22},{"not_picked":["Havoc","Intimidate"],"picked":"Feel No Pain","floor":23},{"not_picked":["Heavy Blade","Evolve+1"],"picked":"Twin Strike","floor":24},{"not_picked":["Exhume","Cleave"],"picked":"Infernal Blade","floor":27},{"not_picked":["Hemokinesis","Thunderclap"],"picked":"Warcry","floor":30},{"not_picked":["Twin Strike","Wild Strike"],"picked":"Thunderclap+1","floor":31}],"player_experience":163206,"relics_obtained":[{"floor":6,"key":"Potion Belt"},{"floor":8,"key":"Ancient Tea Set"},{"floor":9,"key":"Anchor"},{"floor":10,"key":"Ornamental Fan"},{"floor":23,"key":"Red Skull"},{"floor":26,"key":"Bottled Lightning"},{"floor":27,"key":"Boot"},{"floor":31,"key":"Omamori"}],"event_choices":[{"damage_healed":0,"gold_gain":0,"player_choice":"Box","damage_taken":0,"relics_obtained":["Centennial Puzzle"],"max_hp_gain":0,"max_hp_loss":0,"event_name":"Big Fish","floor":2,"gold_loss":0,"cards_obtained":["Regret"]},{"damage_healed":0,"gold_gain":0,"player_choice":"Ignored","damage_taken":0,"max_hp_gain":0,"max_hp_loss":0,"event_name":"Shining Light","floor":11,"gold_loss":0},{"damage_healed":0,"gold_gain":0,"player_choice":"2 cards matched","damage_taken":0,"max_hp_gain":0,"max_hp_loss":0,"event_name":"Match and Keep!","floor":19,"gold_loss":0,"cards_obtained":["Power Through","Bash"]}],"is_beta":false,"boss_relics":[{"not_picked":["Snecko Eye","Mark of Pain"],"picked":"Astrolabe"}],"items_purged_floors":[12],"is_endless":false,"potions_floor_spawned":[1,4,6,14,21,22,23,31],"killed_by":"Champ","ascension_level":5}