{"gold_per_floor":[110,124,137,137,2,2,31,31,55,80,92,106,22,22,22,96,96,111,130,180,230,73,73,100,150,150,179,6,74,74,139,139,213,213,230,230,300,314,85,85,113,163,186,248,294,356,382,414,426,438,450],"floor_reached":52,"playtime":3127,"items_purged":["Strike_G","Strike_G","Strike_G"],"score":2116,"play_id":"34d8441a-d308-48f2-aa0a-b12b16949f0c","local_time":"20190623115709","is_ascension_mode":true,"campfire_choices":[{"data":"Noxious Fumes","floor":6.0,"key":"SMITH"},{"floor":8.0,"key":"REST"},{"floor":15.0,"key":"REST"},{"floor":23.0,"key":"REST"},{"floor":30.0,"key":"REST"},{"floor":32.0,"key":"REST"},{"floor":40.0,"key":"REST"},{"floor":49.0,"key":"REST"}],"neow_cost":"NONE","seed_source_timestamp":977913774900589,"circlet_count":0,"master_deck":["AscendersBane","Defend_G","Defend_G","Defend_G","Defend_G","Defend_G","Survivor","Neutralize+1","PiercingWail","Poisoned Stab","Noxious Fumes+1","Quick Slash","Predator","Backstab","Wraith Form v2+1","Backflip","Die Die Die","Backflip","Well Laid Plans","Dagger Throw","Footwork","Crippling Poison","Leg Sweep","Night Terror","Noxious Fumes","Bouncing Flask","Backflip","Deadly Poison","Noxious Fumes","Bullet Time","Catalyst+1","Blur","Footwork","Bullet Time","Predator"],"special_seed":0,"relics":["Ring of the Snake","Centennial Puzzle","The Courier","Omamori","The Specimen","SsserpentHead","Sozu","Bag of Preparation","Ninja Scroll","Blue Candle","Oddly Smooth Stone","Snecko Eye","Meat on the Bone","MawBank","Boot"],"potions_floor_usage":[],"damage_taken":[{"damage":1.0,"enemies":"Small Slimes","floor":1.0,"turns":5.0},{"damage":2.0,"enemies":"Cultist","floor":2.0,"turns":5.0},{"damage":8.0,"enemies":"Jaw Worm","floor":3.0,"turns":6.0},{"damage":25.0,"enemies":"Lagavulin","floor":7.0,"turns":7.0},{"damage":14.0,"enemies":"Gremlin Nob","floor":10.0,"turns":4.0},{"damage":6.0,"enemies":"Red Slaver","floor":11.0,"turns":5.0},{"damage":0.0,"enemies":"3 Louse","floor":12.0,"turns":2.0},{"damage":36.0,"enemies":"Hexaghost","floor":16.0,"turns":12.0},{"damage":17.0,"enemies":"Shell Parasite","floor":18.0,"turns":8.0},{"damage":7.0,"enemies":"Spheric Guardian","floor":19.0,"turns":5.0},{"damage":28.0,"enemies":"Slavers","floor":24.0,"turns":4.0},{"damage":0.0,"enemies":"Gremlin Leader","floor":27.0,"turns":6.0},{"damage":15.0,"enemies":"Snake Plant","floor":29.0,"turns":4.0},{"damage":4.0,"enemies":"3 Cultists","floor":31.0,"turns":6.0},{"damage":33.0,"enemies":"Champ","floor":33.0,"turns":14.0},{"damage":8.0,"enemies":"3 Darklings","floor":35.0,"turns":5.0},{"damage":2.0,"enemies":"3 Shapes","floor":37.0,"turns":4.0},{"damage":14.0,"enemies":"Sphere and 2 Shapes","floor":38.0,"turns":6.0},{"damage":16.0,"enemies":"Reptomancer","floor":41.0,"turns":5.0},{"damage":12.0,"enemies":"Nemesis","floor":45.0,"turns":7.0},{"damage":6.0,"enemies":"Transient","floor":47.0,"turns":6.0},{"damage":20.0,"enemies":"Jaw Worm Horde","floor":48.0,"turns":4.0},{"damage":26.0,"enemies":"Donu and Deca","floor":50.0,"turns":9.0},{"damage":0,"enemies":"Time Eater","floor":51,"turns":4}],"seed_played":"1785541139589656761","potions_obtained":[{"floor":3.0,"key":"SkillPotion"},{"floor":7.0,"key":"Ancient Potion"},{"floor":12.0,"key":"Explosive Potion"},{"floor":16.0,"key":"AttackPotion"}],"is_trial":false,"path_per_floor":["M","M","M","?","$","R","E","R","T","E","M","M","$","?","R","B",null,"M","M","?","?","$","R","E","T","T","E","$","M","R","M","R","B",null,"M","?","M","M","$","R","E","?","T","?","E","?","M","M","R","B","B",null],"character_chosen":"THE_SILENT","items_purchased":["Noxious Fumes","Quick Slash","Backflip","Footwork","Crippling Poison","Noxious Fumes","Bouncing Flask","Backflip","Deadly Poison","Blur","Footwork"],"campfire_rested":7,"item_purchase_floors":[5,5,13,22,22,28,28,28,28,39,39],"current_hp_per_floor":[58,56,48,48,48,48,23,42,42,28,22,22,22,22,41,5,51,34,27,27,27,27,46,18,18,18,18,18,3,22,18,37,4,51,43,43,41,27,27,46,30,30,30,30,30,63,57,37,55,41,41],"gold":462,"neow_bonus":"UPGRADE_CARD","is_prod":false,"is_daily":false,"chose_seed":false,"campfire_upgraded":1,"win_rate":0,"timestamp":1561305429,"path_taken":["M","M","M","?","?","R","E","R","T","E","?","M","$","?","R","BOSS","M","M","?","?","?","R","E","?","T","E","$","?","R","?","R","BOSS","M","?","?","M","$","R","E","?","T","?","E","?","M","M","R","BOSS","BOSS"],"build_version":"2019-01-23","purchased_purges":3,"victory":true,"max_hp_per_floor":[66,66,66,66,66,66,66,66,66,66,66,66,66,66,66,66,66,66,66,66,66,66,66,66,66,66,66,66,66,66,66,66,66,66,66,66,66,66,66,66,66,63,63,63,63,63,63,63,63,63,63],"card_choices":[{"not_picked":["Flechettes","Acrobatics"],"picked":"PiercingWail","floor":1.0},{"not_picked":["Accuracy","Cloak And Dagger"],"picked":"Poisoned Stab","floor":2.0},{"not_picked":["Flechettes","Acrobatics"],"picked":"PiercingWail","floor":3.0},{"not_picked":["Slice","Infinite Blades"],"picked":"Predator","floor":7.0},{"not_picked":["Prepared","Eviscerate"],"picked":"Backstab","floor":10.0},{"not_picked":["Slice","Prepared","Dagger Throw"],"picked":"SKIP","floor":11.0},{"not_picked":["Deflect","PiercingWail"],"picked":"Wraith Form v2","floor":12.0},{"not_picked":["Phantasmal Killer","After Image"],"picked":"Die Die Die","floor":16.0},{"not_picked":["Accuracy","Calculated Gamble"],"picked":"Backflip","floor":18.0},{"not_picked":["Underhanded Strike","Caltrops"],"picked":"Well Laid Plans","floor":19.0},{"not_picked":["Blur","Predator"],"picked":"Leg Sweep","floor":24.0},{"not_picked":["Expertise","Backstab"],"picked":"Night Terror","floor":27.0},{"not_picked":["Acrobatics","Reflex","Underhanded Strike"],"picked":"SKIP","floor":29.0},{"not_picked":["Bane+1","Dagger Spray"],"picked":"Noxious Fumes","floor":31.0},{"not_picked":["Night Terror","A Thousand Cuts"],"picked":"Bullet Time","floor":33.0},{"not_picked":["Outmaneuver+1","Infinite Blades"],"picked":"Catalyst+1","floor":35.0},{"not_picked":["Poisoned Stab","Terror+1","Flying Knee+1"],"picked":"SKIP","floor":37.0},{"not_picked":["Cloak And Dagger","Deflect","Dash"],"picked":"SKIP","floor":38.0},{"not_picked":["Noxious Fumes","Escape Plan"],"picked":"Bullet Time","floor":41.0},{"not_picked":["Underhanded Strike","PiercingWail"],"picked":"Predator","floor":45.0},{"not_picked":["Choke","Prepared","Slice+1"],"picked":"SKIP","floor":47.0},{"not_picked":["Expertise+1","PiercingWail","Outmaneuver"],"picked":"SKIP","floor":48.0}],"player_experience":866272,"relics_obtained":[{"floor":7.0,"key":"The Courier"},{"floor":9.0,"key":"Omamori"},{"floor":10.0,"key":"The Specimen"},{"floor":24.0,"key":"Bag of Preparation"},{"floor":25.0,"key":"Ninja Scroll"},{"floor":26.0,"key":"Blue Candle"},{"floor":27.0,"key":"Oddly Smooth Stone"},{"floor":41.0,"key":"Meat on the Bone"},{"floor":43.0,"key":"MawBank"},{"floor":45.0,"key":"Boot"}],"event_choices":[{"cards_removed":["PiercingWail"],"damage_healed":0.0,"max_hp_gain":0.0,"max_hp_loss":0.0,"gold_gain":0.0,"event_name":"WeMeetAgain","player_choice":"Gave Card","floor":4.0,"gold_loss":0.0,"damage_taken":0.0,"relics_obtained":["Centennial Puzzle"]},{"damage_healed":0.0,"max_hp_gain":0.0,"max_hp_loss":0.0,"gold_gain":0.0,"event_name":"FaceTrader","player_choice":"Trade","floor":14.0,"gold_loss":0.0,"damage_taken":0.0,"relics_obtained":["SsserpentHead"]},{"damage_healed":0.0,"max_hp_gain":0.0,"max_hp_loss":0.0,"gold_gain":0.0,"cards_transformed":["Strike_G","Strike_G"],"event_name":"Drug Dealer","player_choice":"Became Test Subject","floor":20.0,"gold_loss":0.0,"damage_taken":0.0,"cards_obtained":["Masterful Stab","Dagger Throw"]},{"damage_healed":0.0,"max_hp_gain":0.0,"max_hp_loss":0.0,"gold_gain":0.0,"event_name":"Vampires","player_choice":"Ignored","floor":21.0,"gold_loss":0.0,"damage_taken":0.0},{"damage_healed":0.0,"max_hp_gain":0.0,"max_hp_loss":0.0,"gold_gain":0.0,"event_name":"Designer","player_choice":"Upgrade","floor":36.0,"gold_loss":50.0,"damage_taken":0.0,"cards_upgraded":["Wraith Form v2"]},{"damage_healed":0.0,"max_hp_gain":0.0,"max_hp_loss":3.0,"gold_gain":0.0,"event_name":"Winding Halls","player_choice":"Max HP","floor":42.0,"gold_loss":0.0,"damage_taken":0.0},{"cards_removed":["Masterful Stab"],"damage_healed":0.0,"max_hp_gain":0.0,"max_hp_loss":0.0,"gold_gain":0.0,"event_name":"Falling","player_choice":"Removed Attack","floor":44.0,"gold_loss":0.0,"damage_taken":0.0},{"damage_healed":33.0,"max_hp_gain":0.0,"max_hp_loss":0.0,"gold_gain":0.0,"event_name":"MindBloom","player_choice":"Heal","floor":46.0,"gold_loss":0.0,"damage_taken":0.0,"cards_obtained":["Doubt"]}],"is_beta":false,"boss_relics":[{"not_picked":["Eternal Feather","Runic Pyramid"],"picked":"Sozu"},{"not_picked":["Philosopher\u0027s Stone","Pandora\u0027s Box"],"picked":"Snecko Eye"}],"items_purged_floors":[13,22,39],"is_endless":false,"potions_floor_spawned":[3,7,12,16,18,19,27,33,38,45],"ascension_level":20}