{"gold_per_floor":[116,34,34,34,34,34,34,75,75,98,98,121,140,156,156,282,282,301,324,249,262,287,287,287,386,386,336,336,357,375,56,56,175,175,198,221,242,242,242,242],"floor_reached":40,"playtime":5151,"items_purged":[],"score":478,"play_id":"e07106cd-89a1-475a-ac4f-348c5a5dfbe6","local_time":"20190418192456","is_ascension_mode":true,"campfire_choices":[{"data":"Noxious Fumes","floor":6.0,"key":"SMITH"},{"data":"Catalyst","floor":15.0,"key":"SMITH"},{"floor":23.0,"key":"REST"},{"floor":28.0,"key":"REST"},{"floor":32.0,"key":"REST"}],"neow_cost":"NONE","seed_source_timestamp":0,"circlet_count":0,"master_deck":["Defend_G","Defend_G","Defend_G","Defend_G","Defend_G","Strike_G","Strike_G","Strike_G","Strike_G","Strike_G","Survivor","Neutralize","Deadly Poison","Noxious Fumes+1","Deflect","Catalyst+1","After Image","Cloak And Dagger","Caltrops","Prepared+1","Adrenaline","Terror","Backflip","Cloak And Dagger"],"special_seed":0,"relics":["Ring of the Serpent","NeowsBlessing","Golden Idol","Singing Bowl","Ice Cream","Gambling Chip","Mercury Hourglass","Spirit Poop","Letter Opener","Regal Pillow","Fusion Hammer"],"potions_floor_usage":[40],"damage_taken":[{"damage":0.0,"enemies":"Small Slimes","floor":1.0,"turns":1.0},{"damage":0.0,"enemies":"3 Sentries","floor":8.0,"turns":1.0},{"damage":0.0,"enemies":"Jaw Worm","floor":10.0,"turns":1.0},{"damage":0.0,"enemies":"2 Louse","floor":12.0,"turns":2.0},{"damage":0.0,"enemies":"2 Fungi Beasts","floor":13.0,"turns":3.0},{"damage":1.0,"enemies":"Red Slaver","floor":14.0,"turns":4.0},{"damage":19.0,"enemies":"Hexaghost","floor":16.0,"turns":7.0},{"damage":9.0,"enemies":"3 Byrds","floor":18.0,"turns":3.0},{"damage":15.0,"enemies":"Spheric Guardian","floor":19.0,"turns":5.0},{"damage":40.0,"enemies":"3 Cultists","floor":21.0,"turns":5.0},{"damage":5.0,"enemies":"Snecko","floor":22.0,"turns":4.0},{"damage":16.0,"enemies":"Centurion and Healer","floor":29.0,"turns":6.0},{"damage":6.0,"enemies":"3 Cultists","floor":30.0,"turns":4.0},{"damage":19.0,"enemies":"Automaton","floor":33.0,"turns":11.0},{"damage":26.0,"enemies":"3 Shapes","floor":35.0,"turns":3.0},{"damage":10.0,"enemies":"Orb Walker","floor":36.0,"turns":4.0},{"damage":8.0,"enemies":"Sphere and 2 Shapes","floor":37.0,"turns":5.0},{"damage":58,"enemies":"Nemesis","floor":40,"turns":4}],"seed_played":"5275501259730060220","potions_obtained":[{"floor":12.0,"key":"LiquidBronze"},{"floor":19.0,"key":"GhostInAJar"},{"floor":30.0,"key":"SkillPotion"},{"floor":33.0,"key":"Poison Potion"},{"floor":35.0,"key":"Fire Potion"}],"is_trial":false,"path_per_floor":["M","$","?","T","?","R","?","E","T","M","?","M","M","M","R","B",null,"M","M","?","M","M","R","$","?","T","?","R","M","M","$","R","B",null,"M","M","M","?","$","E"],"character_chosen":"THE_SILENT","items_purchased":["Noxious Fumes","Regal Pillow","Backflip","GhostInAJar","Cloak And Dagger"],"campfire_rested":3,"item_purchase_floors":[2,31,31,31,31],"current_hp_per_floor":[70,70,70,70,58,58,70,70,70,72,72,74,74,75,75,56,76,67,52,52,12,9,32,32,32,32,32,55,39,33,33,71,54,80,56,48,42,42,42,0],"gold":242,"neow_bonus":"THREE_ENEMY_KILL","is_prod":false,"is_daily":false,"chose_seed":false,"campfire_upgraded":2,"win_rate":0,"timestamp":1555579496,"path_taken":["M","$","?","?","?","R","?","E","T","M","?","?","M","M","R","BOSS","M","M","?","M","?","R","$","?","T","?","R","M","M","$","R","BOSS","M","?","M","?","$","E"],"build_version":"2019-01-23","purchased_purges":0,"victory":false,"max_hp_per_floor":[70,70,70,70,70,70,70,70,70,72,72,74,74,76,76,76,76,76,76,76,76,78,78,78,78,78,78,78,78,78,78,78,80,80,82,84,86,86,86,86],"card_choices":[{"not_picked":["Dagger Throw","Masterful Stab"],"picked":"Deadly Poison","floor":1.0},{"not_picked":["Quick Slash","Cloak And Dagger"],"picked":"Deflect","floor":8.0},{"not_picked":["Underhanded Strike","All Out Attack","Dagger Spray"],"picked":"Singing Bowl","floor":10.0},{"not_picked":["Sucker Punch","Flying Knee","Dagger Spray"],"picked":"Singing Bowl","floor":12.0},{"not_picked":["Dodge and Roll","Acrobatics"],"picked":"Catalyst","floor":13.0},{"not_picked":["Finisher","Backstab","Prepared"],"picked":"Singing Bowl","floor":14.0},{"not_picked":["Burst","Malaise"],"picked":"After Image","floor":16.0},{"not_picked":["Flying Knee","Choke"],"picked":"Cloak And Dagger","floor":18.0},{"not_picked":["Expertise","Sucker Punch"],"picked":"Caltrops","floor":19.0},{"not_picked":["Poisoned Stab+1","Tactician"],"picked":"Prepared+1","floor":21.0},{"not_picked":["PiercingWail","Endless Agony","Acrobatics+1"],"picked":"Singing Bowl","floor":22.0},{"not_picked":["Blade Dance","Finisher"],"picked":"Adrenaline","floor":29.0},{"not_picked":["Flying Knee+1","PiercingWail+1"],"picked":"Terror","floor":30.0},{"not_picked":["A Thousand Cuts","Grand Finale","Bullet Time"],"picked":"Singing Bowl","floor":33.0},{"not_picked":["Heel Hook+1","Calculated Gamble+1","Predator+1"],"picked":"Singing Bowl","floor":35.0},{"not_picked":["Underhanded Strike+1","Predator","Bane"],"picked":"Singing Bowl","floor":36.0},{"not_picked":["Slice","Cloak And Dagger","Dagger Throw"],"picked":"Singing Bowl","floor":37.0}],"player_experience":328005,"relics_obtained":[{"floor":4.0,"key":"Singing Bowl"},{"floor":8.0,"key":"Gambling Chip"},{"floor":9.0,"key":"Mercury Hourglass"}],"event_choices":[{"damage_healed":0.0,"max_hp_gain":0.0,"max_hp_loss":0.0,"gold_gain":0.0,"event_name":"Golden Idol","player_choice":"Take Wound","floor":3.0,"gold_loss":0.0,"damage_taken":0.0,"relics_obtained":["Golden Idol"],"cards_obtained":["Injury"]},{"damage_healed":0.0,"max_hp_gain":0.0,"max_hp_loss":0.0,"gold_gain":0.0,"event_name":"Scrap Ooze","player_choice":"Success","floor":5.0,"gold_loss":0.0,"damage_taken":12.0,"relics_obtained":["Ice Cream"]},{"damage_healed":23.0,"max_hp_gain":0.0,"max_hp_loss":0.0,"gold_gain":0.0,"event_name":"Big Fish","player_choice":"Banana","floor":7.0,"gold_loss":0.0,"damage_taken":0.0},{"cards_removed":["Injury"],"damage_healed":0.0,"max_hp_gain":0.0,"max_hp_loss":0.0,"gold_gain":0.0,"event_name":"Bonfire Elementals","player_choice":"Offered Curse","floor":11.0,"gold_loss":0.0,"damage_taken":0.0,"relics_obtained":["Spirit Poop"]},{"damage_healed":0.0,"max_hp_gain":0.0,"max_hp_loss":0.0,"gold_gain":0.0,"event_name":"WeMeetAgain","player_choice":"Paid Gold","floor":20.0,"gold_loss":75.0,"damage_taken":0.0,"relics_obtained":["Letter Opener"]},{"damage_healed":0.0,"max_hp_gain":0.0,"max_hp_loss":0.0,"gold_gain":99.0,"event_name":"Nest","player_choice":"Stole From Cult","floor":25.0,"gold_loss":0.0,"damage_taken":0.0},{"damage_healed":0.0,"max_hp_gain":0.0,"max_hp_loss":0.0,"gold_gain":0.0,"event_name":"The Joust","player_choice":"Bet on Murderer","floor":27.0,"gold_loss":50.0,"damage_taken":0.0},{"damage_healed":0.0,"max_hp_gain":0.0,"max_hp_loss":0.0,"gold_gain":0.0,"event_name":"Mysterious Sphere","player_choice":"Ignored","floor":38.0,"gold_loss":0.0,"damage_taken":0.0}],"is_beta":false,"boss_relics":[{"not_picked":["Sozu","Runic Dome"],"picked":"Ring of the Serpent"},{"not_picked":["White Beast Statue","Velvet Choker"],"picked":"Fusion Hammer"}],"items_purged_floors":[],"is_endless":false,"potions_floor_spawned":[12,19,30,33,35],"killed_by":"Nemesis","ascension_level":2}