{"gold_per_floor":[119,133,133,152,152,179,179,179],"floor_reached":8,"playtime":456,"items_purged":[],"score":67,"play_id":"69c484a4-e9a2-489c-944d-9211e5b8df42","local_time":"20190302145811","is_ascension_mode":true,"campfire_choices":[],"neow_cost":"NONE","seed_source_timestamp":59950058821223,"circlet_count":0,"master_deck":["Strike_B","Strike_B","Strike_B","Strike_B","Defend_B","Defend_B","Defend_B","Defend_B+1","Zap","Dualcast+1","Blind","Loop","Self Repair","Conserve Battery"],"relics":["Cracked Core","War Paint","Question Card"],"potions_floor_usage":[6],"damage_taken":[{"damage":11,"enemies":"2 Louse","floor":1,"turns":3},{"damage":0,"enemies":"Small Slimes","floor":2,"turns":3},{"damage":7,"enemies":"Jaw Worm","floor":4,"turns":3},{"damage":37,"enemies":"3 Sentries","floor":6,"turns":9},{"damage":22,"enemies":"Exordium Wildlife","floor":8,"turns":4}],"seed_played":"-7710163276554015002","potions_obtained":[{"floor":1,"key":"SkillPotion"},{"floor":2,"key":"SpeedPotion"}],"is_trial":false,"path_per_floor":["M","M","?","M","?","E","?","M"],"character_chosen":"DEFECT","items_purchased":[],"campfire_rested":0,"item_purchase_floors":[],"current_hp_per_floor":[64,64,52,52,52,22,22,0],"gold":179,"neow_bonus":"RANDOM_COLORLESS","is_prod":false,"is_daily":false,"chose_seed":false,"campfire_upgraded":0,"win_rate":0,"timestamp":1551499091,"path_taken":["M","M","?","M","?","E","?","M"],"build_version":"2019-01-23","purchased_purges":0,"victory":false,"max_hp_per_floor":[75,75,75,75,75,75,75,75],"card_choices":[{"not_picked":["Reinforced Body","Redo"],"picked":"Loop","floor":1},{"not_picked":["Go for the Eyes","Sweeping Beam"],"picked":"Self Repair","floor":2},{"not_picked":["Compile Driver","Beam Cell"],"picked":"Conserve Battery","floor":4},{"not_picked":["Genetic Algorithm","Leap","Conserve Battery"],"picked":"SKIP","floor":6}],"player_experience":208710,"relics_obtained":[{"floor":6,"key":"Question Card"}],"event_choices":[{"damage_healed":0,"gold_gain":0,"player_choice":"Success","damage_taken":12,"relics_obtained":["War Paint"],"max_hp_gain":0,"max_hp_loss":0,"event_name":"Scrap Ooze","floor":3,"gold_loss":0},{"damage_healed":0,"gold_gain":0,"player_choice":"Leave","damage_taken":0,"max_hp_gain":0,"max_hp_loss":0,"event_name":"The Cleric","floor":5,"gold_loss":0},{"damage_healed":0,"gold_gain":0,"player_choice":"Ignored","damage_taken":0,"max_hp_gain":0,"max_hp_loss":0,"event_name":"Golden Wing","floor":7,"gold_loss":0}],"is_beta":false,"boss_relics":[],"items_purged_floors":[],"is_endless":false,"potions_floor_spawned":[1,2],"killed_by":"Exordium Wildlife","ascension_level":4}