{"gold_per_floor":[118,43,55,70,70,70,70,85,109,109,135,135,152,162,162,162],"floor_reached":16,"playtime":1616,"items_purged":["Strike_R"],"score":102,"play_id":"191e2114-fdfe-4bcd-9d24-4d874178dec5","local_time":"20190623114910","is_ascension_mode":false,"campfire_choices":[{"data":"Shrug It Off","floor":6,"key":"SMITH"},{"data":"Entrench","floor":10,"key":"SMITH"},{"floor":15,"key":"REST"}],"neow_cost":"NONE","seed_source_timestamp":2308485095125,"circlet_count":0,"master_deck":["Strike_R","Strike_R","Strike_R","Defend_R","Defend_R","Defend_R","Bash","Cleave","Inflame","Shrug It Off","Shrug It Off+1","Entrench+1","Ghostly Armor","Intimidate"],"relics":["Burning Blood","Lantern","Vajra","Boot"],"potions_floor_usage":[8,16,16],"damage_taken":[{"damage":20,"enemies":"Jaw Worm","floor":1,"turns":5},{"damage":2,"enemies":"2 Louse","floor":3,"turns":2},{"damage":1,"enemies":"Cultist","floor":4,"turns":3},{"damage":9,"enemies":"Exordium Wildlife","floor":8,"turns":7},{"damage":23,"enemies":"Lagavulin","floor":11,"turns":8},{"damage":1,"enemies":"Exordium Thugs","floor":13,"turns":7},{"damage":2,"enemies":"Red Slaver","floor":14,"turns":4},{"damage":88,"enemies":"Hexaghost","floor":16,"turns":14}],"seed_played":"-2749234107117738480","potions_obtained":[{"floor":4,"key":"Fruit Juice"},{"floor":11,"key":"Poison Potion"},{"floor":13,"key":"Swift Potion"}],"is_trial":false,"path_per_floor":["M","$","M","M","?","R","?","M","T","R","E","?","M","M","R","B"],"character_chosen":"IRONCLAD","items_purchased":[],"campfire_rested":1,"item_purchase_floors":[],"current_hp_per_floor":[66,66,70,75,80,80,73,75,75,75,58,51,56,60,87,0],"gold":162,"neow_bonus":"TRANSFORM_CARD","is_prod":false,"is_daily":false,"chose_seed":false,"campfire_upgraded":2,"win_rate":0.0,"timestamp":1561304950,"path_taken":["M","$","M","M","?","R","?","M","T","R","E","?","M","M","R","BOSS"],"build_version":"2019-01-23","purchased_purges":1,"victory":false,"max_hp_per_floor":[80,80,80,80,85,85,85,90,90,90,90,90,90,90,90,90],"card_choices":[{"not_picked":["Anger","Armaments"],"picked":"Inflame","floor":1},{"not_picked":["Warcry","Perfected Strike"],"picked":"Shrug It Off","floor":3},{"not_picked":["Sword Boomerang","Clothesline"],"picked":"Shrug It Off","floor":4},{"not_picked":["Dual Wield","Wild Strike"],"picked":"Entrench","floor":8},{"not_picked":["Armaments","Warcry"],"picked":"Ghostly Armor","floor":11},{"not_picked":["Whirlwind","Thunderclap","Dark Embrace"],"picked":"SKIP","floor":13},{"not_picked":["Sword Boomerang","Warcry"],"picked":"Intimidate","floor":14}],"player_experience":147788,"relics_obtained":[{"floor":9,"key":"Lantern"},{"floor":11,"key":"Vajra"}],"event_choices":[{"damage_healed":0,"gold_gain":0,"player_choice":"Donut","damage_taken":0,"max_hp_gain":5,"max_hp_loss":0,"event_name":"Big Fish","floor":5,"gold_loss":0},{"cards_removed":["Defend_R"],"damage_healed":0,"gold_gain":0,"player_choice":"Card Removal","damage_taken":7,"max_hp_gain":0,"max_hp_loss":0,"event_name":"Golden Wing","floor":7,"gold_loss":0},{"damage_healed":0,"gold_gain":0,"player_choice":"Success","damage_taken":7,"relics_obtained":["Boot"],"max_hp_gain":0,"max_hp_loss":0,"event_name":"Scrap Ooze","floor":12,"gold_loss":0}],"is_beta":false,"boss_relics":[],"items_purged_floors":[2],"is_endless":false,"potions_floor_spawned":[4,11,13],"killed_by":"Hexaghost","ascension_level":0}