{"path_per_floor":["M","?","M","M","M","E","R","E","T","$","?","M","M","?","R","B",null,"M","$","M","M","?","E","M","M","T","$","E","M","M","E","R","B",null,"M","$","?","$","M","M","E","M","T","?","M","E","M"],"character_chosen":"THE_SILENT","items_purchased":["Vajra","Torii","Cloak And Dagger","Regen Potion"],"gold_per_floor":[113,113,131,148,167,198,198,226,226,4,254,271,286,348,348,451,451,423,33,51,61,61,90,110,122,148,54,84,96,110,139,139,236,236,254,129,129,129,142,161,195,209,232,232,251,277,296],"floor_reached":48,"campfire_rested":1,"playtime":7862,"current_hp_per_floor":[70,70,63,62,62,58,58,52,52,52,52,50,49,32,53,52,70,70,70,59,49,49,48,39,24,24,24,39,38,37,47,47,31,80,80,80,80,80,68,59,54,45,45,45,44,44,31],"items_purged":["Strike_G","Strike_G","Doubt"],"gold":296,"play_id":"2d19e287-868c-4914-bde7-75a5993ad696","is_prod":false,"is_daily":false,"is_ascension_mode":false,"campfire_upgraded":2,"path_taken":["M","?","M","M","M","E","R","E","T","$","?","?","M","?","R","BOSS","M","$","M","?","?","E","M","M","T","$","E","M","M","E","R","BOSS","M","$","?","?","M","M","E","?","T","?","M","E","M","E"],"build_version":"2018-02-01-PROD3","purchased_purges":3,"victory":false,"master_deck":["Defend_G","Defend_G","Defend_G","Defend_G","Defend_G","Strike_G","Strike_G","Strike_G","Survivor","Neutralize+1","Infinite Blades+1","Dagger Throw","Deflect","Adrenaline","Caltrops","Accuracy","Noxious Fumes","Footwork+1","Distraction","Unload","Backflip","Backstab","Leg Sweep","Slice","Dagger Spray+1","Quick Slash","Backflip","Cloak And Dagger","Backstab","Footwork","Bullet Time+1","Cloak And Dagger","Flying Knee+1","Cloak And Dagger+1","Sucker Punch+1","Wraith Form+1","Doubt","Acrobatics+1","Backflip+1","Terror+1","Infinite Blades+1","Accuracy+1","Backflip+1","PiercingWail+1","Dodge and Roll+1"],"max_hp_per_floor":[70,70,70,70,70,70,70,70,70,70,70,70,70,70,70,70,70,70,70,70,70,70,70,70,70,70,70,70,70,70,80,80,80,80,80,80,80,80,80,80,87,87,87,87,87,87,87],"relics":["Ring of the Snake","Ancient Tea Set","Omamori","Anchor","Frozen Eye","Vajra","Orichalcum","Orrery","Torii","Matryoshka","Frozen Egg 2","Oddly Smooth Stone","Mercury Hourglass","Pear","Calling Bell","Toxic Egg 2","Happy Flower","Prayer Wheel","Strawberry","Bag of Marbles","Bronze Scales","Gambling Chip"],"card_choices":[{"not_picked":["Bane","Eviscerate"],"picked":"Infinite Blades"},{"not_picked":["Underhanded Strike","Blade Dance"],"picked":"Dagger Throw"},{"not_picked":["Sucker Punch","Dodge and Roll"],"picked":"Deflect"},{"not_picked":["Deadly Poison","Dodge and Roll"],"picked":"Adrenaline"},{"not_picked":["Slice","Flechettes"],"picked":"Caltrops"},{"not_picked":["Prepared","Heel Hook"],"picked":"Accuracy"},{"not_picked":["Masterful Stab","Deadly Poison"],"picked":"Noxious Fumes"},{"not_picked":["Poisoned Stab","Sucker Punch"],"picked":"Footwork"},{"not_picked":["Outmaneuver","All Out Attack"],"picked":"Distraction"},{"not_picked":["Corpse Explosion","Doppelganger"],"picked":"Unload"},{"not_picked":["Noxious Fumes","Bane"],"picked":"Backflip"},{"not_picked":["Crippling Poison","Dodge and Roll"],"picked":"Backstab"},{"not_picked":["Noxious Fumes","Prepared"],"picked":"Leg Sweep"},{"not_picked":["All Out Attack","Bane"],"picked":"Slice"},{"not_picked":["Masterful Stab","Flying Knee"],"picked":"Dagger Spray"},{"not_picked":["Outmaneuver","Poisoned Stab"],"picked":"Quick Slash"},{"not_picked":["Poisoned Stab","Endless Agony"],"picked":"Backflip"},{"not_picked":["Reflex","Poisoned Stab"],"picked":"Backstab"},{"not_picked":["Predator","Dagger Throw"],"picked":"Footwork"},{"not_picked":["Predator","Flying Knee"],"picked":"Bullet Time"},{"not_picked":["Calculated Gamble","Dodge and Roll"],"picked":"Flying Knee"},{"not_picked":["Acrobatics","Dodge and Roll"],"picked":"Cloak And Dagger"},{"not_picked":["Bane","Accuracy"],"picked":"Sucker Punch"},{"not_picked":["Corpse Explosion","Unload"],"picked":"Wraith Form"},{"not_picked":["Crippling Poison","Underhanded Strike"],"picked":"Acrobatics"},{"not_picked":["Outmaneuver","Sucker Punch"],"picked":"Backflip"},{"not_picked":["Calculated Gamble","Predator"],"picked":"Terror"},{"not_picked":["Poisoned Stab","Burst"],"picked":"Infinite Blades"},{"not_picked":["Finisher","All Out Attack"],"picked":"Accuracy"},{"not_picked":["Poisoned Stab","Malaise"],"picked":"Backflip"},{"not_picked":["Catalyst","Dagger Spray"],"picked":"PiercingWail"},{"not_picked":["Doppelganger","Caltrops"],"picked":"Dodge and Roll"}],"player_experience":125675,"potions_floor_usage":[6,6,8,18,21,23,25,28,31,31,33,33,39,48],"damage_taken":[{"damage":0,"enemies":"2 Louse","floor":1,"turns":4},{"damage":7,"enemies":"Blue Slaver","floor":3,"turns":6},{"damage":1,"enemies":"Cultist","floor":4,"turns":4},{"damage":0,"enemies":"2 Fungi Beasts","floor":5,"turns":6},{"damage":4,"enemies":"Gremlin Nob","floor":6,"turns":3},{"damage":6,"enemies":"3 Sentries","floor":8,"turns":5},{"damage":2,"enemies":"Lots of Slimes","floor":12,"turns":4},{"damage":1,"enemies":"Exordium Wildlife","floor":13,"turns":5},{"damage":17,"enemies":"3 Sentries","floor":14,"turns":6},{"damage":1,"enemies":"Hexaghost","floor":16,"turns":9},{"damage":0,"enemies":"2 Thieves","floor":18,"turns":5},{"damage":11,"enemies":"Spheric Guardian","floor":20,"turns":4},{"damage":10,"enemies":"Slaver and Parasite","floor":21,"turns":7},{"damage":1,"enemies":"Gremlin Leader","floor":23,"turns":10},{"damage":9,"enemies":"Centurion and Healer","floor":24,"turns":7},{"damage":15,"enemies":"Snake Plant","floor":25,"turns":4},{"damage":0,"enemies":"Book of Stabbing","floor":28,"turns":5},{"damage":1,"enemies":"Sentry and Sphere","floor":29,"turns":5},{"damage":1,"enemies":"Centurion and Healer","floor":30,"turns":5},{"damage":0,"enemies":"Slavers","floor":31,"turns":5},{"damage":16,"enemies":"Champ","floor":33,"turns":13},{"damage":0,"enemies":"Orb Walker","floor":35,"turns":5},{"damage":12,"enemies":"3 Darklings","floor":39,"turns":5},{"damage":9,"enemies":"Maw","floor":40,"turns":7},{"damage":12,"enemies":"2 Orb Walkers","floor":41,"turns":6},{"damage":9,"enemies":"4 Shapes","floor":42,"turns":5},{"damage":1,"enemies":"3 Darklings","floor":45,"turns":4},{"damage":0,"enemies":"Giant Head","floor":46,"turns":7},{"damage":13,"enemies":"Maw","floor":47,"turns":7},{"damage":41,"enemies":"2 Orb Walkers","floor":48,"turns":5}],"event_choices":[{"event_name":"Upgrade Shrine","player_choice":"Upgraded","floor":2,"damage_taken":0},{"event_name":"Golden Shrine","player_choice":"Desecrate","floor":11,"damage_taken":0},{"event_name":"Dead Adventurer","player_choice":"Searched \u00271\u0027 times","floor":14,"damage_taken":0},{"event_name":"The Library","player_choice":"Read","floor":22,"damage_taken":0},{"event_name":"Upgrade Shrine","player_choice":"Upgraded","floor":37,"damage_taken":0},{"event_name":"Accursed Blacksmith","player_choice":"Ignore","floor":44,"damage_taken":0}],"boss_relics":[{"not_picked":["Snecko Eye","Philosopher\u0027s Stone"],"picked":"Orrery"},{"not_picked":["The Specimen","Runic Pyramid"],"picked":"Calling Bell"}],"potions_floor_spawned":[4,5,6,12,14,20,23,24,28,29,31,35,47],"seed_played":"4910783661906082367","killed_by":"2 Orb Walkers","ascension_level":0,"is_trial":false}