{"gold_per_floor":[114,130,130,130,143,176,187,212,238,250,262,291,303,340,352,466,478,508,540,552,596,608,651,663,775,787,799,822,834,846,878,890,902],"floor_reached":33,"playtime":1391,"items_purged":[],"score":297,"play_id":"a599c149-96ab-4c07-9c65-e0968bee3645","local_time":"20190122222857","is_ascension_mode":true,"campfire_choices":[{"floor":10,"key":"REST"},{"floor":13,"key":"REST"},{"floor":15,"key":"REST"},{"floor":24,"key":"REST"},{"floor":27,"key":"REST"},{"floor":32,"key":"REST"}],"neow_cost":"NONE","seed_source_timestamp":1047453947320608,"circlet_count":0,"master_deck":["Strike_B+1","Strike_B+1","Strike_B+1","Strike_B+1","Defend_B+1","Defend_B+1","Defend_B+1","Defend_B+1","Zap+1","Dualcast+1","Sweeping Beam","Cold Snap","Hello World","Rip and Tear+1","Sunder+1","Auto Shields+1","Barrage+1","Streamline+1","Electrodynamics","Barrage+1","Beam Cell+1","Blizzard+1","Go for the Eyes+1","Glacier","Writhe"],"relics":["Cracked Core","NeowsBlessing","Molten Egg 2","Oddly Smooth Stone","MawBank","Strawberry","Black Star","Red Mask","War Paint","Blood Vial","Ice Cream","Question Card","Bag of Marbles","Regal Pillow","Enchiridion"],"potions_floor_usage":[14,16,33],"damage_taken":[{"damage":0,"enemies":"Cultist","floor":1,"turns":1},{"damage":0,"enemies":"2 Louse","floor":2,"turns":1},{"damage":0,"enemies":"Small Slimes","floor":5,"turns":1},{"damage":37,"enemies":"3 Sentries","floor":6,"turns":5},{"damage":12,"enemies":"2 Fungi Beasts","floor":7,"turns":2},{"damage":12,"enemies":"Gremlin Nob","floor":8,"turns":3},{"damage":8,"enemies":"Looter","floor":12,"turns":2},{"damage":16,"enemies":"Lagavulin","floor":14,"turns":4},{"damage":46,"enemies":"Hexaghost","floor":16,"turns":9},{"damage":0,"enemies":"Spheric Guardian","floor":18,"turns":3},{"damage":0,"enemies":"Chosen","floor":19,"turns":4},{"damage":10,"enemies":"Masked Bandits","floor":21,"turns":3},{"damage":38,"enemies":"Slavers","floor":23,"turns":3},{"damage":16,"enemies":"Colosseum Slavers","floor":25,"turns":3},{"damage":12,"enemies":"Colosseum Nobs","floor":25,"turns":3},{"damage":15,"enemies":"Snecko","floor":28,"turns":3},{"damage":7,"enemies":"Chosen and Byrds","floor":31,"turns":4},{"damage":84,"enemies":"Automaton","floor":33,"turns":6}],"seed_played":"2747297507243440349","potions_obtained":[{"floor":6,"key":"SteroidPotion"},{"floor":7,"key":"Weak Potion"},{"floor":8,"key":"Explosive Potion"},{"floor":14,"key":"SkillPotion"},{"floor":18,"key":"Poison Potion"}],"is_trial":false,"path_per_floor":["M","M","?","?","M","E","M","E","T","R","$","M","R","E","R","B",null,"M","M","?","?","?","E","R","?","T","R","M","?","?","M","R","B"],"character_chosen":"DEFECT","items_purchased":[],"campfire_rested":6,"item_purchase_floors":[],"current_hp_per_floor":[75,75,75,80,80,43,31,19,19,43,43,35,59,50,76,30,87,87,87,87,77,77,39,65,41,41,67,54,54,38,33,74,0],"gold":902,"neow_bonus":"THREE_ENEMY_KILL","is_prod":false,"is_daily":false,"chose_seed":false,"campfire_upgraded":0,"win_rate":0,"timestamp":1548156537,"path_taken":["M","?","?","?","M","E","M","E","T","R","$","M","R","E","R","BOSS","M","M","?","?","?","E","R","?","T","R","?","?","?","M","R","BOSS"],"build_version":"2019-01-17v2","purchased_purges":0,"victory":false,"max_hp_per_floor":[75,75,75,80,80,80,80,80,80,80,80,80,80,87,87,87,87,87,87,87,87,87,87,87,87,87,87,87,87,87,87,87,87],"card_choices":[{"not_picked":["Leap","Rip and Tear"],"picked":"Sweeping Beam","floor":1},{"not_picked":["Fusion","Stack"],"picked":"Cold Snap","floor":2},{"not_picked":["Rebound","Streamline"],"picked":"Hello World","floor":5},{"not_picked":["Rebound","Fusion"],"picked":"Rip and Tear","floor":6},{"not_picked":["Skim","Undo"],"picked":"Sunder+1","floor":7},{"not_picked":["Cold Snap+1","Thunder Strike+1"],"picked":"Auto Shields","floor":8},{"not_picked":["Compile Driver+1","Rebound+1"],"picked":"Barrage+1","floor":12},{"not_picked":["Force Field","Hologram"],"picked":"Streamline+1","floor":14},{"not_picked":["Biased Cognition","Machine Learning"],"picked":"Electrodynamics","floor":16},{"not_picked":["Streamline+1","Redo+1","Steam Power"],"picked":"SKIP","floor":18},{"not_picked":["Steam","Leap"],"picked":"Barrage+1","floor":19},{"not_picked":["Lockon+1","Streamline+1"],"picked":"Beam Cell+1","floor":21},{"not_picked":["Rebound+1","Self Repair+1"],"picked":"Blizzard+1","floor":23},{"not_picked":["Coolheaded+1","Rebound+1"],"picked":"Go for the Eyes+1","floor":25},{"not_picked":["Hello World","Ball Lightning+1","Blizzard+1"],"picked":"Glacier","floor":28},{"not_picked":["Coolheaded+1","Machine Learning","Lockon+1","Fusion"],"picked":"SKIP","floor":31}],"player_experience":87003,"relics_obtained":[{"floor":6,"key":"Molten Egg 2"},{"floor":8,"key":"Oddly Smooth Stone"},{"floor":9,"key":"MawBank"},{"floor":14,"key":"Strawberry"},{"floor":21,"key":"Red Mask"},{"floor":23,"key":"War Paint"},{"floor":23,"key":"Blood Vial"},{"floor":25,"key":"Ice Cream"},{"floor":25,"key":"Question Card"},{"floor":26,"key":"Bag of Marbles"},{"floor":30,"key":"Enchiridion"}],"event_choices":[{"damage_healed":0,"gold_gain":0,"player_choice":"Grow","damage_taken":0,"max_hp_gain":0,"max_hp_loss":0,"event_name":"Living Wall","floor":3,"gold_loss":0,"cards_upgraded":["Zap"]},{"damage_healed":0,"gold_gain":0,"player_choice":"Donut","damage_taken":0,"max_hp_gain":5,"max_hp_loss":0,"event_name":"Big Fish","floor":4,"gold_loss":0},{"damage_healed":0,"gold_gain":0,"player_choice":"Simplicity","damage_taken":0,"max_hp_gain":0,"max_hp_loss":0,"event_name":"Back to Basics","floor":20,"gold_loss":0,"cards_upgraded":["Strike_B","Strike_B","Strike_B","Strike_B","Defend_B","Defend_B","Defend_B","Defend_B"]},{"damage_healed":0,"gold_gain":0,"player_choice":"Fought Bandits","damage_taken":0,"max_hp_gain":0,"max_hp_loss":0,"event_name":"Masked Bandits","floor":21,"gold_loss":0},{"damage_healed":0,"gold_gain":0,"player_choice":"Ignored","damage_taken":0,"max_hp_gain":0,"max_hp_loss":0,"event_name":"Beggar","floor":22,"gold_loss":0},{"damage_healed":0,"gold_gain":0,"player_choice":"Fight","damage_taken":0,"max_hp_gain":0,"max_hp_loss":0,"event_name":"Colosseum","floor":25,"gold_loss":0},{"damage_healed":0,"gold_gain":0,"player_choice":"Fought Nobs","damage_taken":0,"max_hp_gain":0,"max_hp_loss":0,"event_name":"Colosseum","floor":25,"gold_loss":0},{"damage_healed":0,"gold_gain":0,"player_choice":"Opened","damage_taken":0,"relics_obtained":["Regal Pillow"],"max_hp_gain":0,"max_hp_loss":0,"event_name":"The Mausoleum","floor":29,"gold_loss":0,"cards_obtained":["Writhe"]},{"damage_healed":0,"gold_gain":0,"player_choice":"Obtained Book","damage_taken":16,"max_hp_gain":0,"max_hp_loss":0,"event_name":"Cursed Tome","floor":30,"gold_loss":0}],"is_beta":false,"boss_relics":[{"not_picked":["White Beast Statue","Coffee Dripper"],"picked":"Black Star"}],"items_purged_floors":[],"is_endless":false,"potions_floor_spawned":[6,7,8,14,18,19,23],"killed_by":"Automaton","ascension_level":1}