{"gold_per_floor":[116,133,133,133,146,146,176,176,201,234,234,254,268,279,279,279],"floor_reached":16,"playtime":1002,"items_purged":[],"score":123,"play_id":"816cac17-8f4d-4215-844d-2412a7c2778c","local_time":"20190418164601","is_ascension_mode":true,"campfire_choices":[{"floor":8,"key":"REST"},{"floor":11,"key":"REST"},{"floor":15,"key":"REST"}],"neow_cost":"NONE","seed_source_timestamp":0,"circlet_count":0,"master_deck":["Defend_G","Defend_G","Defend_G","Defend_G","Defend_G","Strike_G","Strike_G","Strike_G","Strike_G","Survivor","Neutralize","Cloak And Dagger","Backflip","Blade Dance","Backstab"],"special_seed":0,"relics":["Ring of the Snake","NeowsBlessing","Pen Nib","Blood Vial","Frozen Egg 2"],"potions_floor_usage":[10,10],"damage_taken":[{"damage":0.0,"enemies":"Cultist","floor":1.0,"turns":1.0},{"damage":0,"enemies":"Small Slimes","floor":2,"turns":1},{"damage":0,"enemies":"2 Louse","floor":5,"turns":1},{"damage":26,"enemies":"3 Sentries","floor":7,"turns":15},{"damage":60,"enemies":"Lagavulin","floor":10,"turns":11},{"damage":10,"enemies":"Exordium Thugs","floor":12,"turns":7},{"damage":7,"enemies":"Lots of Slimes","floor":13,"turns":5},{"damage":3,"enemies":"Blue Slaver","floor":14,"turns":5},{"damage":17,"enemies":"Slime Boss","floor":16,"turns":5}],"seed_played":"-5163689769358926605","potions_obtained":[{"floor":2,"key":"Ancient Potion"},{"floor":5,"key":"GamblersBrew"},{"floor":7,"key":"GamblersBrew"}],"is_trial":false,"path_per_floor":["M","M","?","?","M","$","E","R","T","E","R","M","M","M","R","B"],"character_chosen":"THE_SILENT","items_purchased":[],"campfire_rested":3,"item_purchase_floors":[],"current_hp_per_floor":[70,70,70,70,70,70,44,65,65,7,28,20,15,14,35,20],"gold":279,"neow_bonus":"THREE_ENEMY_KILL","is_prod":false,"is_daily":false,"chose_seed":false,"campfire_upgraded":0,"win_rate":0,"timestamp":1555569961,"path_taken":["M","?","?","?","M","$","E","R","T","E","R","M","M","M","R","BOSS"],"build_version":"2019-01-23","purchased_purges":0,"victory":false,"max_hp_per_floor":[70,70,70,70,70,70,70,70,70,70,70,70,70,70,70,70],"card_choices":[{"not_picked":["Outmaneuver","Skewer"],"picked":"Cloak And Dagger","floor":1},{"not_picked":["Dagger Spray","Poisoned Stab"],"picked":"Backflip","floor":2},{"not_picked":["PiercingWail","Escape Plan","Sucker Punch"],"picked":"SKIP","floor":5},{"not_picked":["Phantasmal Killer","Corpse Explosion","Eviscerate"],"picked":"SKIP","floor":7},{"not_picked":["Catalyst","Reflex","PiercingWail"],"picked":"SKIP","floor":10},{"not_picked":["Slice","PiercingWail"],"picked":"Blade Dance","floor":12},{"not_picked":["Calculated Gamble","Dodge and Roll","Acrobatics"],"picked":"SKIP","floor":13},{"not_picked":["Sucker Punch","Flying Knee"],"picked":"Backstab","floor":14}],"player_experience":323657,"relics_obtained":[{"floor":7,"key":"Pen Nib"},{"floor":9,"key":"Blood Vial"},{"floor":10,"key":"Frozen Egg 2"}],"event_choices":[{"damage_healed":0,"gold_gain":0,"player_choice":"Ignored","damage_taken":0,"max_hp_gain":0,"max_hp_loss":0,"event_name":"Liars Game","floor":3,"gold_loss":0},{"cards_removed":["Strike_G"],"damage_healed":0,"gold_gain":0,"player_choice":"Offered Basic","damage_taken":0,"max_hp_gain":0,"max_hp_loss":0,"event_name":"Bonfire Elementals","floor":4,"gold_loss":0}],"is_beta":false,"boss_relics":[],"items_purged_floors":[],"is_endless":false,"potions_floor_spawned":[2,5,7],"killed_by":"Slime Boss","ascension_level":2}