{"gold_per_floor":[112,112,44,58,76,110,110,125,125,142,142,10,37,15,15,110,110,129,129,149,168,178,204,204,232,258,271,49,65,80,93,93,188,188,201,211,211,228,242,242,254,267,267,5,39,39,59,74,74,74],"floor_reached":51,"playtime":6389,"items_purged":[],"score":737,"play_id":"41b3298a-86e4-4bc6-ae9c-88b4b61ed661","local_time":"20190623194813","is_ascension_mode":false,"campfire_choices":[{"data":"After Image","floor":7.0,"key":"SMITH"},{"data":"Infinite Blades","floor":11.0,"key":"SMITH"},{"floor":15.0,"key":"REST"},{"floor":24.0,"key":"REST"},{"floor":32.0,"key":"REST"},{"floor":40.0,"key":"REST"},{"floor":46.0,"key":"REST"},{"data":"1","floor":49,"key":"LIFT"}],"neow_cost":"NONE","seed_source_timestamp":0,"circlet_count":0,"master_deck":["Survivor","Neutralize","Infinite Blades+1","Terror","Iron Wave","Footwork","Backflip","After Image+1","Acrobatics","Quick Slash","Backstab","Footwork","Cloak And Dagger","Accuracy","Burst","Tactician","Finisher+1","Slice","Noxious Fumes","Infinite Blades","Distraction","Blade Dance","Acrobatics","Endless Agony","A Thousand Cuts","Choke","Dagger Throw","Endless Agony","After Image","Riddle With Holes","Dagger Spray","Underhanded Strike","Cloak And Dagger","Backstab","Cloak And Dagger+1","Infinite Blades+1","Cloak And Dagger+1","Dodge and Roll+1","Deflect+1","Escape Plan","Blade Dance+1","Burst"],"special_seed":0,"relics":["Ring of the Snake","Ancient Tea Set","Mercury Hourglass","Ice Cream","Fusion Hammer","Meat on the Bone","Pocketwatch","Dream Catcher","PreservedInsect","Pandora\u0027s Box","Kunai","Sundial","Girya"],"potions_floor_usage":[48,50],"damage_taken":[{"damage":6.0,"enemies":"2 Louse","floor":1.0,"turns":3.0},{"damage":2.0,"enemies":"Cultist","floor":4.0,"turns":4.0},{"damage":0.0,"enemies":"Jaw Worm","floor":5.0,"turns":4.0},{"damage":8.0,"enemies":"3 Sentries","floor":6.0,"turns":12.0},{"damage":0.0,"enemies":"Large Slime","floor":8.0,"turns":5.0},{"damage":9.0,"enemies":"Gremlin Gang","floor":10.0,"turns":5.0},{"damage":7.0,"enemies":"Lagavulin","floor":13.0,"turns":5.0},{"damage":9.0,"enemies":"The Guardian","floor":16.0,"turns":10.0},{"damage":6.0,"enemies":"2 Thieves","floor":18.0,"turns":4.0},{"damage":0.0,"enemies":"Chosen","floor":20.0,"turns":5.0},{"damage":8.0,"enemies":"Centurion and Healer","floor":21.0,"turns":7.0},{"damage":0.0,"enemies":"3 Cultists","floor":22.0,"turns":4.0},{"damage":7.0,"enemies":"Gremlin Leader","floor":23.0,"turns":6.0},{"damage":1.0,"enemies":"Book of Stabbing","floor":25.0,"turns":5.0},{"damage":18.0,"enemies":"Snake Plant","floor":27.0,"turns":4.0},{"damage":7.0,"enemies":"Centurion and Healer","floor":29.0,"turns":6.0},{"damage":0.0,"enemies":"Snecko","floor":30.0,"turns":3.0},{"damage":3.0,"enemies":"Snake Plant","floor":31.0,"turns":5.0},{"damage":29.0,"enemies":"Automaton","floor":33.0,"turns":8.0},{"damage":18.0,"enemies":"Orb Walker","floor":35.0,"turns":3.0},{"damage":29.0,"enemies":"3 Darklings","floor":36.0,"turns":3.0},{"damage":17.0,"enemies":"Spire Growth","floor":38.0,"turns":4.0},{"damage":19.0,"enemies":"Maw","floor":39.0,"turns":6.0},{"damage":0.0,"enemies":"Transient","floor":41.0,"turns":5.0},{"damage":19.0,"enemies":"3 Darklings","floor":42.0,"turns":6.0},{"damage":30.0,"enemies":"Nemesis","floor":45.0,"turns":5.0},{"damage":9,"enemies":"Maw","floor":47,"turns":6},{"damage":0,"enemies":"Sphere and 2 Shapes","floor":48,"turns":4},{"damage":10,"enemies":"Awakened One","floor":50,"turns":10}],"seed_played":"2081249079622909222","potions_obtained":[{"floor":8.0,"key":"Poison Potion"},{"floor":10.0,"key":"Fire Potion"},{"floor":13.0,"key":"GamblersBrew"},{"floor":18.0,"key":"AttackPotion"},{"floor":22.0,"key":"Swift Potion"},{"floor":23.0,"key":"Energy Potion"},{"floor":29.0,"key":"Block Potion"},{"floor":36.0,"key":"SpeedPotion"},{"floor":47,"key":"SkillPotion"},{"floor":48,"key":"Block Potion"}],"is_trial":false,"path_per_floor":["M","?","$","M","M","E","R","M","T","M","R","$","E","?","R","B",null,"M","?","M","M","M","E","R","E","T","M","$","M","M","M","R","B",null,"M","M","?","M","M","R","M","M","T","$","E","R","M","M","R","B",null],"character_chosen":"THE_SILENT","items_purchased":["Footwork","Footwork","Cloak And Dagger","PreservedInsect","Distraction","Sundial"],"campfire_rested":5,"item_purchase_floors":[3,12,12,28,28,44],"current_hp_per_floor":[64,64,64,62,62,54,54,54,54,45,45,45,38,38,59,50,70,64,64,64,56,56,49,70,69,69,51,51,44,44,41,62,45,70,52,35,35,30,23,44,44,37,37,37,19,40,43,43,43,45],"gold":74,"neow_bonus":"THREE_CARDS","is_prod":false,"is_daily":false,"chose_seed":false,"campfire_upgraded":2,"win_rate":0.0,"timestamp":1561333693,"path_taken":["M","?","?","M","M","E","R","M","T","M","R","$","E","?","R","BOSS","M","?","M","M","M","E","R","E","T","M","$","M","?","M","R","BOSS","M","M","?","M","?","R","M","M","T","?","E","R","?","M","R","BOSS"],"build_version":"2019-01-23","purchased_purges":0,"victory":true,"max_hp_per_floor":[70,70,70,70,70,70,70,70,70,70,70,70,70,70,70,70,70,70,70,70,70,70,70,70,70,70,70,70,70,70,70,70,70,70,70,70,70,70,70,70,70,70,70,70,70,70,70,70,70,70],"card_choices":[{"not_picked":["Deflect","Bouncing Flask"],"picked":"Infinite Blades","floor":0.0},{"not_picked":["Outmaneuver","Heel Hook"],"picked":"Terror","floor":1.0},{"not_picked":["Dagger Spray","Deadly Poison"],"picked":"Backflip","floor":4.0},{"not_picked":["Deadly Poison","Accuracy"],"picked":"After Image","floor":5.0},{"not_picked":["Predator","Slice"],"picked":"Acrobatics","floor":6.0},{"not_picked":["Dagger Spray","Poisoned Stab"],"picked":"Quick Slash","floor":8.0},{"not_picked":["Prepared","Catalyst"],"picked":"Backstab","floor":10.0},{"not_picked":["Slice","Expertise"],"picked":"Accuracy","floor":13.0},{"not_picked":["Doppelganger","Corpse Explosion"],"picked":"Burst","floor":16.0},{"not_picked":["Outmaneuver","Expertise"],"picked":"Tactician","floor":18.0},{"not_picked":["Bane","Choke"],"picked":"Finisher+1","floor":20.0},{"not_picked":["Skewer","Outmaneuver","Tactician"],"picked":"SKIP","floor":21.0},{"not_picked":["Riddle With Holes","Endless Agony","Poisoned Stab"],"picked":"SKIP","floor":22.0},{"not_picked":["Catalyst","Malaise"],"picked":"Slice","floor":23.0},{"not_picked":["Flying Knee","Catalyst"],"picked":"Noxious Fumes","floor":25.0},{"not_picked":["PiercingWail+1","Sucker Punch+1"],"picked":"Infinite Blades","floor":27.0},{"not_picked":["Poisoned Stab","Heel Hook"],"picked":"Blade Dance","floor":29.0},{"not_picked":["Poisoned Stab","Calculated Gamble"],"picked":"Acrobatics","floor":30.0},{"not_picked":["Underhanded Strike","Flying Knee+1","Doppelganger"],"picked":"SKIP","floor":31.0},{"not_picked":["Backflip","Skewer"],"picked":"Endless Agony","floor":32.0},{"not_picked":["Storm of Steel","Corpse Explosion"],"picked":"A Thousand Cuts","floor":33.0},{"not_picked":["Endless Agony","Backflip","Cloak And Dagger"],"picked":"SKIP","floor":35.0},{"not_picked":["Masterful Stab+1","Heel Hook"],"picked":"Cloak And Dagger+1","floor":36.0},{"not_picked":["Flying Knee+1","Prepared+1"],"picked":"Cloak And Dagger+1","floor":38.0},{"not_picked":["Poisoned Stab","Infinite Blades+1"],"picked":"Dodge and Roll+1","floor":39.0},{"not_picked":["Calculated Gamble","Bane+1"],"picked":"Deflect+1","floor":40.0},{"not_picked":["Cloak And Dagger+1","Dodge and Roll+1"],"picked":"Escape Plan","floor":41.0},{"not_picked":["Riddle With Holes","Bane"],"picked":"Blade Dance+1","floor":42.0},{"not_picked":["Cloak And Dagger+1","Flechettes"],"picked":"Burst","floor":45.0},{"not_picked":["Outmaneuver","Flying Knee","Sucker Punch"],"picked":"SKIP","floor":47},{"not_picked":["Dagger Throw+1","Flechettes","Dagger Spray"],"picked":"SKIP","floor":48}],"player_experience":89372,"relics_obtained":[{"floor":6.0,"key":"Ancient Tea Set"},{"floor":9.0,"key":"Mercury Hourglass"},{"floor":13.0,"key":"Ice Cream"},{"floor":23.0,"key":"Meat on the Bone"},{"floor":25.0,"key":"Pocketwatch"},{"floor":26.0,"key":"Dream Catcher"},{"floor":43.0,"key":"Kunai"},{"floor":45.0,"key":"Girya"}],"event_choices":[{"cards_removed":["Defend_G"],"damage_healed":0.0,"max_hp_gain":0.0,"max_hp_loss":0.0,"gold_gain":0.0,"event_name":"NoteForYourself","player_choice":"Took Card","floor":2.0,"gold_loss":0.0,"damage_taken":0.0,"cards_obtained":["Iron Wave"]},{"damage_healed":0.0,"max_hp_gain":0.0,"max_hp_loss":0.0,"gold_gain":0.0,"event_name":"World of Goop","player_choice":"Left Gold","floor":14.0,"gold_loss":22.0,"damage_taken":0.0},{"damage_healed":0.0,"max_hp_gain":0.0,"max_hp_loss":0.0,"gold_gain":0.0,"event_name":"The Woman in Blue","player_choice":"Bought 0 Potions","floor":19.0,"gold_loss":0.0,"damage_taken":0.0},{"damage_healed":0.0,"max_hp_gain":0.0,"max_hp_loss":0.0,"gold_gain":0.0,"event_name":"Duplicator","player_choice":"Copied","floor":37.0,"gold_loss":0.0,"damage_taken":0.0,"cards_obtained":["Infinite Blades"]}],"is_beta":false,"boss_relics":[{"not_picked":["Velvet Choker","Empty Cage"],"picked":"Fusion Hammer"},{"not_picked":["Runic Pyramid","Calling Bell"],"picked":"Pandora\u0027s Box"}],"items_purged_floors":[],"is_endless":false,"potions_floor_spawned":[8,10,13,18,22,23,29,31,36,47,48],"ascension_level":0}