{"gold_per_floor":[110,121,140,215,181,181,198,255,281,281,294,321,321,337,337,438,438,451,464,480,114,125,153,153,166,166,198,209,56,156,174,174,271,271,290,308,326,17,117,144,0,34,82,82],"floor_reached":44,"playtime":2589,"items_purged":["Strike_R"],"score":625,"play_id":"cfc424c9-b83d-4650-a03f-e8f97956c00b","local_time":"20190226175752","is_ascension_mode":true,"campfire_choices":[{"data":"Uppercut","floor":6,"key":"SMITH"},{"floor":15,"key":"REST"},{"floor":24,"key":"REST"},{"data":"Spot Weakness","floor":32,"key":"SMITH"}],"neow_cost":"NONE","seed_source_timestamp":879530220904646,"circlet_count":0,"master_deck":["Strike_R","Strike_R","Strike_R","Defend_R","Defend_R","Defend_R","Bash","Uppercut+1","Metallicize","Spot Weakness+1","Inflame","Immolate+1","Heavy Blade","Reaper+1","Shockwave","Spot Weakness","Heavy Blade+1"],"relics":["Burning Blood","NeowsBlessing","Tiny Chest","Ancient Tea Set","Meat on the Bone","Bag of Marbles","Velvet Choker","Bronze Scales","Orichalcum","Ornamental Fan","Whetstone","Dead Branch","Happy Flower","Unceasing Top","Bottled Tornado","Empty Cage","Champion Belt","Shovel","Self Forming Clay","Red Mask","Lantern","Pen Nib"],"potions_floor_usage":[12,16,23,30,44],"damage_taken":[{"damage":0,"enemies":"Cultist","floor":1,"turns":1},{"damage":0,"enemies":"2 Louse","floor":2,"turns":1},{"damage":0,"enemies":"Jaw Worm","floor":3,"turns":1},{"damage":1,"enemies":"2 Fungi Beasts","floor":7,"turns":4},{"damage":31,"enemies":"Lagavulin","floor":8,"turns":7},{"damage":26,"enemies":"Lots of Slimes","floor":11,"turns":5},{"damage":28,"enemies":"Gremlin Nob","floor":12,"turns":4},{"damage":18,"enemies":"Large Slime","floor":14,"turns":4},{"damage":48,"enemies":"The Guardian","floor":16,"turns":10},{"damage":22,"enemies":"Spheric Guardian","floor":18,"turns":4},{"damage":30,"enemies":"2 Thieves","floor":19,"turns":3},{"damage":39,"enemies":"Sentry and Sphere","floor":20,"turns":6},{"damage":25,"enemies":"Snecko","floor":22,"turns":5},{"damage":36,"enemies":"Slavers","floor":23,"turns":4},{"damage":20,"enemies":"Snake Plant","floor":25,"turns":3},{"damage":12,"enemies":"Gremlin Leader","floor":27,"turns":4},{"damage":33,"enemies":"Centurion and Healer","floor":28,"turns":4},{"damage":7,"enemies":"Colosseum Slavers","floor":30,"turns":2},{"damage":19,"enemies":"Colosseum Nobs","floor":30,"turns":4},{"damage":11,"enemies":"Snecko","floor":31,"turns":3},{"damage":49,"enemies":"Champ","floor":33,"turns":8},{"damage":21,"enemies":"3 Darklings","floor":35,"turns":3},{"damage":40,"enemies":"3 Shapes","floor":36,"turns":3},{"damage":0,"enemies":"Transient","floor":37,"turns":5},{"damage":0,"enemies":"Mind Bloom Boss Battle","floor":39,"turns":5},{"damage":49,"enemies":"Giant Head","floor":40,"turns":7},{"damage":24,"enemies":"Reptomancer","floor":42,"turns":4},{"damage":85,"enemies":"Giant Head","floor":44,"turns":7}],"seed_played":"-1695237406611993032","potions_obtained":[{"floor":1,"key":"Fire Potion"},{"floor":3,"key":"SpeedPotion"},{"floor":8,"key":"Ancient Potion"},{"floor":13,"key":"FairyPotion"},{"floor":14,"key":"AttackPotion"},{"floor":16,"key":"EssenceOfSteel"},{"floor":18,"key":"LiquidBronze"},{"floor":25,"key":"Explosive Potion"},{"floor":27,"key":"SneckoOil"},{"floor":33,"key":"SpeedPotion"},{"floor":36,"key":"Explosive Potion"},{"floor":37,"key":"Ancient Potion"}],"is_trial":false,"path_per_floor":["M","M","M","?","$","R","M","E","T","T","M","E","?","M","R","B",null,"M","M","M","$","M","E","R","M","T","E","M","$","?","M","R","B",null,"M","M","M","$","?","E","?","E","T","E"],"character_chosen":"IRONCLAD","items_purchased":["Uppercut","Bronze Scales","Orichalcum","Happy Flower","Champion Belt"],"campfire_rested":2,"item_purchase_floors":[5,21,21,29,38],"current_hp_per_floor":[80,80,80,69,69,69,74,49,49,49,41,31,31,31,55,25,80,64,52,31,31,24,29,53,57,57,72,58,58,64,73,73,52,80,65,55,61,61,67,47,47,68,68,0],"gold":82,"neow_bonus":"THREE_ENEMY_KILL","is_prod":false,"is_daily":false,"chose_seed":false,"campfire_upgraded":2,"win_rate":0,"timestamp":1551164272,"path_taken":["M","M","?","?","$","R","M","E","T","?","M","E","?","M","R","BOSS","M","M","M","$","M","E","R","M","T","E","M","?","?","M","R","BOSS","M","M","M","$","?","E","?","E","T","E"],"build_version":"2019-01-23","purchased_purges":1,"victory":false,"max_hp_per_floor":[80,80,80,80,80,80,80,80,80,80,80,80,80,80,80,80,80,80,80,80,80,80,80,80,80,80,80,80,80,80,80,80,80,80,80,80,80,80,80,80,80,80,80,80],"card_choices":[{"not_picked":["Evolve","Sword Boomerang","Corruption"],"picked":"SKIP","floor":1},{"not_picked":["Thunderclap","Blood for Blood","Searing Blow"],"picked":"SKIP","floor":2},{"not_picked":["Combust","Thunderclap","Feel No Pain"],"picked":"SKIP","floor":3},{"not_picked":["Reckless Charge","Clash"],"picked":"Metallicize","floor":7},{"not_picked":["Demon Form","Iron Wave"],"picked":"Spot Weakness","floor":8},{"not_picked":["Burning Pact","Body Slam","Shrug It Off"],"picked":"SKIP","floor":11},{"not_picked":["Infernal Blade","Rampage"],"picked":"Inflame","floor":12},{"not_picked":["Power Through","True Grit","Cleave"],"picked":"SKIP","floor":14},{"not_picked":["Offering","Barricade"],"picked":"Immolate","floor":16},{"not_picked":["Perfected Strike","Anger"],"picked":"Heavy Blade","floor":18},{"not_picked":["Havoc","Blood for Blood","Iron Wave"],"picked":"SKIP","floor":19},{"not_picked":["Cleave","Ghostly Armor","Warcry+1"],"picked":"SKIP","floor":20},{"not_picked":["Flex+1","Metallicize+1"],"picked":"Reaper","floor":22},{"not_picked":["True Grit","Iron Wave","Armaments"],"picked":"SKIP","floor":23},{"not_picked":["Ghostly Armor","Body Slam+1","True Grit+1"],"picked":"SKIP","floor":25},{"not_picked":["Sentinel","Brutality","Uppercut"],"picked":"SKIP","floor":27},{"not_picked":["Warcry+1","Body Slam","Heavy Blade"],"picked":"SKIP","floor":28},{"not_picked":["Clothesline","Perfected Strike"],"picked":"Shockwave","floor":30},{"not_picked":["Shrug It Off+1","Clothesline+1"],"picked":"Spot Weakness","floor":31},{"not_picked":["Flex","Shrug It Off+1","Body Slam+1"],"picked":"SKIP","floor":35},{"not_picked":["Power Through+1","Havoc"],"picked":"Heavy Blade+1","floor":36},{"not_picked":["Metallicize","Cleave","Evolve+1"],"picked":"SKIP","floor":37},{"not_picked":["Spot Weakness","Wild Strike","Cleave+1"],"picked":"SKIP","floor":40},{"not_picked":["Flex+1","Combust+1","Clash"],"picked":"SKIP","floor":42}],"player_experience":195156,"relics_obtained":[{"floor":8,"key":"Tiny Chest"},{"floor":9,"key":"Ancient Tea Set"},{"floor":10,"key":"Meat on the Bone"},{"floor":12,"key":"Bag of Marbles"},{"floor":23,"key":"Ornamental Fan"},{"floor":26,"key":"Whetstone"},{"floor":27,"key":"Dead Branch"},{"floor":30,"key":"Unceasing Top"},{"floor":30,"key":"Bottled Tornado"},{"floor":39,"key":"Shovel"},{"floor":40,"key":"Self Forming Clay"},{"floor":42,"key":"Lantern"},{"floor":43,"key":"Pen Nib"}],"event_choices":[{"damage_healed":0,"gold_gain":75,"player_choice":"Gather Gold","damage_taken":11,"max_hp_gain":0,"max_hp_loss":0,"event_name":"World of Goop","floor":4,"gold_loss":0},{"damage_healed":0,"gold_gain":0,"player_choice":"Got Potions","damage_taken":0,"max_hp_gain":0,"max_hp_loss":0,"event_name":"Lab","floor":13,"gold_loss":0},{"damage_healed":0,"gold_gain":0,"player_choice":"Fight","damage_taken":0,"max_hp_gain":0,"max_hp_loss":0,"event_name":"Colosseum","floor":30,"gold_loss":0},{"damage_healed":0,"gold_gain":0,"player_choice":"Fought Nobs","damage_taken":0,"max_hp_gain":0,"max_hp_loss":0,"event_name":"Colosseum","floor":30,"gold_loss":0},{"damage_healed":0,"gold_gain":0,"player_choice":"Fight","damage_taken":0,"max_hp_gain":0,"max_hp_loss":0,"event_name":"MindBloom","floor":39,"gold_loss":0},{"damage_healed":0,"gold_gain":0,"player_choice":"Paid","damage_taken":0,"relics_obtained":["Red Mask"],"max_hp_gain":0,"max_hp_loss":0,"event_name":"Tomb of Lord Red Mask","floor":41,"gold_loss":144}],"is_beta":false,"boss_relics":[{"not_picked":["White Beast Statue","Sozu"],"picked":"Velvet Choker"},{"not_picked":["Snecko Eye","Runic Cube"],"picked":"Empty Cage"}],"items_purged_floors":[21],"is_endless":false,"potions_floor_spawned":[1,3,8,14,16,18,22,25,27,28,33,36,37,40],"killed_by":"Giant Head","ascension_level":3}