{"gold_per_floor":[114,127,144,155,155,155,482,497,497,497,497,512,527,543,543,647,647,663,676,695,6,20,20,34,34,61,61,25,36,36],"floor_reached":30,"playtime":2316,"items_purged":[],"score":238,"play_id":"43d700ca-7e5b-4b15-91ac-b07a365b3765","local_time":"20190113100914","is_ascension_mode":false,"campfire_choices":[{"data":"Backflip","floor":6,"key":"SMITH"},{"floor":11,"key":"REST"},{"floor":15,"key":"REST"},{"floor":23,"key":"REST"},{"floor":27,"key":"REST"}],"neow_cost":"NONE","seed_source_timestamp":224519608835984,"circlet_count":0,"master_deck":["Defend_G","Defend_G","Defend_G","Defend_G","Defend_G","Strike_G+1","Strike_G","Strike_G","Strike_G","Strike_G","Survivor","Neutralize","Masterful Stab","Deadly Poison","Deadly Poison","Slice","Backflip+1","Tools of the Trade","Bane+1","Caltrops","Blade Dance","Flying Knee","Envenom","Skewer+1","Dodge and Roll","Slice","Bouncing Flask","Transmutation","Slice","Glass Knife","Backstab","Bane+1"],"relics":["Ring of the Snake","Old Coin","Ornamental Fan","Lizard Tail","Strange Spoon","Ninja Scroll","MutagenicStrength","Whetstone"],"potions_floor_usage":[7,16,16,20,22,22,22,22,22,30],"damage_taken":[{"damage":0,"enemies":"2 Louse","floor":1,"turns":3},{"damage":0,"enemies":"Cultist","floor":2,"turns":3},{"damage":3,"enemies":"Jaw Worm","floor":3,"turns":2},{"damage":24,"enemies":"Exordium Thugs","floor":4,"turns":5},{"damage":19,"enemies":"Lagavulin","floor":7,"turns":6},{"damage":15,"enemies":"Lots of Slimes","floor":8,"turns":4},{"damage":4,"enemies":"Looter","floor":12,"turns":4},{"damage":9,"enemies":"2 Fungi Beasts","floor":13,"turns":2},{"damage":9,"enemies":"Exordium Thugs","floor":14,"turns":3},{"damage":15,"enemies":"Slime Boss","floor":16,"turns":12},{"damage":26,"enemies":"Shell Parasite","floor":18,"turns":7},{"damage":15,"enemies":"3 Byrds","floor":19,"turns":4},{"damage":31,"enemies":"Snecko","floor":20,"turns":6},{"damage":12,"enemies":"Shelled Parasite and Fungi","floor":22,"turns":4},{"damage":42,"enemies":"Centurion and Healer","floor":24,"turns":7},{"damage":30,"enemies":"Snake Plant","floor":29,"turns":3},{"damage":8,"enemies":"Slavers","floor":30,"turns":3}],"seed_played":"2766207204853812487","potions_obtained":[{"floor":2,"key":"Weak Potion"},{"floor":7,"key":"Ancient Potion"},{"floor":10,"key":"GhostInAJar"},{"floor":10,"key":"GhostInAJar"},{"floor":16,"key":"EntropicBrew"},{"floor":19,"key":"AttackPotion"},{"floor":20,"key":"Energy Potion"},{"floor":29,"key":"SkillPotion"}],"is_trial":false,"path_per_floor":["M","M","M","M","?","R","E","M","T","?","R","M","M","M","R","B",null,"M","M","M","$","M","R","M","?","T","R","$","M","E"],"character_chosen":"THE_SILENT","items_purchased":["Bouncing Flask","Strange Spoon","Transmutation","Ninja Scroll","Backstab"],"campfire_rested":4,"item_purchase_floors":[21,21,21,21,28],"current_hp_per_floor":[70,70,67,43,48,48,29,14,14,14,36,32,23,14,36,21,75,49,34,3,3,30,52,10,10,10,32,32,2,0],"gold":36,"neow_bonus":"THREE_CARDS","is_prod":false,"is_daily":false,"chose_seed":false,"campfire_upgraded":1,"win_rate":0.0,"timestamp":1547334554,"path_taken":["M","M","M","M","?","R","E","M","T","?","R","M","M","M","R","BOSS","M","M","?","$","M","R","M","?","T","R","$","M","E"],"build_version":"2019-01-10","purchased_purges":0,"victory":false,"max_hp_per_floor":[70,70,70,70,75,75,75,75,75,75,75,75,75,75,75,75,75,75,75,75,75,75,75,75,75,75,75,75,75,75],"card_choices":[{"not_picked":["Calculated Gamble","Heel Hook"],"picked":"Masterful Stab","floor":0},{"not_picked":["Blade Dance","Underhanded Strike"],"picked":"Deadly Poison","floor":1},{"not_picked":["Slice","Deflect"],"picked":"Deadly Poison","floor":2},{"not_picked":["Tactician","Outmaneuver"],"picked":"Slice","floor":3},{"not_picked":["Slice","Dash"],"picked":"Backflip","floor":4},{"not_picked":["PiercingWail","Die Die Die"],"picked":"Tools of the Trade","floor":7},{"not_picked":["Underhanded Strike","Flying Knee"],"picked":"Bane","floor":8},{"not_picked":["Leg Sweep","Heel Hook"],"picked":"Caltrops","floor":12},{"not_picked":["Escape Plan","Sucker Punch"],"picked":"Blade Dance","floor":13},{"not_picked":["Deadly Poison","Sucker Punch"],"picked":"Flying Knee","floor":14},{"not_picked":["Unload","Corpse Explosion"],"picked":"Envenom","floor":16},{"not_picked":["Prepared","All Out Attack"],"picked":"Skewer+1","floor":18},{"not_picked":["Well Laid Plans","Outmaneuver"],"picked":"Dodge and Roll","floor":19},{"not_picked":["Outmaneuver","Finisher+1"],"picked":"Slice","floor":20},{"not_picked":["Dodge and Roll","PiercingWail"],"picked":"Slice","floor":22},{"not_picked":["Acrobatics","Underhanded Strike"],"picked":"Glass Knife","floor":24},{"not_picked":["All Out Attack","Terror+1"],"picked":"Bane+1","floor":29}],"player_experience":30240,"relics_obtained":[{"floor":7,"key":"Old Coin"},{"floor":9,"key":"Ornamental Fan"},{"floor":26,"key":"Whetstone"}],"event_choices":[{"damage_healed":0,"gold_gain":0,"player_choice":"Donut","damage_taken":0,"max_hp_gain":5,"max_hp_loss":0,"event_name":"Big Fish","floor":5,"gold_loss":0},{"damage_healed":0,"gold_gain":0,"player_choice":"Got Potions","damage_taken":0,"max_hp_gain":0,"max_hp_loss":0,"event_name":"Lab","floor":10,"gold_loss":0},{"damage_healed":0,"gold_gain":0,"player_choice":"Inject Mutagens","damage_taken":0,"relics_obtained":["MutagenicStrength"],"max_hp_gain":0,"max_hp_loss":0,"event_name":"Drug Dealer","floor":25,"gold_loss":0}],"is_beta":false,"boss_relics":[{"not_picked":["Cursed Key","Ectoplasm"],"picked":"Lizard Tail"}],"items_purged_floors":[],"is_endless":false,"potions_floor_spawned":[2,7,12,13,16,19,20,29],"killed_by":"Slavers","ascension_level":0}