{"path_per_floor":["M","M","?","M","T","E","R","M","T","$","M","R","?","M","R","B",null,"M","M","$","M","?","R","M","?","T","R","M","M","E","T","R"],"character_chosen":"IRONCLAD","items_purchased":["Whirlwind","Armaments","Dramatic Entrance","Power Through","Iron Wave","Flash of Steel"],"gold_per_floor":[113,124,197,214,238,267,267,286,338,24,24,24,24,41,41,138,138,138,138,37,37,37,37,37,37,37,37,37,37,37,37,37],"floor_reached":33,"campfire_rested":5,"playtime":2507,"current_hp_per_floor":[80,80,80,80,80,65,80,76,76,76,79,79,79,74,80,53,80,80,71,71,48,48,73,57,57,57,83,90,90,25,25,52],"items_purged":[],"gold":37,"play_id":"1f81de6a-a2fc-4a27-aec1-b0702243a6e1","is_prod":false,"is_daily":false,"is_ascension_mode":false,"campfire_upgraded":1,"path_taken":["M","M","?","M","?","E","R","?","T","$","M","R","?","M","R","BOSS","M","M","$","M","?","R","M","?","T","R","M","?","E","?","R","BOSS"],"build_version":"2018-02-01-PROD3","purchased_purges":0,"victory":false,"master_deck":["Strike_R","Strike_R","Strike_R","Strike_R","Strike_R","Defend_R","Defend_R","Defend_R","Defend_R","Bash","Anger","Bludgeon","Metallicize","Headbutt","Dual Wield","Iron Wave","Whirlwind","Armaments","Dramatic Entrance+1","Power Through","Iron Wave","Body Slam","Feed","Impervious","Thunderclap","Second Wind+1","Flash of Steel","Seeing Red","Feel No Pain","Inflame+1","Clothesline","Hemokinesis+1","Battle Trance+1","Anger+1","Pommel Strike"],"max_hp_per_floor":[80,80,80,80,80,80,80,80,80,80,80,80,80,80,80,80,80,80,80,80,84,84,84,87,87,87,87,90,90,90,90,90],"relics":["Burning Blood","Lantern","Dream Catcher","Oddly Smooth Stone","Ectoplasm","Blood Vial","Tiny Chest","Self Forming Clay","Bag of Marbles"],"card_choices":[{"not_picked":["Warcry","Combust"],"picked":"Anger"},{"not_picked":["Fire Breathing","Armaments"],"picked":"Bludgeon"},{"not_picked":["Iron Wave","Thunderclap"],"picked":"Metallicize"},{"not_picked":["Burning Pact","Corruption"],"picked":"Headbutt"},{"not_picked":["Dropkick","Shrug It Off"],"picked":"Dual Wield"},{"not_picked":["Armaments","Heavy Blade"],"picked":"Iron Wave"},{"not_picked":["Thunderclap","Iron Wave"],"picked":"Body Slam"},{"not_picked":["Heavy Blade","Searing Blow"],"picked":"Feed"},{"not_picked":["Double Tap","Demon Form"],"picked":"Impervious"},{"not_picked":["Iron Wave","Shrug It Off"],"picked":"Thunderclap"},{"not_picked":["True Grit","Anger"],"picked":"Second Wind"},{"not_picked":["Shrug It Off","Barricade"],"picked":"Seeing Red"},{"not_picked":["Warcry","Clash"],"picked":"Feel No Pain"},{"not_picked":["Flex","Anger"],"picked":"Inflame"},{"not_picked":["Twin Strike","Iron Wave"],"picked":"Clothesline"},{"not_picked":["Flame Barrier","Clothesline"],"picked":"Hemokinesis"},{"not_picked":["Rampage","Feel No Pain"],"picked":"Battle Trance"},{"not_picked":["Blood for Blood","Burning Pact"],"picked":"Anger"},{"not_picked":["Battle Trance","Clothesline"],"picked":"Pommel Strike"}],"player_experience":18968,"potions_floor_usage":[],"damage_taken":[{"damage":5,"enemies":"Small Slimes","floor":1,"turns":3},{"damage":1,"enemies":"Cultist","floor":2,"turns":3},{"damage":2,"enemies":"Blue Slaver","floor":4,"turns":2},{"damage":21,"enemies":"3 Sentries","floor":6,"turns":8},{"damage":10,"enemies":"Looter","floor":8,"turns":2},{"damage":3,"enemies":"2 Fungi Beasts","floor":11,"turns":2},{"damage":11,"enemies":"Exordium Wildlife","floor":14,"turns":3},{"damage":33,"enemies":"Slime Boss","floor":16,"turns":10},{"damage":6,"enemies":"Shell Parasite","floor":18,"turns":4},{"damage":15,"enemies":"Spheric Guardian","floor":19,"turns":6},{"damage":33,"enemies":"3 Cultists","floor":21,"turns":6},{"damage":25,"enemies":"Centurion and Healer","floor":24,"turns":8},{"damage":0,"enemies":"Cultist and Chosen","floor":28,"turns":5},{"damage":0,"enemies":"Snecko","floor":29,"turns":5},{"damage":71,"enemies":"Book of Stabbing","floor":30,"turns":6},{"damage":56,"enemies":"Collector","floor":33,"turns":4}],"event_choices":[{"event_name":"Golden Wing","player_choice":"Gained Gold","floor":3,"damage_taken":0},{"event_name":"Golden Idol","player_choice":"Ignored","floor":13,"damage_taken":0},{"event_name":"Vampires","player_choice":"Ignored","floor":22,"damage_taken":0},{"event_name":"The Mausoleum","player_choice":"Yes","floor":25,"damage_taken":0}],"boss_relics":[{"not_picked":["Philosopher\u0027s Stone","Runic Dome"],"picked":"Ectoplasm"}],"potions_floor_spawned":[2,4,6,11,21,24,30],"seed_played":"-1610183165508610786","killed_by":"Collector","ascension_level":0,"is_trial":false}