{"gold_per_floor":[117,133,308,322,247,247,247,273,325,325,355,355,355,434,434,532,532,550,46,59,59,59,94,94,114,114,114,214,214,241,255,255,360,410,426,279,291,305,325,325,325],"floor_reached":41,"playtime":2944,"items_purged":["Doubt"],"score":495,"play_id":"1372bcfe-daa8-4fab-9589-b93b1a1d81b0","local_time":"20190429212118","is_ascension_mode":true,"campfire_choices":[{"data":"Cloak And Dagger","floor":6,"key":"SMITH"},{"floor":10,"key":"REST"},{"floor":12,"key":"REST"},{"floor":15,"key":"REST"},{"floor":27,"key":"REST"},{"floor":29,"key":"RECALL"},{"floor":32,"key":"REST"},{"floor":40,"key":"REST"}],"neow_cost":"NONE","seed_source_timestamp":595305855646278,"circlet_count":0,"master_deck":["Defend_G","Defend_G","Defend_G","Defend_G","Defend_G","Strike_G+1","Strike_G","Strike_G","Strike_G","Strike_G","Survivor","Neutralize+1","Accuracy+1","Cloak And Dagger+1","Quick Slash","Noxious Fumes","Deflect","Adrenaline","Infinite Blades","Noxious Fumes+1","Blade Dance+1","Cloak And Dagger+1","Backflip+1","Catalyst+1"],"relics":["Ring of the Snake","Dream Catcher","Whetstone","Odd Mushroom","Black Star","Toxic Egg 2","Ninja Scroll","Pear","Ginger","Kunai","Art of War","Ornamental Fan","Tiny House","Vajra"],"potions_floor_usage":[23,25,33,33],"damage_taken":[{"damage":6,"enemies":"Cultist","floor":1,"turns":3},{"damage":11,"enemies":"Small Slimes","floor":2,"turns":6},{"damage":1,"enemies":"2 Louse","floor":4,"turns":3},{"damage":48,"enemies":"Lagavulin","floor":8,"turns":8},{"damage":18,"enemies":"The Mushroom Lair","floor":11,"turns":5},{"damage":60,"enemies":"Slime Boss","floor":16,"turns":13},{"damage":5,"enemies":"3 Byrds","floor":18,"turns":6},{"damage":5,"enemies":"Chosen","floor":20,"turns":5},{"damage":16,"enemies":"Colosseum Slavers","floor":22,"turns":4},{"damage":23,"enemies":"Slavers","floor":23,"turns":7},{"damage":12,"enemies":"Snecko","floor":25,"turns":5},{"damage":34,"enemies":"Gremlin Leader","floor":30,"turns":7},{"damage":7,"enemies":"Snake Plant","floor":31,"turns":4},{"damage":31,"enemies":"Automaton","floor":33,"turns":10},{"damage":19,"enemies":"3 Darklings","floor":35,"turns":5},{"damage":13,"enemies":"3 Shapes","floor":37,"turns":4},{"damage":25,"enemies":"Sphere and 2 Shapes","floor":38,"turns":6},{"damage":23,"enemies":"Writhing Mass","floor":39,"turns":6},{"damage":52,"enemies":"Nemesis","floor":41,"turns":6}],"seed_played":"-1488013603076115769","potions_obtained":[{"floor":1,"key":"Regen Potion"},{"floor":4,"key":"FearPotion"},{"floor":8,"key":"Ancient Potion"},{"floor":20,"key":"FairyPotion"},{"floor":23,"key":"AttackPotion"},{"floor":30,"key":"Weak Potion"},{"floor":34,"key":"SteroidPotion"},{"floor":37,"key":"Fire Potion"}],"is_trial":false,"path_per_floor":["M","M","?","M","$","R","?","E","T","R","?","R","?","T","R","B",null,"M","$","M","?","?","E","?","M","T","R","?","R","E","M","R","B",null,"M","$","M","M","M","R","E"],"character_chosen":"THE_SILENT","items_purchased":["Toxic Egg 2","Ninja Scroll","Vajra"],"campfire_rested":6,"item_purchase_floors":[19,19,36],"current_hp_per_floor":[64,53,53,52,52,52,52,4,4,25,7,28,51,51,70,10,70,65,65,60,60,44,31,57,45,45,69,69,69,35,28,52,21,85,66,66,53,28,5,30,0],"gold":325,"neow_bonus":"THREE_CARDS","is_prod":false,"is_daily":false,"chose_seed":false,"campfire_upgraded":1,"win_rate":0,"timestamp":1556536878,"path_taken":["M","?","?","M","$","R","?","E","T","R","?","R","?","?","R","BOSS","M","$","M","?","?","E","?","M","T","R","?","R","E","M","R","BOSS","M","$","M","M","M","R","E"],"build_version":"2019-01-23","purchased_purges":1,"victory":false,"max_hp_per_floor":[70,70,70,70,70,70,70,70,70,70,70,70,70,70,70,70,70,70,70,70,70,70,80,80,80,80,80,80,80,80,80,80,80,85,85,85,85,85,85,85,85],"card_choices":[{"not_picked":["Backstab","Bane"],"picked":"Accuracy","floor":1},{"not_picked":["Sucker Punch","Outmaneuver","Dagger Throw"],"picked":"SKIP","floor":2},{"not_picked":["Prepared","Sucker Punch"],"picked":"Cloak And Dagger","floor":4},{"not_picked":["Flechettes","Terror"],"picked":"Quick Slash","floor":8},{"not_picked":["PiercingWail","Dagger Throw"],"picked":"Noxious Fumes","floor":10},{"not_picked":["Die Die Die","Setup"],"picked":"Deflect","floor":11},{"not_picked":["Unload","Storm of Steel"],"picked":"Adrenaline","floor":16},{"not_picked":["Leg Sweep","Skewer"],"picked":"Infinite Blades","floor":18},{"not_picked":["Prepared+1","Quick Slash+1"],"picked":"Noxious Fumes+1","floor":20},{"not_picked":["Outmaneuver+1","Bouncing Flask+1","Acrobatics+1"],"picked":"SKIP","floor":23},{"not_picked":["Dagger Spray","Quick Slash","Underhanded Strike"],"picked":"SKIP","floor":25},{"not_picked":["Outmaneuver+1","Slice"],"picked":"Blade Dance+1","floor":30},{"not_picked":["Prepared+1","Accuracy"],"picked":"Cloak And Dagger+1","floor":31},{"not_picked":["Slice","Burst+1"],"picked":"Backflip+1","floor":32},{"not_picked":["Poisoned Stab","Dagger Spray"],"picked":"Catalyst+1","floor":35},{"not_picked":["All Out Attack+1","Outmaneuver+1","Poisoned Stab+1"],"picked":"SKIP","floor":37},{"not_picked":["Slice+1","Predator","Cloak And Dagger+1"],"picked":"SKIP","floor":38},{"not_picked":["Poisoned Stab+1","Flying Knee+1","Sucker Punch"],"picked":"SKIP","floor":39}],"player_experience":348542,"relics_obtained":[{"floor":8,"key":"Dream Catcher"},{"floor":9,"key":"Whetstone"},{"floor":11,"key":"Odd Mushroom"},{"floor":23,"key":"Pear"},{"floor":23,"key":"Ginger"},{"floor":26,"key":"Kunai"},{"floor":30,"key":"Art of War"},{"floor":30,"key":"Ornamental Fan"}],"event_choices":[{"damage_healed":0,"gold_gain":175,"player_choice":"AGREE","damage_taken":0,"max_hp_gain":0,"max_hp_loss":0,"event_name":"Liars Game","floor":3,"gold_loss":0,"cards_obtained":["Doubt"]},{"damage_healed":0,"gold_gain":0,"player_choice":"Ignored","damage_taken":0,"max_hp_gain":0,"max_hp_loss":0,"event_name":"Shining Light","floor":7,"gold_loss":0},{"damage_healed":0,"gold_gain":0,"player_choice":"Fought Mushrooms","damage_taken":0,"max_hp_gain":0,"max_hp_loss":0,"event_name":"Mushrooms","floor":11,"gold_loss":0},{"damage_healed":23,"gold_gain":0,"player_choice":"Banana","damage_taken":0,"max_hp_gain":0,"max_hp_loss":0,"event_name":"Big Fish","floor":13,"gold_loss":0},{"damage_healed":0,"gold_gain":0,"player_choice":"Ignored","damage_taken":0,"max_hp_gain":0,"max_hp_loss":0,"event_name":"Ghosts","floor":21,"gold_loss":0},{"damage_healed":0,"gold_gain":0,"player_choice":"Fight","damage_taken":0,"max_hp_gain":0,"max_hp_loss":0,"event_name":"Colosseum","floor":22,"gold_loss":0},{"damage_healed":0,"gold_gain":0,"player_choice":"Fled From Nobs","damage_taken":0,"max_hp_gain":0,"max_hp_loss":0,"event_name":"Colosseum","floor":22,"gold_loss":0},{"damage_healed":26,"gold_gain":0,"player_choice":"Heal","damage_taken":0,"max_hp_gain":0,"max_hp_loss":0,"event_name":"The Library","floor":24,"gold_loss":0},{"damage_healed":0,"gold_gain":100,"player_choice":"Pray","damage_taken":0,"max_hp_gain":0,"max_hp_loss":0,"event_name":"Golden Shrine","floor":28,"gold_loss":0}],"is_beta":false,"boss_relics":[{"not_picked":["Lizard Tail","Orrery"],"picked":"Black Star"},{"not_picked":["Runic Dome","Eternal Feather"],"picked":"Tiny House"}],"items_purged_floors":[5],"is_endless":false,"potions_floor_spawned":[1,4,8,20,22,23,30,37,38],"killed_by":"Nemesis","ascension_level":2}