{"gold_per_floor":[110,110,110,35,55,95,95,120,120,145,45,88,109,74,74,200,200,225,238,31,31,49,85,104,117,198,242,260,299,299,68,68,193,193,216,21,354,354,372,372,386,33,57,77,77,93,0,11,11,11],"floor_reached":51,"playtime":2646,"items_purged":["Regret","Injury","Corruption"],"score":1167,"play_id":"3342c955-f046-4f7a-9bf4-278c88dc31c8","local_time":"20190620215355","is_ascension_mode":true,"campfire_choices":[{"floor":15,"key":"REST"},{"floor":30,"key":"DIG"},{"floor":32,"key":"REST"},{"floor":40,"key":"DIG"},{"floor":49,"key":"REST"}],"neow_cost":"NONE","seed_source_timestamp":618739490575124,"circlet_count":0,"master_deck":["Bash","Iron Wave","Feel No Pain","Offering","Blood for Blood","Shockwave","Metallicize","Immolate","Armaments","Ghostly Armor","Inflame","Shrug It Off","Limit Break","Pommel Strike","Warcry","Feed","True Grit+1","Corruption+1","Jack Of All Trades","Bludgeon","Blood for Blood+1","Body Slam+1","Battle Trance","Ghostly Armor","Battle Trance+1","Dual Wield+1","Inflame","Offering","Mayhem","Shrug It Off","Twin Strike","Shockwave+1","Pommel Strike","Exhume"],"relics":["Black Blood","NeowsBlessing","Ice Cream","Mango","Art of War","Charon\u0027s Ashes","Strawberry","Pandora\u0027s Box","Dodecahedron","Bottled Flame","Juzu Bracelet","Shovel","Sundial","Pen Nib","Letter Opener","Toolbox","Anchor","Red Mask"],"potions_floor_usage":[12,33,46,50],"damage_taken":[{"damage":0,"enemies":"Jaw Worm","floor":1,"turns":1},{"damage":0,"enemies":"2 Louse","floor":5,"turns":1},{"damage":0,"enemies":"Lagavulin","floor":6,"turns":2},{"damage":10,"enemies":"Small Slimes","floor":8,"turns":4},{"damage":13,"enemies":"Exordium Thugs","floor":10,"turns":4},{"damage":36,"enemies":"Gremlin Nob","floor":12,"turns":4},{"damage":10,"enemies":"Lots of Slimes","floor":13,"turns":4},{"damage":29,"enemies":"Slime Boss","floor":16,"turns":11},{"damage":12,"enemies":"Chosen","floor":18,"turns":6},{"damage":9,"enemies":"Spheric Guardian","floor":19,"turns":4},{"damage":12,"enemies":"Centurion and Healer","floor":22,"turns":4},{"damage":6,"enemies":"Gremlin Leader","floor":23,"turns":5},{"damage":17,"enemies":"Snake Plant","floor":24,"turns":4},{"damage":14,"enemies":"Shelled Parasite and Fungi","floor":25,"turns":4},{"damage":41,"enemies":"Slavers","floor":27,"turns":4},{"damage":9,"enemies":"3 Cultists","floor":28,"turns":4},{"damage":13,"enemies":"Book of Stabbing","floor":29,"turns":5},{"damage":2,"enemies":"Automaton","floor":33,"turns":6},{"damage":9,"enemies":"Orb Walker","floor":35,"turns":3},{"damage":61,"enemies":"3 Darklings","floor":39,"turns":4},{"damage":21,"enemies":"Sphere and 2 Shapes","floor":41,"turns":5},{"damage":24,"enemies":"Spire Growth","floor":44,"turns":5},{"damage":54,"enemies":"Transient","floor":46,"turns":5},{"damage":6,"enemies":"Jaw Worm Horde","floor":48,"turns":2},{"damage":44,"enemies":"Time Eater","floor":50,"turns":9}],"seed_played":"1213965916330507868","potions_obtained":[{"floor":1,"key":"Explosive Potion"},{"floor":6,"key":"EssenceOfSteel"},{"floor":10,"key":"FairyPotion"},{"floor":16,"key":"PowerPotion"},{"floor":44,"key":"BloodPotion"},{"floor":46,"key":"Block Potion"}],"is_trial":false,"path_per_floor":["M","?","?","$","M","E","?","M","T","M","$","E","M","$","R","B",null,"M","M","$","?","M","E","M","M","T","E","M","E","R","$","R","B",null,"M","$","?","?","M","R","M","$","T","M","$","M","?","M","R","B",null],"character_chosen":"IRONCLAD","items_purchased":["Corruption","Jack Of All Trades","Pen Nib","Inflame","Mayhem","Toolbox","Anchor"],"campfire_rested":3,"item_purchase_floors":[14,20,31,31,36,42,42],"current_hp_per_floor":[78,78,78,78,80,94,87,83,83,76,76,53,49,49,79,56,90,88,85,85,105,99,99,88,83,83,48,48,41,41,41,74,78,103,104,104,104,104,53,53,45,45,45,31,31,21,21,28,63,29],"gold":11,"neow_bonus":"THREE_ENEMY_KILL","is_prod":false,"is_daily":false,"chose_seed":false,"campfire_upgraded":0,"win_rate":0,"timestamp":1561031635,"path_taken":["M","?","?","?","M","E","?","M","T","?","?","E","M","$","R","BOSS","M","?","$","?","M","E","?","M","T","E","M","E","R","$","R","BOSS","M","$","?","?","M","R","M","?","T","M","$","M","?","M","R","BOSS"],"build_version":"2019-01-23","purchased_purges":3,"victory":true,"max_hp_per_floor":[80,80,80,80,80,94,94,94,94,94,94,101,101,101,101,101,101,105,105,105,105,105,105,105,108,108,108,111,111,111,111,111,111,111,111,111,111,111,111,111,114,114,114,114,114,114,114,117,117,117],"card_choices":[{"not_picked":["Combust","Thunderclap"],"picked":"Iron Wave","floor":1},{"not_picked":["Heavy Blade","Bloodletting"],"picked":"Feel No Pain","floor":5},{"not_picked":["Wild Strike","Clash"],"picked":"Offering","floor":6},{"not_picked":["Flex","Twin Strike"],"picked":"Blood for Blood","floor":8},{"not_picked":["Fire Breathing","Dropkick"],"picked":"Shockwave","floor":10},{"not_picked":["Wild Strike","Flex"],"picked":"Metallicize","floor":12},{"not_picked":["Twin Strike","Thunderclap"],"picked":"Shockwave","floor":13},{"not_picked":["Impervious","Double Tap"],"picked":"Immolate","floor":16},{"not_picked":["Intimidate","Burning Pact+1"],"picked":"True Grit+1","floor":18},{"not_picked":["Reckless Charge","Anger+1"],"picked":"Corruption+1","floor":19},{"not_picked":["Iron Wave","Clash"],"picked":"Bludgeon","floor":22},{"not_picked":["Havoc+1","Bloodletting"],"picked":"Blood for Blood+1","floor":23},{"not_picked":["Flex","Searing Blow"],"picked":"Body Slam+1","floor":24},{"not_picked":["Anger","Twin Strike+1"],"picked":"Battle Trance","floor":25},{"not_picked":["Rampage","Hemokinesis"],"picked":"Ghostly Armor","floor":27},{"not_picked":["Sword Boomerang","Heavy Blade"],"picked":"Battle Trance+1","floor":28},{"not_picked":["Second Wind+1","Anger+1"],"picked":"Dual Wield+1","floor":29},{"not_picked":["Juggernaut","Demon Form"],"picked":"Offering","floor":33},{"not_picked":["Warcry","Flex+1","Power Through"],"picked":"SKIP","floor":35},{"not_picked":["Second Wind","Perfected Strike"],"picked":"Shrug It Off","floor":39},{"not_picked":["Hemokinesis+1","Perfected Strike"],"picked":"Twin Strike","floor":41},{"not_picked":["Thunderclap+1","Clothesline+1"],"picked":"Shockwave+1","floor":44},{"not_picked":["Flex+1","Clothesline"],"picked":"Pommel Strike","floor":46},{"not_picked":["Blood for Blood+1","Clash+1"],"picked":"Exhume","floor":48}],"player_experience":472219,"relics_obtained":[{"floor":6,"key":"Mango"},{"floor":9,"key":"Charon\u0027s Ashes"},{"floor":12,"key":"Strawberry"},{"floor":23,"key":"Dodecahedron"},{"floor":26,"key":"Bottled Flame"},{"floor":27,"key":"Juzu Bracelet"},{"floor":29,"key":"Shovel"},{"floor":30,"key":"Sundial"},{"floor":40,"key":"Letter Opener"}],"event_choices":[{"damage_healed":0,"gold_gain":0,"player_choice":"Take Wound","damage_taken":0,"relics_obtained":["Golden Idol"],"max_hp_gain":0,"max_hp_loss":0,"event_name":"Golden Idol","floor":2,"gold_loss":0,"cards_obtained":["Injury"]},{"damage_healed":0,"gold_gain":0,"player_choice":"Box","damage_taken":0,"relics_obtained":["Ice Cream"],"max_hp_gain":0,"max_hp_loss":0,"event_name":"Big Fish","floor":3,"gold_loss":0,"cards_obtained":["Regret"]},{"damage_healed":0,"gold_gain":0,"player_choice":"Success","damage_taken":7,"relics_obtained":["Art of War"],"max_hp_gain":0,"max_hp_loss":0,"event_name":"Scrap Ooze","floor":7,"gold_loss":0},{"cards_removed":["Intimidate"],"damage_healed":20,"gold_gain":0,"player_choice":"Offered Uncommon","damage_taken":0,"max_hp_gain":0,"max_hp_loss":0,"event_name":"Bonfire Elementals","floor":21,"gold_loss":0},{"damage_healed":0,"gold_gain":333,"player_choice":"Gave Idol","damage_taken":0,"max_hp_gain":0,"max_hp_loss":0,"event_name":"The Moai Head","floor":37,"relics_lost":["Golden Idol"],"gold_loss":0},{"cards_removed":["Shockwave"],"damage_healed":0,"gold_gain":0,"player_choice":"Removed Skill","damage_taken":0,"max_hp_gain":0,"max_hp_loss":0,"event_name":"Falling","floor":38,"gold_loss":0},{"damage_healed":0,"gold_gain":0,"player_choice":"Paid","damage_taken":0,"relics_obtained":["Red Mask"],"max_hp_gain":0,"max_hp_loss":0,"event_name":"Tomb of Lord Red Mask","floor":47,"gold_loss":93}],"is_beta":false,"boss_relics":[{"not_picked":["Runic Pyramid","Cursed Key"],"picked":"Pandora\u0027s Box"},{"not_picked":["Calling Bell","Astrolabe"],"picked":"Black Blood"}],"items_purged_floors":[4,11,20],"is_endless":false,"potions_floor_spawned":[1,6,10,16,22,23,25,27,28,44,46],"ascension_level":8}