{"gold_per_floor":[115,132,151,326,342,372,135,146,146,174,174,174,205,217,217,322,322,332,332,348,127,138,172,172,172,172,198,198,198,198,212,212,310,310,329,347,347,365,365,399,399,399,399,399,415,27,27,27,27,27,27,27,27,59,59],"floor_reached":55,"playtime":3758,"items_purged":["Doubt"],"score":763,"play_id":"7df75c90-2972-42f3-9040-c42a0306605b","local_time":"20190331200407","is_ascension_mode":true,"campfire_choices":[{"floor":12,"key":"REST"},{"floor":15,"key":"REST"},{"floor":25,"key":"REST"},{"floor":28,"key":"RECALL"},{"floor":30,"key":"REST"},{"data":"Static Discharge","floor":32,"key":"SMITH"},{"data":"Conserve Battery","floor":41,"key":"SMITH"},{"data":"Sweeping Beam","floor":44,"key":"SMITH"},{"data":"Defragment","floor":47,"key":"SMITH"},{"floor":49,"key":"REST"},{"data":"Conserve Battery","floor":52,"key":"SMITH"}],"neow_cost":"NONE","seed_source_timestamp":865275121328830,"circlet_count":0,"master_deck":["Strike_B","Strike_B","Strike_B","Strike_B","Defend_B","Defend_B+1","Defend_B+1","Defend_B","Zap","Dualcast+1","Conserve Battery+1","Conserve Battery+1","Darkness+1","Melter","Sweeping Beam+1","Static Discharge+1","Core Surge+1","Chaos+1","Auto Shields+1","Auto Shields+1","Core Surge+1","Discovery+1","Defragment+1"],"relics":["Cracked Core","Vajra","Toxic Egg 2","Lee\u0027s Waffle","Sundial","War Paint","Molten Egg 2","Runic Pyramid","DataDisk","Darkstone Periapt","The Courier","Nuclear Battery","Cables","Turnip","Meat on the Bone","Lantern","Pear","Strawberry"],"potions_floor_usage":[16,33,50,50],"damage_taken":[{"damage":6,"enemies":"Small Slimes","floor":1,"turns":3},{"damage":0,"enemies":"2 Louse","floor":2,"turns":2},{"damage":1,"enemies":"Jaw Worm","floor":3,"turns":3},{"damage":19,"enemies":"Exordium Thugs","floor":5,"turns":6},{"damage":40,"enemies":"Lagavulin","floor":6,"turns":8},{"damage":10,"enemies":"Exordium Wildlife","floor":8,"turns":3},{"damage":32,"enemies":"3 Sentries","floor":10,"turns":8},{"damage":40,"enemies":"Gremlin Nob","floor":13,"turns":5},{"damage":5,"enemies":"Red Slaver","floor":14,"turns":3},{"damage":17,"enemies":"The Guardian","floor":16,"turns":7},{"damage":9,"enemies":"Chosen","floor":18,"turns":5},{"damage":0,"enemies":"Spheric Guardian","floor":20,"turns":3},{"damage":21,"enemies":"Snake Plant","floor":22,"turns":5},{"damage":21,"enemies":"Book of Stabbing","floor":23,"turns":6},{"damage":23,"enemies":"Gremlin Leader","floor":27,"turns":7},{"damage":7,"enemies":"Shelled Parasite and Fungi","floor":31,"turns":5},{"damage":68,"enemies":"Collector","floor":33,"turns":11},{"damage":11,"enemies":"Orb Walker","floor":35,"turns":3},{"damage":3,"enemies":"3 Shapes","floor":36,"turns":4},{"damage":8,"enemies":"Jaw Worm Horde","floor":38,"turns":4},{"damage":6,"enemies":"Nemesis","floor":40,"turns":5},{"damage":20,"enemies":"3 Darklings","floor":45,"turns":4},{"damage":68,"enemies":"Awakened One","floor":50,"turns":16},{"damage":83,"enemies":"Shield and Spear","floor":54,"turns":6},{"damage":34,"enemies":"The Heart","floor":55,"turns":3}],"seed_played":"-854747521358909439","potions_obtained":[{"floor":6,"key":"SkillPotion"},{"floor":8,"key":"Energy Potion"},{"floor":10,"key":"PowerPotion"},{"floor":20,"key":"Fire Potion"},{"floor":38,"key":"Swift Potion"}],"is_trial":false,"path_per_floor":["M","M","M","?","M","E","$","M","T","E","?","R","E","M","R","B",null,"M","$","M","$","M","E","?","R","T","E","R","?","R","M","R","B",null,"M","M","?","M","?","E","R","T","T","R","M","$","R","?","R","B",null,"R","$","E","B"],"character_chosen":"DEFECT","items_purchased":["Lee\u0027s Waffle","Melter","DataDisk","Lantern","Pear","Defragment"],"campfire_rested":5,"item_purchase_floors":[7,7,21,46,46,46],"current_hp_per_floor":[69,69,68,68,49,9,82,72,72,40,40,64,24,19,43,26,82,73,73,73,73,52,31,58,82,82,66,66,50,76,76,76,15,87,83,80,80,79,79,80,80,80,80,80,60,70,70,70,97,41,97,97,97,33,0],"gold":59,"neow_bonus":"RANDOM_COMMON_RELIC","is_prod":false,"is_daily":false,"chose_seed":false,"campfire_upgraded":5,"win_rate":0,"timestamp":1554023047,"path_taken":["M","M","M","?","M","E","$","M","T","E","?","R","E","M","R","BOSS","M","$","M","$","M","E","?","R","T","E","R","?","R","?","R","BOSS","M","M","?","?","?","E","R","?","T","R","M","$","R","?","R","BOSS","R","$","E","BOSS"],"build_version":"2019-01-23","purchased_purges":1,"victory":false,"max_hp_per_floor":[75,75,75,75,75,75,82,82,82,82,82,82,82,82,82,82,82,82,82,82,82,82,82,82,82,82,82,82,87,87,87,87,87,87,87,87,87,87,87,87,87,87,87,87,87,97,97,97,97,97,97,97,97,104,104],"card_choices":[{"not_picked":["Compile Driver","Stack","Tempest"],"picked":"SKIP","floor":1},{"not_picked":["Hologram","Go for the Eyes"],"picked":"Conserve Battery","floor":2},{"not_picked":["Redo","Glacier","Capacitor"],"picked":"SKIP","floor":3},{"not_picked":["Redo","Hello World"],"picked":"Conserve Battery","floor":5},{"not_picked":["Conserve Battery","Barrage"],"picked":"Darkness","floor":6},{"not_picked":["Chill+1","Go for the Eyes","Stack+1"],"picked":"SKIP","floor":8},{"not_picked":["Reinforced Body+1","Lockon"],"picked":"Sweeping Beam","floor":10},{"not_picked":["Creative AI","Rebound"],"picked":"Static Discharge","floor":13},{"not_picked":["Darkness+1","Barrage+1","Recycle+1"],"picked":"SKIP","floor":14},{"not_picked":["Buffer","Creative AI"],"picked":"Core Surge+1","floor":16},{"not_picked":["Redo+1","Leap+1"],"picked":"Chaos+1","floor":18},{"not_picked":["Stack+1","Capacitor"],"picked":"Auto Shields+1","floor":20},{"not_picked":["Compile Driver+1","Doom and Gloom+1","Amplify+1"],"picked":"SKIP","floor":22},{"not_picked":["Recycle+1","Lockon+1"],"picked":"Self Repair","floor":23},{"not_picked":["Sweeping Beam+1","Beam Cell+1"],"picked":"Auto Shields+1","floor":27},{"not_picked":["Conserve Battery+1","Beam Cell+1","Stack+1"],"picked":"SKIP","floor":31},{"not_picked":["Echo Form","Biased Cognition"],"picked":"Core Surge+1","floor":33},{"not_picked":["Coolheaded+1","Conserve Battery+1","Compile Driver+1"],"picked":"SKIP","floor":35},{"not_picked":["Hello World","Rip and Tear+1","Rebound+1"],"picked":"SKIP","floor":36},{"not_picked":["Melter+1","Reinforced Body+1","Go for the Eyes+1"],"picked":"SKIP","floor":38},{"not_picked":["Enlightenment+1","Blind+1"],"picked":"Discovery+1","floor":39},{"not_picked":["Stack+1","Lockon+1","Rip and Tear+1"],"picked":"SKIP","floor":40},{"not_picked":["Steam+1","Gash+1","Auto Shields+1"],"picked":"SKIP","floor":45},{"not_picked":["Conserve Battery+1","Chill+1","Genetic Algorithm+1"],"picked":"SKIP","floor":54}],"player_experience":298307,"relics_obtained":[{"floor":6,"key":"Toxic Egg 2"},{"floor":9,"key":"Sundial"},{"floor":10,"key":"War Paint"},{"floor":13,"key":"Molten Egg 2"},{"floor":23,"key":"Darkstone Periapt"},{"floor":27,"key":"The Courier"},{"floor":40,"key":"Cables"},{"floor":42,"key":"Turnip"},{"floor":43,"key":"Meat on the Bone"},{"floor":54,"key":"Strawberry"}],"event_choices":[{"damage_healed":0,"gold_gain":175,"player_choice":"AGREE","damage_taken":0,"max_hp_gain":0,"max_hp_loss":0,"event_name":"Liars Game","floor":4,"gold_loss":0,"cards_obtained":["Doubt"]},{"damage_healed":0,"gold_gain":0,"player_choice":"Grow","damage_taken":0,"max_hp_gain":0,"max_hp_loss":0,"event_name":"Living Wall","floor":11,"gold_loss":0,"cards_upgraded":["Dualcast"]},{"damage_healed":27,"gold_gain":0,"player_choice":"Heal","damage_taken":0,"max_hp_gain":0,"max_hp_loss":0,"event_name":"The Library","floor":24,"gold_loss":0},{"damage_healed":0,"gold_gain":0,"player_choice":"Shed Blood","damage_taken":21,"max_hp_gain":5,"max_hp_loss":0,"event_name":"Forgotten Altar","floor":29,"gold_loss":0},{"damage_healed":0,"gold_gain":0,"player_choice":"Ignored","damage_taken":0,"max_hp_gain":0,"max_hp_loss":0,"event_name":"Purifier","floor":37,"gold_loss":0},{"damage_healed":0,"gold_gain":0,"player_choice":"Memory 1","damage_taken":0,"max_hp_gain":0,"max_hp_loss":0,"event_name":"SensoryStone","floor":39,"gold_loss":0},{"cards_removed":["Self Repair"],"damage_healed":0,"gold_gain":0,"player_choice":"Removed Power","damage_taken":0,"max_hp_gain":0,"max_hp_loss":0,"event_name":"Falling","floor":48,"gold_loss":0}],"is_beta":false,"boss_relics":[{"not_picked":["Cursed Key","White Beast Statue"],"picked":"Runic Pyramid"},{"not_picked":["Coffee Dripper","Black Star"],"picked":"Nuclear Battery"}],"items_purged_floors":[21],"is_endless":false,"potions_floor_spawned":[6,8,10,13,20,23,27,31,38,40,45],"killed_by":"The Heart","ascension_level":1}