{"gold_per_floor":[116,116,62,82,82,117,117,117,144,144,177,187,187,262,262,362,362,373,373,138,138,153,153,181,196,196,196,196,196],"floor_reached":29,"playtime":1137,"items_purged":[],"score":299,"play_id":"a86c7430-4dd5-41f6-85ca-988fd966c92c","local_time":"20190428182442","is_ascension_mode":true,"campfire_choices":[{"data":"Blade Dance","floor":7,"key":"SMITH"},{"data":"Neutralize","floor":10,"key":"SMITH"},{"floor":13,"key":"REST"},{"data":"Cloak And Dagger","floor":15,"key":"SMITH"},{"floor":23,"key":"REST"}],"neow_cost":"NONE","seed_source_timestamp":500115975545540,"circlet_count":0,"master_deck":["Defend_G","Defend_G","Defend_G","Strike_G+1","Strike_G+1","Strike_G","Strike_G","Survivor","Neutralize+1","Backflip","Backflip","Blade Dance+1","Cloak And Dagger+1","After Image+1","Infinite Blades","Decay"],"relics":["Ring of the Snake","NeowsBlessing","Potion Belt","Mercury Hourglass","Regal Pillow","Whetstone","Empty Cage","Membership Card","Mummified Hand","Letter Opener","MutagenicStrength"],"potions_floor_usage":[16],"damage_taken":[{"damage":0,"enemies":"2 Louse","floor":1,"turns":1},{"damage":0,"enemies":"Cultist","floor":4,"turns":1},{"damage":0,"enemies":"Gremlin Nob","floor":6,"turns":1},{"damage":40,"enemies":"Lagavulin","floor":11,"turns":7},{"damage":0,"enemies":"Small Slimes","floor":12,"turns":2},{"damage":26,"enemies":"Hexaghost","floor":16,"turns":11},{"damage":25,"enemies":"2 Thieves","floor":18,"turns":4},{"damage":4,"enemies":"Shell Parasite","floor":22,"turns":5},{"damage":40,"enemies":"Slavers","floor":24,"turns":7},{"damage":2,"enemies":"3 Cultists","floor":25,"turns":5},{"damage":37,"enemies":"Gremlin Leader","floor":29,"turns":3}],"seed_played":"6768967084316371894","potions_obtained":[{"floor":1,"key":"GamblersBrew"},{"floor":12,"key":"SteroidPotion"},{"floor":18,"key":"Swift Potion"},{"floor":24,"key":"Dexterity Potion"}],"is_trial":false,"path_per_floor":["M","?","$","M","?","E","R","?","T","R","E","M","R","?","R","B",null,"M","?","$","?","M","R","E","M","T","?","?","E"],"character_chosen":"THE_SILENT","items_purchased":["Backflip","Infinite Blades","Membership Card"],"campfire_rested":2,"item_purchase_floors":[3,20,20],"current_hp_per_floor":[70,70,70,70,70,70,70,70,70,70,30,30,66,55,55,29,70,45,45,45,45,41,70,30,28,28,28,28,0],"gold":196,"neow_bonus":"THREE_ENEMY_KILL","is_prod":false,"is_daily":false,"chose_seed":false,"campfire_upgraded":3,"win_rate":0,"timestamp":1556439882,"path_taken":["M","?","$","?","?","E","R","?","T","R","E","M","R","?","R","BOSS","M","?","$","?","?","R","E","M","T","?","?","E"],"build_version":"2019-01-23","purchased_purges":0,"victory":false,"max_hp_per_floor":[70,70,70,70,70,70,70,70,70,70,70,70,70,70,70,70,70,70,70,70,70,70,70,70,70,70,70,70,70],"card_choices":[{"not_picked":["Predator","All Out Attack","Choke"],"picked":"SKIP","floor":1},{"not_picked":["Prepared","Dash"],"picked":"Backflip","floor":4},{"not_picked":["PiercingWail","Sucker Punch"],"picked":"Blade Dance","floor":6},{"not_picked":["Distraction","Riddle With Holes","Flying Knee"],"picked":"SKIP","floor":11},{"not_picked":["Crippling Poison","Backflip"],"picked":"Cloak And Dagger","floor":12},{"not_picked":["Venomology","Corpse Explosion"],"picked":"After Image","floor":16},{"not_picked":["Well Laid Plans","Slice","Riddle With Holes+1"],"picked":"SKIP","floor":18},{"not_picked":["Sucker Punch+1","Flying Knee","Poisoned Stab"],"picked":"SKIP","floor":22},{"not_picked":["Backflip","Masterful Stab","Deadly Poison"],"picked":"SKIP","floor":24},{"not_picked":["Sucker Punch+1","Distraction+1","PiercingWail"],"picked":"SKIP","floor":25}],"player_experience":339273,"relics_obtained":[{"floor":6,"key":"Potion Belt"},{"floor":9,"key":"Regal Pillow"},{"floor":11,"key":"Whetstone"},{"floor":24,"key":"Mummified Hand"},{"floor":26,"key":"Letter Opener"}],"event_choices":[{"cards_removed":["Defend_G"],"damage_healed":0,"gold_gain":0,"player_choice":"Offered Basic","damage_taken":0,"max_hp_gain":0,"max_hp_loss":0,"event_name":"Bonfire Elementals","floor":2,"gold_loss":0},{"damage_healed":0,"gold_gain":0,"player_choice":"Ignored","damage_taken":0,"max_hp_gain":0,"max_hp_loss":0,"event_name":"Shining Light","floor":5,"gold_loss":0},{"damage_healed":0,"gold_gain":0,"player_choice":"Searched \u00272\u0027 times","damage_taken":0,"relics_obtained":["Mercury Hourglass"],"max_hp_gain":0,"max_hp_loss":0,"event_name":"Dead Adventurer","floor":8,"gold_loss":0},{"damage_healed":0,"gold_gain":75,"player_choice":"Gather Gold","damage_taken":11,"max_hp_gain":0,"max_hp_loss":0,"event_name":"World of Goop","floor":14,"gold_loss":0},{"damage_healed":0,"gold_gain":0,"player_choice":"Ignored","damage_taken":0,"max_hp_gain":0,"max_hp_loss":0,"event_name":"Ghosts","floor":19,"gold_loss":0},{"damage_healed":0,"gold_gain":0,"player_choice":"Forge","damage_taken":0,"max_hp_gain":0,"max_hp_loss":0,"event_name":"Accursed Blacksmith","floor":21,"gold_loss":0,"cards_upgraded":["After Image"]},{"damage_healed":0,"gold_gain":0,"player_choice":"Inject Mutagens","damage_taken":0,"relics_obtained":["MutagenicStrength"],"max_hp_gain":0,"max_hp_loss":0,"event_name":"Drug Dealer","floor":27,"gold_loss":0},{"damage_healed":0,"gold_gain":0,"player_choice":"Smashed Altar","damage_taken":0,"max_hp_gain":0,"max_hp_loss":0,"event_name":"Forgotten Altar","floor":28,"gold_loss":0,"cards_obtained":["Decay"]}],"is_beta":false,"boss_relics":[{"not_picked":["HoveringKite","Runic Dome"],"picked":"Empty Cage"}],"items_purged_floors":[],"is_endless":false,"potions_floor_spawned":[1,12,18,24],"killed_by":"Gremlin Leader","ascension_level":2}