{"gold_per_floor":[113,113,124,141,316,350,350,408,432,432,443,459,127,144,144,144],"floor_reached":16,"playtime":767,"items_purged":["Doubt"],"score":129,"play_id":"c891b307-2e76-4f47-90c2-b522a9debe25","local_time":"20190303195448","is_ascension_mode":true,"campfire_choices":[{"floor":7,"key":"REST"},{"floor":10,"key":"REST"},{"floor":15,"key":"REST"}],"neow_cost":"NONE","seed_source_timestamp":163826591098144,"circlet_count":0,"master_deck":["Strike_R","Strike_R","Strike_R","Strike_R","Strike_R","Defend_R","Defend_R","Defend_R","Defend_R","Bash","Pommel Strike","Flame Barrier","Flame Barrier+1"],"relics":["Burning Blood","NeowsBlessing","Omamori","Tiny Chest","Dream Catcher","Toxic Egg 2"],"potions_floor_usage":[8,8,16,16],"damage_taken":[{"damage":0,"enemies":"2 Louse","floor":1,"turns":1},{"damage":0,"enemies":"Cultist","floor":3,"turns":1},{"damage":0,"enemies":"Jaw Worm","floor":4,"turns":1},{"damage":40,"enemies":"Gremlin Nob","floor":6,"turns":5},{"damage":48,"enemies":"Lagavulin","floor":8,"turns":6},{"damage":13,"enemies":"Blue Slaver","floor":11,"turns":2},{"damage":21,"enemies":"3 Louse","floor":12,"turns":3},{"damage":25,"enemies":"Lots of Slimes","floor":14,"turns":5},{"damage":40,"enemies":"The Guardian","floor":16,"turns":11}],"seed_played":"7855828010141811624","potions_obtained":[{"floor":3,"key":"AttackPotion"},{"floor":6,"key":"Block Potion"},{"floor":12,"key":"Fruit Juice"},{"floor":14,"key":"Energy Potion"}],"is_trial":false,"path_per_floor":["M","?","M","M","?","E","R","E","T","R","M","M","$","M","R","B"],"character_chosen":"IRONCLAD","items_purchased":["Toxic Egg 2"],"campfire_rested":3,"item_purchase_floors":[13],"current_hp_per_floor":[80,80,80,80,80,46,70,28,28,52,45,30,30,11,35,0],"gold":144,"neow_bonus":"THREE_ENEMY_KILL","is_prod":false,"is_daily":false,"chose_seed":false,"campfire_upgraded":0,"win_rate":0,"timestamp":1551603288,"path_taken":["M","?","M","?","?","E","R","E","T","R","M","M","$","M","R","BOSS"],"build_version":"2019-01-23","purchased_purges":1,"victory":false,"max_hp_per_floor":[80,80,80,80,80,80,80,80,80,80,80,80,80,80,80,85],"card_choices":[{"not_picked":["Clash","Searing Blow"],"picked":"Sword Boomerang","floor":1},{"not_picked":["Headbutt","Cleave","Shrug It Off"],"picked":"SKIP","floor":3},{"not_picked":["Headbutt","Warcry"],"picked":"Pommel Strike","floor":4},{"not_picked":["Armaments","Flex","Shrug It Off"],"picked":"SKIP","floor":6},{"not_picked":["Reckless Charge","Twin Strike"],"picked":"Flame Barrier","floor":8},{"not_picked":["Sever Soul","Havoc","Anger"],"picked":"SKIP","floor":11},{"not_picked":["Iron Wave","Havoc","Carnage"],"picked":"SKIP","floor":12},{"not_picked":["Anger","Sword Boomerang","Ghostly Armor+1"],"picked":"SKIP","floor":14},{"not_picked":["Wild Strike","Perfected Strike"],"picked":"Flame Barrier+1","floor":15}],"player_experience":212242,"relics_obtained":[{"floor":6,"key":"Omamori"},{"floor":8,"key":"Tiny Chest"},{"floor":9,"key":"Dream Catcher"}],"event_choices":[{"cards_removed":["Sword Boomerang"],"damage_healed":5,"gold_gain":0,"player_choice":"Offered Common","damage_taken":0,"max_hp_gain":0,"max_hp_loss":0,"event_name":"Bonfire Elementals","floor":2,"gold_loss":0},{"cards_removed":["Sword Boomerang"],"damage_healed":5,"gold_gain":0,"player_choice":"Offered Special","damage_taken":0,"max_hp_gain":0,"max_hp_loss":0,"event_name":"Bonfire Elementals","floor":2,"gold_loss":0},{"damage_healed":0,"gold_gain":175,"player_choice":"AGREE","damage_taken":0,"max_hp_gain":0,"max_hp_loss":0,"event_name":"Liars Game","floor":5,"gold_loss":0,"cards_obtained":["Doubt"]}],"is_beta":false,"boss_relics":[],"items_purged_floors":[13],"is_endless":false,"potions_floor_spawned":[3,6,12,14],"killed_by":"The Guardian","ascension_level":3}