{"gold_per_floor":[118,137,147,72,84,84,109,109,139,139,158,190,29,29,29,125,125,135,119,65,80,80,109,109,109],"floor_reached":25,"playtime":1656,"items_purged":["Strike_R"],"score":277,"play_id":"e373d067-51c7-46d4-991e-07c1908ffc49","local_time":"20190530005327","is_ascension_mode":true,"campfire_choices":[{"data":"Armaments","floor":6,"key":"SMITH"},{"floor":8,"key":"REST"},{"data":"Bash","floor":10,"key":"SMITH"},{"data":"Dark Embrace","floor":15,"key":"SMITH"},{"floor":24,"key":"REST"}],"neow_cost":"NONE","seed_source_timestamp":4436197508177,"circlet_count":0,"master_deck":["Strike_R","Strike_R","Strike_R","Strike_R","Defend_R","Defend_R","Defend_R","Defend_R+1","Bash+1","Clothesline","Anger","True Grit+1","Feel No Pain","Armaments+1","Twin Strike","Dark Embrace+1","Barricade","Ghostly Armor+1","Immolate","Impervious","Disarm","Shockwave"],"relics":["Burning Blood","Bag of Marbles","Tiny Chest","The Courier","Strange Spoon","Kunai","Sozu","War Paint"],"potions_floor_usage":[16],"damage_taken":[{"damage":4,"enemies":"Cultist","floor":1,"turns":3},{"damage":6,"enemies":"2 Louse","floor":2,"turns":2},{"damage":0,"enemies":"Jaw Worm","floor":3,"turns":3},{"damage":9,"enemies":"Blue Slaver","floor":5,"turns":3},{"damage":48,"enemies":"Lagavulin","floor":7,"turns":9},{"damage":4,"enemies":"2 Fungi Beasts","floor":11,"turns":3},{"damage":19,"enemies":"3 Sentries","floor":12,"turns":8},{"damage":26,"enemies":"Slime Boss","floor":16,"turns":10},{"damage":25,"enemies":"Shell Parasite","floor":18,"turns":5},{"damage":18,"enemies":"2 Thieves","floor":19,"turns":4},{"damage":11,"enemies":"3 Cultists","floor":21,"turns":5},{"damage":26,"enemies":"Book of Stabbing","floor":23,"turns":7},{"damage":50,"enemies":"Gremlin Leader","floor":25,"turns":6}],"seed_played":"4144096963671285822","potions_obtained":[{"floor":5,"key":"Fire Potion"},{"floor":11,"key":"Block Potion"}],"is_trial":false,"path_per_floor":["M","M","M","$","M","R","E","R","T","R","M","E","$","T","R","B",null,"M","M","$","M","?","E","R","E"],"character_chosen":"IRONCLAD","items_purchased":["Strange Spoon","Immolate"],"campfire_rested":2,"item_purchase_floors":[13,20],"current_hp_per_floor":[80,80,80,80,77,77,35,59,59,59,61,48,48,48,48,28,80,61,49,49,44,44,24,48,0],"gold":109,"neow_bonus":"THREE_CARDS","is_prod":false,"is_daily":false,"chose_seed":false,"campfire_upgraded":3,"win_rate":0,"timestamp":1559192007,"path_taken":["M","M","M","$","M","R","E","R","T","R","?","E","$","?","R","BOSS","M","M","$","M","?","E","R","E"],"build_version":"2019-01-23","purchased_purges":1,"victory":false,"max_hp_per_floor":[80,80,80,80,80,80,80,80,80,80,80,80,80,80,80,80,80,80,80,80,80,80,80,80,80],"card_choices":[{"not_picked":["Twin Strike","Thunderclap"],"picked":"Clothesline","floor":0},{"not_picked":["Clothesline","True Grit"],"picked":"Anger","floor":1},{"not_picked":["Thunderclap","Heavy Blade"],"picked":"True Grit","floor":2},{"not_picked":["Anger","Flame Barrier"],"picked":"Feel No Pain","floor":3},{"not_picked":["Havoc","Blood for Blood"],"picked":"Armaments","floor":5},{"not_picked":["Body Slam","Second Wind","Heavy Blade"],"picked":"SKIP","floor":7},{"not_picked":["Thunderclap","Anger"],"picked":"Twin Strike","floor":11},{"not_picked":["Thunderclap","Combust"],"picked":"Dark Embrace","floor":12},{"not_picked":["Dark Embrace","Brutality"],"picked":"Barricade","floor":16},{"not_picked":["Twin Strike","Anger"],"picked":"Ghostly Armor+1","floor":18},{"not_picked":["Havoc","Body Slam","Clash+1"],"picked":"SKIP","floor":19},{"not_picked":["Shrug It Off","Bloodletting"],"picked":"Impervious","floor":21},{"not_picked":["Flex","Limit Break"],"picked":"Shockwave","floor":23}],"player_experience":271188,"relics_obtained":[{"floor":7,"key":"Bag of Marbles"},{"floor":9,"key":"Tiny Chest"},{"floor":12,"key":"The Courier"},{"floor":14,"key":"Kunai"},{"floor":23,"key":"War Paint"}],"event_choices":[{"damage_healed":0,"gold_gain":0,"player_choice":"1 cards matched","damage_taken":0,"max_hp_gain":0,"max_hp_loss":0,"event_name":"Match and Keep!","floor":22,"gold_loss":0,"cards_obtained":["Disarm"]}],"is_beta":false,"boss_relics":[{"not_picked":["Busted Crown","Calling Bell"],"picked":"Sozu"}],"items_purged_floors":[4],"is_endless":false,"potions_floor_spawned":[5,11,18,23],"killed_by":"Gremlin Leader","ascension_level":4}