{"gold_per_floor":[119,119,119,93,93,118,118,134,134,134,148,148,163,191,191,264,264,281,281,331,346,346],"floor_reached":22,"playtime":568,"items_purged":[],"score":434,"play_id":"17e92dd5-637f-41fb-bc22-bef153fbe27f","local_time":"20190620005611","is_ascension_mode":true,"campfire_choices":[{"data":"Glacier","floor":7.0,"key":"SMITH"},{"data":"Barrage","floor":10.0,"key":"SMITH"},{"floor":12.0,"key":"REST"},{"data":"Barrage","floor":15.0,"key":"SMITH"}],"neow_cost":"NONE","seed_source_timestamp":594722647930904,"circlet_count":0,"master_deck":["AscendersBane","Strike_B","Strike_B+1","Defend_B","Defend_B","Zap+1","Dualcast","Glacier+1","Ball Lightning","Barrage+1","Go for the Eyes","Gash","Barrage+1","Cold Snap","Core Surge","Rip and Tear+1","Conserve Battery+1","Chaos+1","White Noise"],"special_seed":0,"relics":["Cracked Core","NeowsBlessing","Gremlin Horn","Strawberry","Dream Catcher","Singing Bowl","Astrolabe"],"potions_floor_usage":[],"damage_taken":[{"damage":0.0,"enemies":"Jaw Worm","floor":1.0,"turns":1.0},{"damage":0.0,"enemies":"Gremlin Nob","floor":6.0,"turns":1.0},{"damage":0.0,"enemies":"Cultist","floor":8.0,"turns":1.0},{"damage":0.0,"enemies":"2 Louse","floor":11.0,"turns":1.0},{"damage":10.0,"enemies":"Red Slaver","floor":13.0,"turns":2.0},{"damage":18.0,"enemies":"Lagavulin","floor":14.0,"turns":5.0},{"damage":21.0,"enemies":"Hexaghost","floor":16.0,"turns":9.0},{"damage":4.0,"enemies":"3 Byrds","floor":18.0,"turns":3.0},{"damage":21.0,"enemies":"Colosseum Slavers","floor":19.0,"turns":3.0},{"damage":29,"enemies":"2 Thieves","floor":21,"turns":3},{"damage":20,"enemies":"Snake Plant","floor":22,"turns":3}],"seed_played":"295970508317260016","potions_obtained":[{"floor":1.0,"key":"SkillPotion"},{"floor":11.0,"key":"SteroidPotion"},{"floor":13.0,"key":"FearPotion"}],"is_trial":false,"path_per_floor":["M","?","?","$","T","E","R","M","T","R","M","R","M","E","R","B",null,"M","?","?","M","M"],"character_chosen":"DEFECT","items_purchased":["Ball Lightning"],"campfire_rested":1,"item_purchase_floors":[4],"current_hp_per_floor":[64,64,43,43,43,50,50,50,50,50,50,73,63,45,45,24,65,61,40,40,13,0],"gold":346,"neow_bonus":"THREE_ENEMY_KILL","is_prod":false,"is_daily":false,"chose_seed":false,"campfire_upgraded":3,"win_rate":0,"timestamp":1560963371,"path_taken":["M","?","?","$","?","E","R","M","T","R","?","R","M","E","R","BOSS","M","?","?","?","?"],"build_version":"2019-01-23","purchased_purges":0,"victory":false,"max_hp_per_floor":[71,71,71,71,71,78,78,78,78,78,78,78,78,78,78,78,78,78,78,78,80,80],"card_choices":[{"not_picked":["Rebound","Compile Driver"],"picked":"Glacier","floor":1.0},{"not_picked":["Conserve Battery","Go for the Eyes"],"picked":"Barrage","floor":6.0},{"not_picked":["Leap","Doom and Gloom"],"picked":"Go for the Eyes","floor":8.0},{"not_picked":["Meteor Strike","Streamline"],"picked":"Gash","floor":11.0},{"not_picked":["Sunder","Ball Lightning"],"picked":"Barrage","floor":12.0},{"not_picked":["Steam","Ball Lightning","Auto Shields"],"picked":"SKIP","floor":13.0},{"not_picked":["Beam Cell","Ball Lightning"],"picked":"Cold Snap","floor":14.0},{"not_picked":["Rainbow","Meteor Strike"],"picked":"Core Surge","floor":16.0},{"not_picked":["Gash","Rebound"],"picked":"White Noise","floor":18.0},{"not_picked":["Lockon","Beam Cell","Redo"],"picked":"Singing Bowl","floor":21}],"player_experience":719068,"relics_obtained":[{"floor":5.0,"key":"Gremlin Horn"},{"floor":6.0,"key":"Strawberry"},{"floor":9.0,"key":"Dream Catcher"},{"floor":14.0,"key":"Singing Bowl"}],"event_choices":[{"cards_removed":["Defend_B"],"damage_healed":0.0,"max_hp_gain":0.0,"max_hp_loss":0.0,"gold_gain":0.0,"event_name":"Living Wall","player_choice":"Forget","floor":2.0,"gold_loss":0.0,"damage_taken":0.0},{"damage_healed":0.0,"max_hp_gain":0.0,"max_hp_loss":0.0,"gold_gain":0.0,"event_name":"Shining Light","player_choice":"Entered Light","floor":3.0,"gold_loss":0.0,"damage_taken":21.0,"cards_upgraded":["Strike_B","Zap"]},{"damage_healed":0.0,"max_hp_gain":0.0,"max_hp_loss":0.0,"gold_gain":0.0,"event_name":"Colosseum","player_choice":"Fight","floor":19.0,"gold_loss":0.0,"damage_taken":0.0},{"damage_healed":0.0,"max_hp_gain":0.0,"max_hp_loss":0.0,"gold_gain":0.0,"event_name":"Colosseum","player_choice":"Fled From Nobs","floor":19.0,"gold_loss":0.0,"damage_taken":0.0},{"damage_healed":0,"gold_gain":100,"player_choice":"Bet on Murderer","damage_taken":0,"max_hp_gain":0,"max_hp_loss":0,"event_name":"The Joust","floor":20,"gold_loss":50}],"is_beta":false,"boss_relics":[{"not_picked":["FrozenCore","Philosopher\u0027s Stone"],"picked":"Astrolabe"}],"items_purged_floors":[],"is_endless":false,"potions_floor_spawned":[1,11,13],"killed_by":"Snake Plant","ascension_level":20}