{"gold_per_floor":[217,229,179,195,149,179,179,214,214,275,12,12,12,31,31,126,126,137,137,147,33,33,60,60,86,86,86],"floor_reached":27,"playtime":1816,"items_purged":["Strike_R"],"score":336,"play_id":"a42b2bb9-bd85-4f04-99a8-b558805e1060","local_time":"20190529004620","is_ascension_mode":true,"campfire_choices":[{"data":"Bash","floor":7,"key":"SMITH"},{"floor":13,"key":"REST"},{"data":"Heavy Blade","floor":15,"key":"SMITH"},{"data":"Sword Boomerang","floor":24,"key":"SMITH"}],"neow_cost":"NONE","seed_source_timestamp":810338534714683,"circlet_count":0,"master_deck":["Strike_R","Strike_R+1","Defend_R","Defend_R","Defend_R","Defend_R","Bash+1","Sword Boomerang+1","Twin Strike","Spot Weakness+1","Ghostly Armor+1","Intimidate+1","True Grit+1","Heavy Blade+1","Limit Break+1","Shockwave+1","Limit Break+1","Dropkick","Anger","Power Through+1"],"relics":["Burning Blood","Gremlin Horn","Toxic Egg 2","Tiny Chest","Pantograph","Sozu","Kunai","Question Card","Frozen Egg 2"],"potions_floor_usage":[6,8,25],"damage_taken":[{"damage":6,"enemies":"2 Louse","floor":1,"turns":3},{"damage":6,"enemies":"Jaw Worm","floor":2,"turns":4},{"damage":1,"enemies":"Cultist","floor":4,"turns":3},{"damage":8,"enemies":"Gremlin Nob","floor":6,"turns":3},{"damage":39,"enemies":"Lagavulin","floor":8,"turns":6},{"damage":25,"enemies":"3 Sentries","floor":10,"turns":8},{"damage":9,"enemies":"Red Slaver","floor":14,"turns":2},{"damage":23,"enemies":"The Guardian","floor":16,"turns":12},{"damage":8,"enemies":"3 Byrds","floor":18,"turns":5},{"damage":13,"enemies":"Shell Parasite","floor":20,"turns":3},{"damage":13,"enemies":"Gremlin Leader","floor":23,"turns":4},{"damage":57,"enemies":"Slavers","floor":25,"turns":6},{"damage":13,"enemies":"Snake Plant","floor":27,"turns":4}],"seed_played":"-6663853231921682432","potions_obtained":[{"floor":4,"key":"Fire Potion"},{"floor":6,"key":"Block Potion"},{"floor":8,"key":"Block Potion"}],"is_trial":false,"path_per_floor":["M","M","?","M","?","E","R","E","T","E","$","?","R","M","R","B",null,"M","?","M","$","?","E","R","E","T","M"],"character_chosen":"IRONCLAD","items_purchased":["True Grit+1","Pantograph","Dropkick"],"campfire_rested":1,"item_purchase_floors":[11,11,21],"current_hp_per_floor":[80,80,80,80,80,78,78,45,45,26,26,10,34,31,31,39,80,78,78,71,71,71,64,64,13,13,0],"gold":86,"neow_bonus":"HUNDRED_GOLD","is_prod":false,"is_daily":false,"chose_seed":false,"campfire_upgraded":3,"win_rate":0,"timestamp":1559105180,"path_taken":["M","M","?","M","?","E","R","E","T","E","$","?","R","M","R","BOSS","M","?","?","?","?","E","R","E","T","?"],"build_version":"2019-01-23","purchased_purges":1,"victory":false,"max_hp_per_floor":[80,80,80,80,80,80,80,80,80,80,80,80,80,80,80,80,80,80,80,80,80,80,80,80,80,80,80],"card_choices":[{"not_picked":["Dual Wield","Warcry"],"picked":"Sword Boomerang","floor":1},{"not_picked":["Cleave","Rampage"],"picked":"Twin Strike","floor":2},{"not_picked":["Thunderclap","Heavy Blade"],"picked":"Spot Weakness","floor":4},{"not_picked":["Flex","Perfected Strike","Dark Embrace"],"picked":"SKIP","floor":6},{"not_picked":["Twin Strike","Body Slam"],"picked":"Ghostly Armor","floor":8},{"not_picked":["Sever Soul","Twin Strike"],"picked":"Intimidate+1","floor":10},{"not_picked":["Reckless Charge","Body Slam"],"picked":"Heavy Blade","floor":14},{"not_picked":["Double Tap+1","Fiend Fire"],"picked":"Limit Break+1","floor":16},{"not_picked":["Evolve+1","Warcry+1"],"picked":"Shockwave+1","floor":18},{"not_picked":["Havoc+1","Pommel Strike","Perfected Strike"],"picked":"SKIP","floor":20},{"not_picked":["True Grit+1","Carnage"],"picked":"Anger","floor":23},{"not_picked":["Carnage","Iron Wave"],"picked":"Power Through+1","floor":25}],"player_experience":265976,"relics_obtained":[{"floor":6,"key":"Gremlin Horn"},{"floor":8,"key":"Toxic Egg 2"},{"floor":10,"key":"Tiny Chest"},{"floor":23,"key":"Kunai"},{"floor":25,"key":"Question Card"},{"floor":26,"key":"Frozen Egg 2"}],"event_choices":[{"cards_removed":["Strike_R"],"damage_healed":0,"gold_gain":0,"player_choice":"Card Removal","damage_taken":0,"max_hp_gain":0,"max_hp_loss":0,"event_name":"The Cleric","floor":3,"gold_loss":50},{"damage_healed":0,"gold_gain":0,"player_choice":"Left Gold","damage_taken":0,"max_hp_gain":0,"max_hp_loss":0,"event_name":"World of Goop","floor":5,"gold_loss":46},{"damage_healed":0,"gold_gain":0,"player_choice":"Entered Light","damage_taken":16,"max_hp_gain":0,"max_hp_loss":0,"event_name":"Shining Light","floor":12,"gold_loss":0,"cards_upgraded":["Spot Weakness","Strike_R"]},{"damage_healed":0,"gold_gain":0,"player_choice":"Copied","damage_taken":0,"max_hp_gain":0,"max_hp_loss":0,"event_name":"Duplicator","floor":19,"gold_loss":0,"cards_obtained":["Limit Break"]},{"cards_removed":["Strike_R"],"damage_healed":0,"gold_gain":0,"player_choice":"Offered Basic","damage_taken":0,"max_hp_gain":0,"max_hp_loss":0,"event_name":"Bonfire Elementals","floor":22,"gold_loss":0}],"is_beta":false,"boss_relics":[{"not_picked":["Calling Bell","Lizard Tail"],"picked":"Sozu"}],"items_purged_floors":[21],"is_endless":false,"potions_floor_spawned":[4,6,8],"killed_by":"Snake Plant","ascension_level":3}