{"path_per_floor":["M","M","?","M","M","E","R","E","T","M","?","R","M","M","R","B",null,"M","$","M","?","?","R","M","M","T"],"character_chosen":"THE_SILENT","items_purchased":["Transmutation","Poisoned Stab","Eviscerate","Caltrops","Madness","Acrobatics","Backflip"],"gold_per_floor":[18,32,32,50,63,96,96,423,448,468,468,468,478,497,497,598,598,615,42,58,58,58,58,74,88,115],"floor_reached":27,"campfire_rested":4,"playtime":3604,"current_hp_per_floor":[84,80,80,79,71,56,81,62,62,56,61,87,79,67,89,57,89,59,59,19,48,48,74,51,16,16],"items_purged":[],"gold":115,"play_id":"d34dab0b-2581-48a2-b964-d284a1072eee","is_prod":false,"is_daily":false,"is_ascension_mode":false,"campfire_upgraded":0,"path_taken":["M","M","?","M","M","E","R","E","T","M","?","R","M","M","R","BOSS","M","$","M","?","?","R","M","M","T","M"],"build_version":"2018-02-01-PROD3","purchased_purges":0,"victory":false,"master_deck":["Defend_G","Defend_G","Defend_G","Defend_G","Strike_G","Strike_G","Strike_G","Strike_G","Strike_G","Survivor","Neutralize","Poisoned Stab","Deflect","Bouncing Flask","Outmaneuver","Backstab","Dagger Throw","Quick Slash","Catalyst","Bouncing Flask","Night Terror","Dagger Spray","Transmutation","Poisoned Stab","Eviscerate","Caltrops","Madness","Acrobatics","Backflip","Distraction+1","Distraction","Deadly Poison"],"max_hp_per_floor":[84,84,84,84,84,84,84,84,84,84,89,89,89,89,89,89,89,89,89,89,89,89,89,89,89,89],"relics":["Ring of the Snake","Pen Nib","Old Coin","Bronze Scales","Sozu","Regal Pillow"],"card_choices":[{"not_picked":["Riddle With Holes","Flying Knee"],"picked":"Poisoned Stab"},{"not_picked":["Prepared","Acrobatics"],"picked":"Deflect"},{"not_picked":["Acrobatics","Flying Knee"],"picked":"Bouncing Flask"},{"not_picked":["Dodge and Roll","Skewer"],"picked":"Outmaneuver"},{"not_picked":["Dash","Poisoned Stab"],"picked":"Backstab"},{"not_picked":["PiercingWail","Glass Knife"],"picked":"Dagger Throw"},{"not_picked":["Flying Knee","PiercingWail"],"picked":"Quick Slash"},{"not_picked":["Acrobatics","Eviscerate"],"picked":"Catalyst"},{"not_picked":["Outmaneuver","Quick Slash"],"picked":"Bouncing Flask"},{"not_picked":["Glass Knife","Bullet Time"],"picked":"Night Terror"},{"not_picked":["Dagger Throw","Blur"],"picked":"Dagger Spray"},{"not_picked":["Outmaneuver","Quick Slash"],"picked":"Distraction"},{"not_picked":["Quick Slash","Sucker Punch"],"picked":"Distraction"},{"not_picked":["Dodge and Roll","PiercingWail"],"picked":"Deadly Poison"}],"player_experience":30026,"potions_floor_usage":[8],"damage_taken":[{"damage":0,"enemies":"Jaw Worm","floor":1,"turns":7},{"damage":4,"enemies":"Blue Slaver","floor":2,"turns":6},{"damage":1,"enemies":"Cultist","floor":4,"turns":4},{"damage":8,"enemies":"3 Louse","floor":5,"turns":3},{"damage":15,"enemies":"Lagavulin","floor":6,"turns":6},{"damage":19,"enemies":"3 Sentries","floor":8,"turns":10},{"damage":6,"enemies":"Large Slime","floor":10,"turns":4},{"damage":8,"enemies":"Lots of Slimes","floor":13,"turns":3},{"damage":12,"enemies":"Exordium Thugs","floor":14,"turns":4},{"damage":32,"enemies":"The Guardian","floor":16,"turns":7},{"damage":30,"enemies":"Shell Parasite","floor":18,"turns":4},{"damage":40,"enemies":"2 Thieves","floor":20,"turns":4},{"damage":23,"enemies":"Cultist and Chosen","floor":24,"turns":4},{"damage":35,"enemies":"Slaver and Parasite","floor":25,"turns":4},{"damage":16,"enemies":"Snake Plant","floor":27,"turns":3}],"event_choices":[{"event_name":"Bonfire Elementals","player_choice":"BASIC","floor":3,"damage_taken":0},{"event_name":"Big Fish","player_choice":"Donut","floor":11,"damage_taken":0},{"event_name":"The Library","player_choice":"Heal","floor":21,"damage_taken":0},{"event_name":"Addict","player_choice":"Ignored","floor":22,"damage_taken":0}],"boss_relics":[{"not_picked":["Eternal Feather","The Specimen"],"picked":"Sozu"}],"potions_floor_spawned":[1,4,5,14,16,18,20,25],"seed_played":"-4792436756869853443","killed_by":"Snake Plant","ascension_level":0,"is_trial":false}