{"gold_per_floor":[113,130,149,149,164,192,192,210,287,304,316,351,351,364,364,464,464,481,496,496],"floor_reached":20,"playtime":1563,"items_purged":[],"score":228,"play_id":"8f518b15-d4e0-49ad-87aa-8dee73419d9c","local_time":"20190606003139","is_ascension_mode":true,"campfire_choices":[{"floor":7,"key":"REST"},{"floor":13,"key":"REST"},{"floor":15,"key":"REST"}],"neow_cost":"TEN_PERCENT_HP_LOSS","seed_source_timestamp":74789100487260,"circlet_count":0,"master_deck":["Defend_G","Defend_G","Defend_G","Defend_G","Defend_G","Strike_G","Strike_G","Strike_G","Strike_G","Survivor","Neutralize","Blur","Deadly Poison","Flying Knee","Night Terror","Adrenaline","All Out Attack","PiercingWail","Footwork","Corpse Explosion","Acrobatics"],"relics":["Ring of the Snake","Ginger","Pen Nib","Mercury Hourglass","Unceasing Top","Snecko Eye"],"potions_floor_usage":[11],"damage_taken":[{"damage":6,"enemies":"Cultist","floor":1,"turns":5},{"damage":0,"enemies":"Small Slimes","floor":2,"turns":4},{"damage":0,"enemies":"2 Louse","floor":3,"turns":3},{"damage":0,"enemies":"Exordium Wildlife","floor":5,"turns":3},{"damage":43,"enemies":"Lagavulin","floor":6,"turns":7},{"damage":6,"enemies":"Looter","floor":8,"turns":4},{"damage":2,"enemies":"3 Louse","floor":10,"turns":3},{"damage":0,"enemies":"Gremlin Gang","floor":11,"turns":2},{"damage":16,"enemies":"Gremlin Nob","floor":12,"turns":4},{"damage":1,"enemies":"Large Slime","floor":14,"turns":5},{"damage":31,"enemies":"The Guardian","floor":16,"turns":14},{"damage":21,"enemies":"Chosen","floor":18,"turns":8},{"damage":7,"enemies":"Shell Parasite","floor":19,"turns":4},{"damage":44,"enemies":"Sentry and Sphere","floor":20,"turns":5}],"seed_played":"8668492277436441475","potions_obtained":[{"floor":1,"key":"Explosive Potion"},{"floor":3,"key":"FearPotion"},{"floor":6,"key":"Dexterity Potion"},{"floor":12,"key":"GamblersBrew"}],"is_trial":false,"path_per_floor":["M","M","M","?","M","E","R","M","T","M","M","E","R","M","R","B",null,"M","M","M"],"character_chosen":"THE_SILENT","items_purchased":[],"campfire_rested":3,"item_purchase_floors":[],"current_hp_per_floor":[57,57,57,57,57,14,32,26,26,24,24,8,26,25,43,12,63,42,35,0],"gold":496,"neow_bonus":"ONE_RARE_RELIC","is_prod":false,"is_daily":false,"chose_seed":false,"campfire_upgraded":0,"win_rate":0,"timestamp":1559795499,"path_taken":["M","M","?","?","M","E","R","M","T","?","M","E","R","M","R","BOSS","M","M","?"],"build_version":"2019-01-23","purchased_purges":0,"victory":false,"max_hp_per_floor":[63,63,63,63,63,63,63,63,63,63,63,63,63,63,63,63,63,63,63,63],"card_choices":[{"not_picked":["Underhanded Strike","Setup"],"picked":"Blur","floor":1},{"not_picked":["Escape Plan","Acrobatics"],"picked":"Deadly Poison","floor":2},{"not_picked":["Dagger Throw","Dodge and Roll"],"picked":"Flying Knee","floor":3},{"not_picked":["Prepared","Backflip","Deflect"],"picked":"SKIP","floor":5},{"not_picked":["Infinite Blades","Dagger Throw","Choke"],"picked":"SKIP","floor":6},{"not_picked":["Outmaneuver","Riddle With Holes"],"picked":"Night Terror","floor":8},{"not_picked":["Slice","Dodge and Roll"],"picked":"Adrenaline","floor":10},{"not_picked":["Tactician","Dagger Throw"],"picked":"All Out Attack","floor":11},{"not_picked":["All Out Attack","Slice"],"picked":"PiercingWail","floor":12},{"not_picked":["Flechettes","Acrobatics"],"picked":"Footwork","floor":14},{"not_picked":["Grand Finale","Malaise"],"picked":"Corpse Explosion","floor":16},{"not_picked":["Infinite Blades","Setup+1"],"picked":"Acrobatics","floor":18},{"not_picked":["Accuracy","Deflect+1","Heel Hook+1"],"picked":"SKIP","floor":19}],"player_experience":305208,"relics_obtained":[{"floor":6,"key":"Pen Nib"},{"floor":9,"key":"Mercury Hourglass"},{"floor":12,"key":"Unceasing Top"}],"event_choices":[{"cards_removed":["Strike_G"],"damage_healed":0,"gold_gain":0,"player_choice":"Offered Basic","damage_taken":0,"max_hp_gain":0,"max_hp_loss":0,"event_name":"Bonfire Elementals","floor":4,"gold_loss":0}],"is_beta":false,"boss_relics":[{"not_picked":["Busted Crown","Philosopher\u0027s Stone"],"picked":"Snecko Eye"}],"items_purged_floors":[],"is_endless":false,"potions_floor_spawned":[1,3,6,12,14],"killed_by":"Sentry and Sphere","ascension_level":4}