{"gold_per_floor":[112,112,131,141,141,168,179,179,179,208,223,258,258],"floor_reached":13,"playtime":814,"items_purged":[],"score":100,"play_id":"d51ea883-261b-49c1-a205-8e5f49af8f42","local_time":"20190322190732","is_ascension_mode":true,"campfire_choices":[{"floor":8,"key":"RECALL"}],"neow_cost":"NONE","seed_source_timestamp":87203593944266,"circlet_count":0,"master_deck":["Strike_B","Strike_B","Strike_B","Defend_B","Defend_B","Defend_B","Defend_B","Zap","Dualcast","Ball Lightning+1","Loop","Skim","Loop","Loop","Sweeping Beam","Darkness"],"relics":["Cracked Core","NeowsBlessing","Art of War","Odd Mushroom","Symbiotic Virus"],"potions_floor_usage":[12,12,12],"damage_taken":[{"damage":0,"enemies":"Cultist","floor":1,"turns":1},{"damage":0,"enemies":"Jaw Worm","floor":3,"turns":1},{"damage":0,"enemies":"2 Louse","floor":4,"turns":1},{"damage":26,"enemies":"Lagavulin","floor":6,"turns":5},{"damage":11,"enemies":"Large Slime","floor":7,"turns":4},{"damage":27,"enemies":"The Mushroom Lair","floor":10,"turns":4},{"damage":0,"enemies":"3 Louse","floor":11,"turns":2},{"damage":7,"enemies":"3 Sentries","floor":12,"turns":7},{"damage":9,"enemies":"Exordium Thugs","floor":13,"turns":3}],"seed_played":"5006546537855168152","potions_obtained":[{"floor":3,"key":"Ancient Potion"},{"floor":6,"key":"PowerPotion"},{"floor":7,"key":"Swift Potion"}],"is_trial":false,"path_per_floor":["M","?","M","M","?","E","M","R","T","?","M","E","M"],"character_chosen":"DEFECT","items_purchased":[],"campfire_rested":0,"item_purchase_floors":[],"current_hp_per_floor":[75,75,75,75,75,49,38,38,38,11,11,4,0],"gold":258,"neow_bonus":"THREE_ENEMY_KILL","is_prod":false,"is_daily":false,"chose_seed":false,"campfire_upgraded":0,"win_rate":0,"timestamp":1553242052,"path_taken":["M","?","M","M","?","E","?","R","T","?","M","E","M"],"build_version":"2019-01-23","purchased_purges":0,"victory":false,"max_hp_per_floor":[75,75,75,75,75,75,75,75,75,75,75,75,75],"card_choices":[{"not_picked":["Coolheaded","Rebound"],"picked":"Ball Lightning","floor":1},{"not_picked":["Cold Snap","Glacier","Consume"],"picked":"SKIP","floor":3},{"not_picked":["Consume","Gash","Loop"],"picked":"SKIP","floor":4},{"not_picked":["Consume","Gash"],"picked":"Loop","floor":4},{"not_picked":["Self Repair","Multi-Cast"],"picked":"Skim","floor":6},{"not_picked":["Barrage","Leap"],"picked":"Loop","floor":7},{"not_picked":["Turbo","Beam Cell"],"picked":"Loop","floor":10},{"not_picked":["Steam","Coolheaded"],"picked":"Sweeping Beam","floor":11},{"not_picked":["Skim","Hologram"],"picked":"Darkness","floor":12}],"player_experience":261121,"relics_obtained":[{"floor":6,"key":"Art of War"},{"floor":10,"key":"Odd Mushroom"},{"floor":12,"key":"Symbiotic Virus"}],"event_choices":[{"damage_healed":0,"gold_gain":0,"player_choice":"Grow","damage_taken":0,"max_hp_gain":0,"max_hp_loss":0,"event_name":"Living Wall","floor":2,"gold_loss":0,"cards_upgraded":["Ball Lightning"]},{"cards_removed":["Strike_B"],"damage_healed":0,"gold_gain":0,"player_choice":"Offered Basic","damage_taken":0,"max_hp_gain":0,"max_hp_loss":0,"event_name":"Bonfire Elementals","floor":5,"gold_loss":0},{"damage_healed":0,"gold_gain":0,"player_choice":"Fought Mushrooms","damage_taken":0,"max_hp_gain":0,"max_hp_loss":0,"event_name":"Mushrooms","floor":10,"gold_loss":0}],"is_beta":false,"boss_relics":[],"items_purged_floors":[],"is_endless":false,"potions_floor_spawned":[3,6,7,10],"killed_by":"Exordium Thugs","ascension_level":1}