{"gold_per_floor":[116,6,25,25,38,38,38,66,89,89,115,115,115,115,115,187,187,202,213,213,213,233,233],"floor_reached":23,"playtime":780,"items_purged":[],"score":394,"play_id":"c28b6917-b619-4e23-a188-85262b8ed0cd","local_time":"20190623224023","is_ascension_mode":true,"campfire_choices":[{"data":"Beam Cell","floor":6,"key":"SMITH"},{"floor":10,"key":"REST"},{"floor":12,"key":"REST"},{"data":"Defragment","floor":15,"key":"SMITH"}],"neow_cost":"NONE","seed_source_timestamp":143461809263700,"circlet_count":0,"master_deck":["AscendersBane","Strike_B","Strike_B","Strike_B","Strike_B","Defend_B","Defend_B","Defend_B","Defend_B","Zap","Dualcast","Gash","Beam Cell+1","Self Repair","Cold Snap","Echo Form","Defragment+1","Reboot","Hologram+1","Beam Cell+1","Defragment+1"],"relics":["FrozenCore","Centennial Puzzle","Happy Flower","Dream Catcher","Ginger"],"potions_floor_usage":[8,8,11,16,23],"damage_taken":[{"damage":4,"enemies":"Jaw Worm","floor":1,"turns":4},{"damage":1,"enemies":"Cultist","floor":3,"turns":3},{"damage":0,"enemies":"Small Slimes","floor":5,"turns":2},{"damage":30,"enemies":"Lagavulin","floor":8,"turns":5},{"damage":28,"enemies":"Gremlin Nob","floor":11,"turns":4},{"damage":54,"enemies":"Hexaghost","floor":16,"turns":9},{"damage":3,"enemies":"Spheric Guardian","floor":18,"turns":7},{"damage":13,"enemies":"Chosen","floor":19,"turns":7},{"damage":18,"enemies":"Shelled Parasite and Fungi","floor":22,"turns":7},{"damage":91,"enemies":"Slavers","floor":23,"turns":7}],"seed_played":"-2961315577858290145","potions_obtained":[{"floor":3,"key":"Fire Potion"},{"floor":4,"key":"EntropicBrew"},{"floor":18,"key":"FairyPotion"},{"floor":19,"key":"SteroidPotion"}],"is_trial":false,"path_per_floor":["M","?","M","?","M","R","$","E","T","R","E","R","$","?","R","B",null,"M","M","$","?","M","E"],"character_chosen":"DEFECT","items_purchased":[],"campfire_rested":2,"item_purchase_floors":[],"current_hp_per_floor":[67,67,66,66,66,66,66,36,36,59,38,61,61,61,61,14,62,73,67,67,67,63,0],"gold":233,"neow_bonus":"TEN_PERCENT_HP_BONUS","is_prod":false,"is_daily":false,"chose_seed":false,"campfire_upgraded":2,"win_rate":0,"timestamp":1561300823,"path_taken":["M","?","?","?","M","R","?","E","T","R","E","R","$","?","R","BOSS","M","M","$","?","?","E"],"build_version":"2019-01-23","purchased_purges":0,"victory":false,"max_hp_per_floor":[78,78,78,78,78,78,78,78,78,78,78,78,78,78,78,78,78,78,78,78,78,78,78],"card_choices":[{"not_picked":["Redo","Undo"],"picked":"Gash","floor":1},{"not_picked":["Reprogram","Skim"],"picked":"Beam Cell","floor":3},{"not_picked":["Redo","Reprogram","Barrage"],"picked":"SKIP","floor":5},{"not_picked":["Reprogram","Genetic Algorithm"],"picked":"Self Repair","floor":8},{"not_picked":["Beam Cell","Gash"],"picked":"Cold Snap","floor":10},{"not_picked":["Ball Lightning","Steam"],"picked":"Echo Form","floor":11},{"not_picked":["Reprogram","Ball Lightning"],"picked":"Defragment","floor":12},{"not_picked":["Buffer","Thunder Strike"],"picked":"Reboot","floor":16},{"not_picked":["Cold Snap","Leap+1"],"picked":"Hologram+1","floor":18},{"not_picked":["Doom and Gloom","Melter"],"picked":"Beam Cell+1","floor":19},{"not_picked":["Turbo","Recycle","Streamline"],"picked":"SKIP","floor":22}],"player_experience":728207,"relics_obtained":[{"floor":8,"key":"Happy Flower"},{"floor":9,"key":"Dream Catcher"},{"floor":11,"key":"Ginger"}],"event_choices":[{"damage_healed":0,"gold_gain":0,"player_choice":"Paid Gold","damage_taken":0,"relics_obtained":["Centennial Puzzle"],"max_hp_gain":0,"max_hp_loss":0,"event_name":"WeMeetAgain","floor":2,"gold_loss":110},{"damage_healed":0,"gold_gain":0,"player_choice":"Got Potions","damage_taken":0,"max_hp_gain":0,"max_hp_loss":0,"event_name":"Lab","floor":4,"gold_loss":0},{"damage_healed":0,"gold_gain":0,"player_choice":"Ignored","damage_taken":0,"max_hp_gain":0,"max_hp_loss":0,"event_name":"Liars Game","floor":14,"gold_loss":0},{"damage_healed":0,"gold_gain":0,"player_choice":"Copied","damage_taken":0,"max_hp_gain":0,"max_hp_loss":0,"event_name":"Duplicator","floor":21,"gold_loss":0,"cards_obtained":["Defragment"]}],"is_beta":false,"boss_relics":[{"not_picked":["White Beast Statue","Runic Dome"],"picked":"FrozenCore"}],"items_purged_floors":[],"is_endless":false,"potions_floor_spawned":[3,5,18,19],"killed_by":"Slavers","ascension_level":20}