{"gold_per_floor":[110,110,125,144,24,55,55,120,120,136,165,165,191,218,218,317,317,332,212,212,212,212,212,247,247,247,263,12,12,112,131,131,236,236,250,262,562,576,372,372,65,96,96,0,0,13,13],"floor_reached":47,"playtime":3807,"items_purged":["Strike_R","Defend_R"],"score":646,"play_id":"8e6a5a18-1d33-4acd-92d9-e8a84e5b5772","local_time":"20190612020409","is_ascension_mode":true,"campfire_choices":[{"floor":7.0,"key":"REST"},{"floor":12.0,"key":"REST"},{"data":"Shockwave","floor":15.0,"key":"SMITH"},{"data":"Armaments","floor":23.0,"key":"SMITH"},{"floor":25.0,"key":"REST"},{"data":"Battle Trance","floor":29.0,"key":"SMITH"},{"data":"Combust","floor":32.0,"key":"SMITH"},{"data":"Dual Wield","floor":40.0,"key":"SMITH"},{"data":"Bloodletting","floor":45.0,"key":"SMITH"}],"neow_cost":"NONE","seed_source_timestamp":0,"circlet_count":0,"master_deck":["Defend_R","Defend_R","Defend_R","Bash","Combust+1","Blood for Blood","Headbutt","Bandage Up","Rampage","Shockwave+1","Blood for Blood","Metallicize","Impervious","Battle Trance+1","Shrug It Off","Bloodletting+1","Shrug It Off","Dual Wield+1","Immolate","Armaments+1","Impervious","Heavy Blade","True Grit+1","Exhume+1","Rampage+1","Armaments+1","Shrug It Off+1"],"special_seed":0,"relics":["Burning Blood","Pen Nib","Tiny Chest","Bottled Flame","Pocketwatch","Anchor","Regal Pillow","Orrery","Kunai","Boot","Singing Bowl","Toxic Egg 2","Empty Cage","Old Coin","Membership Card","Frozen Eye","Gremlin Horn","Letter Opener","Red Skull","Red Mask"],"potions_floor_usage":[],"damage_taken":[{"damage":6.0,"enemies":"Jaw Worm","floor":1.0,"turns":5.0},{"damage":3.0,"enemies":"Cultist","floor":3.0,"turns":3.0},{"damage":17.0,"enemies":"Small Slimes","floor":4.0,"turns":3.0},{"damage":30.0,"enemies":"3 Sentries","floor":6.0,"turns":5.0},{"damage":39.0,"enemies":"Lagavulin","floor":8.0,"turns":6.0},{"damage":7.0,"enemies":"2 Fungi Beasts","floor":10.0,"turns":3.0},{"damage":29.0,"enemies":"3 Sentries","floor":11.0,"turns":6.0},{"damage":17.0,"enemies":"Gremlin Nob","floor":14.0,"turns":3.0},{"damage":21.0,"enemies":"Hexaghost","floor":16.0,"turns":7.0},{"damage":4.0,"enemies":"Chosen","floor":18.0,"turns":4.0},{"damage":32.0,"enemies":"Slavers","floor":24.0,"turns":5.0},{"damage":16.0,"enemies":"Shell Parasite","floor":27.0,"turns":4.0},{"damage":12.0,"enemies":"Snake Plant","floor":31.0,"turns":5.0},{"damage":50.0,"enemies":"Champ","floor":33.0,"turns":9.0},{"damage":17.0,"enemies":"3 Darklings","floor":35.0,"turns":3.0},{"damage":15.0,"enemies":"Orb Walker","floor":36.0,"turns":3.0},{"damage":3.0,"enemies":"3 Darklings","floor":38.0,"turns":4.0},{"damage":10.0,"enemies":"Reptomancer","floor":42.0,"turns":5.0},{"damage":33.0,"enemies":"Spire Growth","floor":46.0,"turns":6.0},{"damage":56,"enemies":"Giant Head","floor":47,"turns":8}],"seed_played":"-7059911973415909740","potions_obtained":[{"floor":3.0,"key":"Energy Potion"},{"floor":4.0,"key":"Strength Potion"},{"floor":10.0,"key":"SmokeBomb"},{"floor":16.0,"key":"Ancient Potion"},{"floor":27.0,"key":"Ancient Potion"},{"floor":33.0,"key":"Regen Potion"},{"floor":36.0,"key":"Weak Potion"}],"is_trial":false,"path_per_floor":["M","?","M","M","$","E","R","E","T","M","E","R","T","E","R","B",null,"M","$","?","?","T","R","E","R","T","M","$","R","?","M","R","B",null,"M","M","T","M","$","R","$","E","T","?","R","M","E"],"character_chosen":"IRONCLAD","items_purchased":["Headbutt","Bandage Up","Armaments","Toxic Egg 2","Membership Card","Frozen Eye","Shrug It Off+1","Gremlin Horn"],"campfire_rested":3,"item_purchase_floors":[5,5,19,28,39,41,41,41],"current_hp_per_floor":[80,80,80,69,69,49,73,44,44,47,28,52,52,41,41,30,68,74,74,59,59,59,59,39,79,79,77,77,77,77,75,75,37,75,64,59,59,68,68,68,68,70,70,70,70,51,0],"gold":13,"neow_bonus":"THREE_CARDS","is_prod":false,"is_daily":false,"chose_seed":false,"campfire_upgraded":6,"win_rate":0,"timestamp":1560319449,"path_taken":["M","?","M","M","$","E","R","E","T","?","E","R","?","E","R","BOSS","M","?","?","?","?","R","E","R","T","?","$","R","?","M","R","BOSS","M","M","?","M","?","R","$","E","T","?","R","M","E"],"build_version":"2019-01-23","purchased_purges":2,"victory":false,"max_hp_per_floor":[80,80,80,80,80,80,80,80,80,80,80,80,80,80,80,80,80,80,80,85,85,85,85,85,85,85,87,87,87,87,87,87,87,87,87,87,87,89,89,89,89,91,91,91,91,93,93],"card_choices":[{"not_picked":["Warcry","Dual Wield"],"picked":"Whirlwind","floor":0.0},{"not_picked":["Shrug It Off","Rage"],"picked":"Combust","floor":1.0},{"not_picked":["Whirlwind","Warcry","Flex"],"picked":"SKIP","floor":3.0},{"not_picked":["Shrug It Off","Wild Strike"],"picked":"Blood for Blood","floor":4.0},{"not_picked":["Thunderclap","Perfected Strike","Cleave"],"picked":"SKIP","floor":6.0},{"not_picked":["Heavy Blade","Pommel Strike"],"picked":"Rampage","floor":8.0},{"not_picked":["Inflame","Heavy Blade"],"picked":"Shockwave","floor":10.0},{"not_picked":["Power Through","Heavy Blade"],"picked":"Blood for Blood","floor":11.0},{"not_picked":["Sword Boomerang","Bludgeon"],"picked":"Metallicize","floor":14.0},{"not_picked":["Fiend Fire","Double Tap"],"picked":"Impervious","floor":16.0},{"not_picked":["Wild Strike","Flex"],"picked":"Battle Trance","floor":17.0},{"not_picked":["Pommel Strike","Intimidate"],"picked":"Shrug It Off","floor":17.0},{"not_picked":["Rage","True Grit"],"picked":"Bloodletting","floor":17.0},{"not_picked":["Cleave","Wild Strike"],"picked":"Shrug It Off","floor":17.0},{"not_picked":["Anger","Hemokinesis"],"picked":"Dual Wield","floor":17.0},{"not_picked":["Disarm","Perfected Strike+1"],"picked":"Immolate","floor":18.0},{"not_picked":["Burning Pact","Thunderclap","True Grit"],"picked":"SKIP","floor":24.0},{"not_picked":["Headbutt","Clothesline+1","Anger+1"],"picked":"Singing Bowl","floor":27.0},{"not_picked":["Flex+1","Shockwave+1"],"picked":"True Grit+1","floor":31.0},{"not_picked":["Demon Form","Feed"],"picked":"Exhume+1","floor":33.0},{"not_picked":["Blood for Blood","Pommel Strike"],"picked":"Rampage+1","floor":35.0},{"not_picked":["Clothesline+1","Flame Barrier+1"],"picked":"Armaments+1","floor":36.0},{"not_picked":["Clothesline+1","Ghostly Armor+1","Clash+1"],"picked":"Singing Bowl","floor":38.0},{"not_picked":["Thunderclap+1","Heavy Blade+1","Cleave"],"picked":"Singing Bowl","floor":42.0},{"not_picked":["Twin Strike","Thunderclap","Perfected Strike"],"picked":"Singing Bowl","floor":46.0}],"player_experience":327463,"relics_obtained":[{"floor":8.0,"key":"Tiny Chest"},{"floor":9.0,"key":"Bottled Flame"},{"floor":11.0,"key":"Pocketwatch"},{"floor":13.0,"key":"Anchor"},{"floor":14.0,"key":"Regal Pillow"},{"floor":22.0,"key":"Kunai"},{"floor":24.0,"key":"Boot"},{"floor":26.0,"key":"Singing Bowl"},{"floor":37.0,"key":"Old Coin"},{"floor":42.0,"key":"Letter Opener"},{"floor":43.0,"key":"Red Skull"}],"event_choices":[{"cards_removed":["Whirlwind"],"damage_healed":0.0,"max_hp_gain":0.0,"max_hp_loss":0.0,"gold_gain":0.0,"event_name":"WeMeetAgain","player_choice":"Gave Card","floor":2.0,"gold_loss":0.0,"damage_taken":0.0,"relics_obtained":["Pen Nib"]},{"damage_healed":0.0,"max_hp_gain":5.0,"max_hp_loss":0.0,"gold_gain":0.0,"event_name":"Forgotten Altar","player_choice":"Shed Blood","floor":20.0,"gold_loss":0.0,"damage_taken":20.0},{"damage_healed":0.0,"max_hp_gain":0.0,"max_hp_loss":0.0,"gold_gain":0.0,"cards_transformed":["Strike_R","Strike_R"],"event_name":"Drug Dealer","player_choice":"Became Test Subject","floor":21.0,"gold_loss":0.0,"damage_taken":0.0,"cards_obtained":["Impervious","Heavy Blade"]},{"damage_healed":0.0,"max_hp_gain":0.0,"max_hp_loss":0.0,"gold_gain":100.0,"event_name":"Golden Shrine","player_choice":"Pray","floor":30.0,"gold_loss":0.0,"damage_taken":0.0},{"damage_healed":0.0,"max_hp_gain":0.0,"max_hp_loss":0.0,"gold_gain":0.0,"event_name":"Tomb of Lord Red Mask","player_choice":"Paid","floor":44.0,"gold_loss":96.0,"damage_taken":0.0,"relics_obtained":["Red Mask"]}],"is_beta":false,"boss_relics":[{"not_picked":["Pandora\u0027s Box","Snecko Eye"],"picked":"Orrery"},{"not_picked":["Black Blood","Runic Pyramid"],"picked":"Empty Cage"}],"items_purged_floors":[19,41],"is_endless":false,"potions_floor_spawned":[3,4,10,16,27,33,36],"killed_by":"Giant Head","ascension_level":5}