{"gold_per_floor":[217,217,217,292,309,344,344,370,396,412,377,324,355,374,374,477,477,494,221,221,221,151,179,179],"floor_reached":24,"playtime":1260,"items_purged":[],"score":253,"play_id":"6e118cb5-32f2-46e2-8921-46ffccc2e4af","local_time":"20190501172926","is_ascension_mode":true,"campfire_choices":[{"floor":7,"key":"REST"},{"floor":15,"key":"REST"}],"neow_cost":"NONE","seed_source_timestamp":755880472134760,"circlet_count":0,"master_deck":["Strike_B+1","Strike_B+1","Strike_B","Defend_B","Defend_B","Defend_B","Zap","Dualcast","FTL","Conserve Battery","Skim","Force Field","Loop","Ball Lightning","Ball Lightning","Gash","Sweeping Beam","Consume+1","Defragment","Rebound","Core Surge","Heatsinks","Buffer"],"relics":["Cracked Core","Whetstone","Prayer Wheel","Dream Catcher","Art of War","Nuclear Battery","ClockworkSouvenir","Question Card","Blue Candle"],"potions_floor_usage":[16,23,23],"damage_taken":[{"damage":7,"enemies":"Jaw Worm","floor":1,"turns":3},{"damage":4,"enemies":"Small Slimes","floor":5,"turns":3},{"damage":17,"enemies":"Gremlin Nob","floor":6,"turns":4},{"damage":45,"enemies":"Lagavulin","floor":8,"turns":7},{"damage":0,"enemies":"2 Louse","floor":10,"turns":2},{"damage":17,"enemies":"3 Sentries","floor":13,"turns":6},{"damage":4,"enemies":"Looter","floor":14,"turns":2},{"damage":40,"enemies":"The Guardian","floor":16,"turns":10},{"damage":13,"enemies":"3 Byrds","floor":18,"turns":4},{"damage":62,"enemies":"Slavers","floor":23,"turns":4},{"damage":12,"enemies":"Spheric Guardian","floor":24,"turns":3}],"seed_played":"-6557704169066590940","potions_obtained":[{"floor":6,"key":"Weak Potion"},{"floor":13,"key":"Fire Potion"},{"floor":16,"key":"SkillPotion"}],"is_trial":false,"path_per_floor":["M","$","?","?","M","E","R","E","T","M","?","$","E","M","R","B",null,"M","$","?","?","$","E","M"],"character_chosen":"DEFECT","items_purchased":["Ball Lightning","Defragment","ClockworkSouvenir","Heatsinks"],"campfire_rested":2,"item_purchase_floors":[12,19,19,22],"current_hp_per_floor":[68,68,73,62,58,41,65,20,20,20,40,40,23,19,43,3,80,67,67,67,67,67,5,0],"gold":179,"neow_bonus":"HUNDRED_GOLD","is_prod":false,"is_daily":false,"chose_seed":false,"campfire_upgraded":0,"win_rate":0,"timestamp":1556695766,"path_taken":["M","$","?","?","M","E","R","E","T","M","?","$","E","M","R","BOSS","M","$","?","?","$","E","M"],"build_version":"2019-01-23","purchased_purges":0,"victory":false,"max_hp_per_floor":[75,75,80,80,80,80,80,80,80,80,80,80,80,80,80,80,80,80,80,80,80,80,80,80],"card_choices":[{"not_picked":["Streamline","Barrage"],"picked":"FTL","floor":1},{"not_picked":["Reinforced Body","Rebound","Steam"],"picked":"SKIP","floor":5},{"not_picked":["Compile Driver","Hyperbeam"],"picked":"Conserve Battery","floor":6},{"not_picked":["Hello World","Steam"],"picked":"Skim","floor":8},{"not_picked":["White Noise","Consume"],"picked":"Force Field","floor":10},{"not_picked":["Turbo","Cold Snap"],"picked":"Loop","floor":10},{"not_picked":["Cold Snap","Rebound"],"picked":"Ball Lightning","floor":13},{"not_picked":["Sunder","Rebound"],"picked":"Gash","floor":14},{"not_picked":["Stack","Streamline","Hologram"],"picked":"SKIP","floor":14},{"not_picked":["Barrage","Coolheaded"],"picked":"Sweeping Beam","floor":15},{"not_picked":["Capacitor","Tempest+1"],"picked":"Consume+1","floor":18},{"not_picked":["Hello World","Coolheaded","Compile Driver"],"picked":"SKIP","floor":18},{"not_picked":["Leap","Stack","Rebound"],"picked":"Buffer","floor":23}],"player_experience":354253,"relics_obtained":[{"floor":6,"key":"Whetstone"},{"floor":8,"key":"Prayer Wheel"},{"floor":9,"key":"Dream Catcher"},{"floor":13,"key":"Art of War"},{"floor":23,"key":"Blue Candle"}],"event_choices":[{"damage_healed":0,"gold_gain":0,"player_choice":"Donut","damage_taken":0,"max_hp_gain":5,"max_hp_loss":0,"event_name":"Big Fish","floor":3,"gold_loss":0},{"damage_healed":0,"gold_gain":75,"player_choice":"Gather Gold","damage_taken":11,"max_hp_gain":0,"max_hp_loss":0,"event_name":"World of Goop","floor":4,"gold_loss":0},{"damage_healed":20,"gold_gain":0,"player_choice":"Healed","damage_taken":0,"max_hp_gain":0,"max_hp_loss":0,"event_name":"The Cleric","floor":11,"gold_loss":35},{"damage_healed":0,"gold_gain":0,"cards_transformed":["Strike_B","Defend_B"],"player_choice":"Became Test Subject","damage_taken":0,"max_hp_gain":0,"max_hp_loss":0,"event_name":"Drug Dealer","floor":20,"gold_loss":0,"cards_obtained":["Rebound","Core Surge"]},{"damage_healed":0,"gold_gain":0,"player_choice":"Opened","damage_taken":0,"relics_obtained":["Question Card"],"max_hp_gain":0,"max_hp_loss":0,"event_name":"The Mausoleum","floor":21,"gold_loss":0}],"is_beta":false,"boss_relics":[{"not_picked":["Sozu","Snecko Eye"],"picked":"Nuclear Battery"}],"items_purged_floors":[],"is_endless":false,"potions_floor_spawned":[6,13,16],"killed_by":"Spheric Guardian","ascension_level":2}