{"gold_per_floor":[15,34,51,63,15,15,45,45,45,45,77,77,77,96,96,193,193,211,231,8,19,39,39,69,69,69,69,69,101,121,138,138,243,243,257,357,371,371,3,3,18,18,99,131,144,171,171,184,184,184,184,184,32,67,67],"floor_reached":56,"playtime":5860,"items_purged":["Strike_B"],"score":1332,"play_id":"257b9c5b-946d-4427-9b74-31e0792f5e17","local_time":"20190525164433","is_ascension_mode":true,"campfire_choices":[{"data":"Zap","floor":6.0,"key":"SMITH"},{"floor":8.0,"key":"REST"},{"data":"Rebound","floor":10.0,"key":"SMITH"},{"floor":15.0,"key":"REST"},{"floor":23.0,"key":"REST"},{"floor":28.0,"key":"REST"},{"data":"Buffer","floor":32.0,"key":"SMITH"},{"floor":40,"key":"RECALL"},{"floor":42,"key":"DIG"},{"floor":47,"key":"DIG"},{"floor":49,"key":"DIG"},{"floor":52,"key":"DIG"}],"neow_cost":"NO_GOLD","seed_source_timestamp":0,"circlet_count":0,"master_deck":["Strike_B","Defend_B","Defend_B","Defend_B","Defend_B","Zap+1","Dualcast","Rebound+1","Conserve Battery","Steam","Gash","Creative AI","Gash","Biased Cognition","Cold Snap","Defragment+1","Fusion+1","Compile Driver","Gash","Sunder+1","White Noise+1","Capacitor","Doom and Gloom+1","Defragment+1","Go for the Eyes+1","FTL","Buffer+1","Redo+1","All For One","Glacier","Redo+1","Beam Cell","Compile Driver","Steam+1","Violence","All For One","Compile Driver","FTL+1","Hologram+1","Seek","Chrysalis"],"special_seed":0,"relics":["Cracked Core","Unceasing Top","Pen Nib","The Courier","Prayer Wheel","Bird Faced Urn","Empty Cage","Shuriken","Anchor","Orichalcum","Torii","Nuclear Battery","Shovel","Frozen Eye","Bottled Tornado","DataDisk","Regal Pillow","Happy Flower","Pear","Bottled Lightning","Bag of Marbles"],"potions_floor_usage":[55,55],"damage_taken":[{"damage":1.0,"enemies":"Cultist","floor":1.0,"turns":3.0},{"damage":0.0,"enemies":"2 Louse","floor":2.0,"turns":2.0},{"damage":0.0,"enemies":"Jaw Worm","floor":3.0,"turns":3.0},{"damage":9.0,"enemies":"Exordium Thugs","floor":4.0,"turns":5.0},{"damage":38.0,"enemies":"Lagavulin","floor":7.0,"turns":8.0},{"damage":4.0,"enemies":"3 Sentries","floor":11.0,"turns":7.0},{"damage":14.0,"enemies":"Blue Slaver","floor":14.0,"turns":3.0},{"damage":41.0,"enemies":"The Guardian","floor":16.0,"turns":10.0},{"damage":21.0,"enemies":"3 Byrds","floor":18.0,"turns":6.0},{"damage":12.0,"enemies":"Spheric Guardian","floor":19.0,"turns":4.0},{"damage":9.0,"enemies":"Centurion and Healer","floor":21.0,"turns":8.0},{"damage":25.0,"enemies":"Snake Plant","floor":22.0,"turns":4.0},{"damage":51.0,"enemies":"Slavers","floor":24.0,"turns":5.0},{"damage":29.0,"enemies":"Book of Stabbing","floor":29.0,"turns":5.0},{"damage":7.0,"enemies":"3 Cultists","floor":30.0,"turns":4.0},{"damage":1.0,"enemies":"Chosen and Byrds","floor":31.0,"turns":5.0},{"damage":27.0,"enemies":"Automaton","floor":33.0,"turns":9.0},{"damage":0,"enemies":"3 Darklings","floor":35,"turns":4},{"damage":0,"enemies":"Mind Bloom Boss Battle","floor":36,"turns":5},{"damage":0,"enemies":"Orb Walker","floor":37,"turns":2},{"damage":0,"enemies":"Maw","floor":41,"turns":5},{"damage":0,"enemies":"Giant Head","floor":44,"turns":6},{"damage":0,"enemies":"Spire Growth","floor":45,"turns":4},{"damage":0,"enemies":"Reptomancer","floor":46,"turns":3},{"damage":12,"enemies":"Jaw Worm Horde","floor":48,"turns":5},{"damage":10,"enemies":"Donu and Deca","floor":50,"turns":6},{"damage":7,"enemies":"Shield and Spear","floor":54,"turns":3},{"damage":110,"enemies":"The Heart","floor":55,"turns":12}],"seed_played":"-3867130642771423888","potions_obtained":[{"floor":1.0,"key":"PowerPotion"},{"floor":3.0,"key":"Dexterity Potion"},{"floor":16.0,"key":"EssenceOfSteel"},{"floor":24.0,"key":"Dexterity Potion"},{"floor":37,"key":"Regen Potion"},{"floor":41,"key":"Block Potion"},{"floor":45,"key":"Block Potion"},{"floor":46,"key":"Energy Potion"}],"is_trial":false,"path_per_floor":["M","M","M","M","$","R","E","R","T","R","E","T","?","M","R","B",null,"M","M","$","M","M","R","E","?","T","$","R","E","M","M","R","B",null,"M","?","M","?","$","R","M","R","T","E","M","E","R","M","R","B",null,"R","$","E","B",null],"character_chosen":"DEFECT","items_purchased":["Weak Potion","Shuriken","Compile Driver","Frozen Eye","Violence","Chrysalis"],"campfire_rested":4,"item_purchase_floors":[5,20,20,39,39,53],"current_hp_per_floor":[74,74,74,65,65,65,27,49,49,49,45,45,45,31,53,22,75,54,48,48,55,34,56,13,6,6,6,28,7,14,21,21,4,75,75,75,75,71,71,71,71,71,71,71,71,71,71,67,77,73,81,81,81,76,4],"gold":67,"neow_bonus":"ONE_RARE_RELIC","is_prod":false,"is_daily":false,"chose_seed":false,"campfire_upgraded":3,"win_rate":0,"timestamp":1558817073,"path_taken":["M","M","M","M","$","R","E","R","T","R","E","?","?","M","R","BOSS","M","M","$","?","M","R","E","?","T","$","R","E","?","M","R","BOSS","M","?","M","?","$","R","M","R","T","E","M","E","R","M","R","BOSS","R","$","E","BOSS"],"build_version":"2019-01-23","purchased_purges":1,"victory":true,"max_hp_per_floor":[75,75,75,75,75,75,75,75,75,75,75,75,75,75,75,75,75,75,75,75,75,75,75,75,75,75,75,75,75,75,75,75,75,75,75,75,75,71,71,71,71,71,71,71,71,71,71,71,81,81,81,81,81,81,81],"card_choices":[{"not_picked":["Force Field","Blizzard"],"picked":"Rebound","floor":1.0},{"not_picked":["Turbo","Hologram"],"picked":"Conserve Battery","floor":2.0},{"not_picked":["Redo","Coolheaded","Lockon"],"picked":"SKIP","floor":3.0},{"not_picked":["Force Field","Conserve Battery"],"picked":"Steam","floor":4.0},{"not_picked":["Turbo","Redo","Steam Power"],"picked":"SKIP","floor":7.0},{"not_picked":["Undo","Ball Lightning"],"picked":"Gash","floor":11.0},{"not_picked":["Conserve Battery","Stack"],"picked":"Creative AI","floor":14.0},{"not_picked":["Capacitor","Heatsinks"],"picked":"Gash","floor":14.0},{"not_picked":["Core Surge","Amplify"],"picked":"Biased Cognition","floor":16.0},{"not_picked":["Streamline","Conserve Battery"],"picked":"Cold Snap","floor":18.0},{"not_picked":["Turbo+1","Recycle","Stack+1"],"picked":"SKIP","floor":18.0},{"not_picked":["Rip and Tear","BootSequence"],"picked":"Defragment+1","floor":19.0},{"not_picked":["Turbo+1","Go for the Eyes"],"picked":"Fusion+1","floor":19.0},{"not_picked":["Rebound","Hyperbeam"],"picked":"Gash","floor":21.0},{"not_picked":["Go for the Eyes+1","Recycle"],"picked":"Sunder+1","floor":21.0},{"not_picked":["Hologram+1","Static Discharge"],"picked":"White Noise+1","floor":22.0},{"not_picked":["Streamline","Cold Snap+1"],"picked":"Capacitor","floor":22.0},{"not_picked":["Rebound","Sunder"],"picked":"Doom and Gloom+1","floor":24.0},{"not_picked":["Go for the Eyes","Hello World+1"],"picked":"Defragment+1","floor":29.0},{"not_picked":["Barrage","Leap"],"picked":"Go for the Eyes+1","floor":30.0},{"not_picked":["Barrage","Turbo"],"picked":"FTL","floor":30.0},{"not_picked":["Redo","Reprogram"],"picked":"Buffer","floor":31.0},{"not_picked":["Sweeping Beam","Leap"],"picked":"Redo+1","floor":31.0},{"not_picked":["Multi-Cast","Buffer"],"picked":"All For One","floor":33.0},{"not_picked":["Barrage","Beam Cell"],"picked":"Glacier","floor":35},{"not_picked":["Barrage","Gash"],"picked":"Redo+1","floor":35},{"not_picked":["Steam","Leap+1"],"picked":"Beam Cell","floor":36},{"not_picked":["Glacier+1","Stack+1"],"picked":"Compile Driver","floor":37},{"not_picked":["Lockon+1","Hologram"],"picked":"Steam+1","floor":37},{"not_picked":["Rebound+1","Leap+1"],"picked":"All For One","floor":41},{"not_picked":["Cold Snap","Stack","Steam+1"],"picked":"SKIP","floor":41},{"not_picked":["Leap","Rip and Tear+1"],"picked":"Compile Driver","floor":44},{"not_picked":["Heatsinks","Sweeping Beam+1"],"picked":"FTL+1","floor":45},{"not_picked":["Self Repair","Reinforced Body+1","Compile Driver"],"picked":"SKIP","floor":45},{"not_picked":["Turbo","Rebound+1"],"picked":"Hologram+1","floor":46},{"not_picked":["Beam Cell+1","Go for the Eyes+1"],"picked":"Seek","floor":48},{"not_picked":["Beam Cell","Capacitor+1","Cold Snap"],"picked":"SKIP","floor":48},{"not_picked":["Rebound+1","Sweeping Beam+1","Static Discharge"],"picked":"SKIP","floor":54}],"player_experience":249243,"relics_obtained":[{"floor":7.0,"key":"Pen Nib"},{"floor":9.0,"key":"The Courier"},{"floor":11.0,"key":"Prayer Wheel"},{"floor":12.0,"key":"Bird Faced Urn"},{"floor":24.0,"key":"Anchor"},{"floor":26.0,"key":"Orichalcum"},{"floor":29.0,"key":"Torii"},{"floor":36,"key":"Shovel"},{"floor":42,"key":"Bottled Tornado"},{"floor":44,"key":"DataDisk"},{"floor":46,"key":"Regal Pillow"},{"floor":47,"key":"Happy Flower"},{"floor":49,"key":"Pear"},{"floor":52,"key":"Bottled Lightning"},{"floor":54,"key":"Bag of Marbles"}],"event_choices":[{"damage_healed":0.0,"max_hp_gain":0.0,"max_hp_loss":0.0,"gold_gain":0.0,"event_name":"Match and Keep!","player_choice":"0 cards matched","floor":13.0,"gold_loss":0.0,"damage_taken":0.0,"cards_obtained":[]},{"damage_healed":0.0,"max_hp_gain":0.0,"max_hp_loss":0.0,"gold_gain":0.0,"event_name":"Wheel of Change","player_choice":"Damaged","floor":25.0,"gold_loss":0.0,"damage_taken":7.0},{"damage_healed":0,"gold_gain":0,"player_choice":"Fight","damage_taken":0,"max_hp_gain":0,"max_hp_loss":0,"event_name":"MindBloom","floor":36,"gold_loss":0},{"damage_healed":0,"gold_gain":0,"player_choice":"Max HP","damage_taken":0,"max_hp_gain":0,"max_hp_loss":4,"event_name":"Winding Halls","floor":38,"gold_loss":0}],"is_beta":false,"boss_relics":[{"not_picked":["Velvet Choker","Cursed Key"],"picked":"Empty Cage"},{"not_picked":["Coffee Dripper","Philosopher\u0027s Stone"],"picked":"Nuclear Battery"}],"items_purged_floors":[39],"is_endless":false,"potions_floor_spawned":[1,3,7,11,16,18,22,24,30,37,41,45,46],"ascension_level":1}