{"gold_per_floor":[114,114,114,138,138,169,169,210,210,17,17,38,38,56,56,187,187,203,203,203,217,233,252,286,301,324,358,103,116,143,161,161,282,282,298,317,71,91,91,91,131,131,182,198,234,257,278,296,296,296,296,296,234,273,273],"floor_reached":56,"playtime":4126,"items_purged":[],"score":1322,"play_id":"887b2ca9-63bd-4f2b-b44a-75a8b7bd220f","local_time":"20190416220708","is_ascension_mode":true,"campfire_choices":[{"data":"Blade Dance","floor":7,"key":"SMITH"},{"floor":15,"key":"REST"},{"floor":32,"key":"REST"},{"floor":40,"key":"RECALL"},{"data":"Envenom","floor":42,"key":"SMITH"},{"floor":49,"key":"REST"},{"data":"Cloak And Dagger","floor":52,"key":"SMITH"}],"neow_cost":"NONE","seed_source_timestamp":525077452868228,"circlet_count":0,"master_deck":["Defend_G","Defend_G","Defend_G+1","Defend_G","Strike_G","Strike_G","Strike_G","Survivor","Neutralize","Cloak And Dagger+1","Blade Dance+1","Backflip+1","Deflect","Envenom+1","Tools of the Trade+1","Flechettes+1","Blade Dance","Footwork+1","Blur+1","Infinite Blades","Blade Dance+1","Finisher+1","Catalyst+1","Accuracy+1","Catalyst","Noxious Fumes+1"],"relics":["Ring of the Snake","NeowsBlessing","Golden Idol","Kunai","Bottled Flame","Bag of Marbles","The Courier","Ninja Scroll","Astrolabe","PreservedInsect","Pen Nib","Lantern","Shuriken","Vajra","Philosopher\u0027s Stone","Snake Skull","War Paint","Centennial Puzzle","Torii","Bag of Preparation"],"potions_floor_usage":[13,16,33,41,45,55,55,55],"damage_taken":[{"damage":0,"enemies":"Jaw Worm","floor":1,"turns":1},{"damage":0,"enemies":"2 Louse","floor":4,"turns":1},{"damage":0,"enemies":"Lagavulin","floor":6,"turns":1},{"damage":32,"enemies":"3 Sentries","floor":8,"turns":10},{"damage":0,"enemies":"Small Slimes","floor":12,"turns":1},{"damage":0,"enemies":"Lagavulin","floor":13,"turns":1},{"damage":0,"enemies":"Blue Slaver","floor":14,"turns":1},{"damage":42,"enemies":"The Guardian","floor":16,"turns":20},{"damage":1,"enemies":"Chosen","floor":18,"turns":3},{"damage":3,"enemies":"Shell Parasite","floor":21,"turns":7},{"damage":16,"enemies":"Snake Plant","floor":22,"turns":6},{"damage":12,"enemies":"Snecko","floor":23,"turns":5},{"damage":2,"enemies":"Book of Stabbing","floor":24,"turns":8},{"damage":11,"enemies":"Sentry and Sphere","floor":25,"turns":8},{"damage":11,"enemies":"Gremlin Leader","floor":27,"turns":5},{"damage":0,"enemies":"Centurion and Healer","floor":29,"turns":6},{"damage":5,"enemies":"Snecko","floor":31,"turns":3},{"damage":22,"enemies":"Champ","floor":33,"turns":8},{"damage":0,"enemies":"3 Darklings","floor":35,"turns":5},{"damage":0,"enemies":"Orb Walker","floor":36,"turns":3},{"damage":14,"enemies":"Jaw Worm Horde","floor":38,"turns":3},{"damage":6,"enemies":"Reptomancer","floor":41,"turns":2},{"damage":0,"enemies":"Sphere and 2 Shapes","floor":44,"turns":2},{"damage":9,"enemies":"Nemesis","floor":45,"turns":5},{"damage":1,"enemies":"Writhing Mass","floor":46,"turns":3},{"damage":1,"enemies":"Spire Growth","floor":47,"turns":2},{"damage":0,"enemies":"Sphere and 2 Shapes","floor":48,"turns":1},{"damage":38,"enemies":"Donu and Deca","floor":50,"turns":7},{"damage":0,"enemies":"Shield and Spear","floor":54,"turns":2},{"damage":63,"enemies":"The Heart","floor":55,"turns":8}],"seed_played":"5307048802009069055","potions_obtained":[{"floor":1,"key":"SmokeBomb"},{"floor":8,"key":"SkillPotion"},{"floor":21,"key":"SneckoOil"},{"floor":24,"key":"SteroidPotion"},{"floor":25,"key":"Swift Potion"},{"floor":29,"key":"Weak Potion"},{"floor":31,"key":"GhostInAJar"},{"floor":33,"key":"Weak Potion"},{"floor":38,"key":"EssenceOfSteel"},{"floor":41,"key":"Weak Potion"},{"floor":46,"key":"PowerPotion"}],"is_trial":false,"path_per_floor":["M","?","?","M","?","E","R","E","T","$","$","M","E","M","R","B",null,"M","?","?","M","M","M","E","M","T","E","$","M","T","M","R","B",null,"M","M","$","M","?","R","E","R","T","M","E","M","M","M","R","B",null,"R","$","E","B",null],"character_chosen":"THE_SILENT","items_purchased":["Ninja Scroll","Infinite Blades","Shuriken","Snake Skull","War Paint","Catalyst"],"campfire_rested":3,"item_purchase_floors":[10,28,28,37,37,53],"current_hp_per_floor":[70,70,70,70,58,58,58,26,26,26,26,26,26,26,47,5,70,69,69,80,77,61,49,47,36,36,25,25,25,25,20,44,22,80,80,80,80,66,66,66,60,60,60,60,51,50,49,49,73,35,80,80,80,80,17],"gold":273,"neow_bonus":"THREE_ENEMY_KILL","is_prod":false,"is_daily":false,"chose_seed":false,"campfire_upgraded":3,"win_rate":0,"timestamp":1555416428,"path_taken":["M","?","?","M","?","E","R","E","T","?","$","M","E","M","R","BOSS","M","?","?","M","M","?","E","M","T","E","$","?","?","M","R","BOSS","M","M","$","M","?","R","E","R","T","?","E","M","M","?","R","BOSS","R","$","E","BOSS"],"build_version":"2019-01-23","purchased_purges":0,"victory":true,"max_hp_per_floor":[70,70,70,70,70,70,70,70,70,70,70,70,70,70,70,70,70,70,70,80,80,80,80,80,80,80,80,80,80,80,80,80,80,80,80,80,80,80,80,80,80,80,80,80,80,80,80,80,80,80,80,80,80,80,80],"card_choices":[{"not_picked":["Endless Agony","Setup"],"picked":"Cloak And Dagger","floor":1},{"not_picked":["Deadly Poison","Escape Plan"],"picked":"Blade Dance","floor":4},{"not_picked":["Quick Slash","Expertise","Flechettes"],"picked":"SKIP","floor":6},{"not_picked":["Bouncing Flask","Masterful Stab","PiercingWail"],"picked":"SKIP","floor":8},{"not_picked":["Sucker Punch","Crippling Poison"],"picked":"Backflip","floor":12},{"not_picked":["All Out Attack","Poisoned Stab"],"picked":"Deflect","floor":14},{"not_picked":["Corpse Explosion","Doppelganger"],"picked":"Envenom","floor":16},{"not_picked":["Endless Agony","Masterful Stab","Reflex"],"picked":"SKIP","floor":18},{"not_picked":["Bane","Crippling Poison+1","Deadly Poison+1"],"picked":"SKIP","floor":21},{"not_picked":["Bouncing Flask","Underhanded Strike"],"picked":"Blade Dance","floor":22},{"not_picked":["Bane+1","Quick Slash"],"picked":"Footwork+1","floor":23},{"not_picked":["Deadly Poison","Outmaneuver","Escape Plan"],"picked":"SKIP","floor":24},{"not_picked":["Acrobatics+1","Dodge and Roll","Outmaneuver"],"picked":"SKIP","floor":25},{"not_picked":["Deadly Poison","Finisher"],"picked":"Blur+1","floor":27},{"not_picked":["Deadly Poison+1","Dagger Throw","Finisher"],"picked":"SKIP","floor":29},{"not_picked":["Leg Sweep","Riddle With Holes"],"picked":"Blade Dance+1","floor":31},{"not_picked":["Calculated Gamble+1","Predator","Underhanded Strike+1"],"picked":"SKIP","floor":35},{"not_picked":["Prepared+1","PiercingWail"],"picked":"Finisher+1","floor":36},{"not_picked":["Flying Knee+1","Quick Slash","Slice"],"picked":"SKIP","floor":38},{"not_picked":["Doppelganger","Dagger Throw","Setup"],"picked":"SKIP","floor":41},{"not_picked":["Quick Slash","Poisoned Stab","Prepared+1"],"picked":"SKIP","floor":44},{"not_picked":["Caltrops","Riddle With Holes+1","Leg Sweep+1"],"picked":"SKIP","floor":45},{"not_picked":["Finisher","Unload","Underhanded Strike+1"],"picked":"SKIP","floor":46},{"not_picked":["Footwork","Dagger Spray+1"],"picked":"Catalyst+1","floor":47},{"not_picked":["PiercingWail+1","Masterful Stab+1"],"picked":"Accuracy+1","floor":48},{"not_picked":["Dagger Throw","Dodge and Roll+1"],"picked":"Noxious Fumes+1","floor":54}],"player_experience":309527,"relics_obtained":[{"floor":6,"key":"Bottled Flame"},{"floor":8,"key":"Bag of Marbles"},{"floor":9,"key":"The Courier"},{"floor":24,"key":"PreservedInsect"},{"floor":26,"key":"Pen Nib"},{"floor":27,"key":"Lantern"},{"floor":30,"key":"Vajra"},{"floor":41,"key":"Centennial Puzzle"},{"floor":45,"key":"Torii"},{"floor":54,"key":"Bag of Preparation"}],"event_choices":[{"damage_healed":0,"gold_gain":0,"player_choice":"Leave","damage_taken":0,"max_hp_gain":0,"max_hp_loss":0,"event_name":"The Cleric","floor":2,"gold_loss":0},{"damage_healed":0,"gold_gain":0,"player_choice":"Take Wound","damage_taken":0,"relics_obtained":["Golden Idol"],"max_hp_gain":0,"max_hp_loss":0,"event_name":"Golden Idol","floor":3,"gold_loss":0,"cards_obtained":["Injury"]},{"damage_healed":0,"gold_gain":0,"player_choice":"Success","damage_taken":12,"relics_obtained":["Kunai"],"max_hp_gain":0,"max_hp_loss":0,"event_name":"Scrap Ooze","floor":5,"gold_loss":0},{"cards_removed":["Injury"],"damage_healed":0,"gold_gain":0,"player_choice":"Elegance","damage_taken":0,"max_hp_gain":0,"max_hp_loss":0,"event_name":"Back to Basics","floor":19,"gold_loss":0},{"cards_removed":["Grand Finale"],"damage_healed":1,"gold_gain":0,"player_choice":"Offered Rare","damage_taken":0,"max_hp_gain":10,"max_hp_loss":0,"event_name":"Bonfire Elementals","floor":20,"gold_loss":0},{"damage_healed":0,"gold_gain":0,"player_choice":"Got Potions","damage_taken":0,"max_hp_gain":0,"max_hp_loss":0,"event_name":"Lab","floor":39,"gold_loss":0}],"is_beta":false,"boss_relics":[{"not_picked":["Ectoplasm","Runic Dome"],"picked":"Astrolabe"},{"not_picked":["Velvet Choker","Lizard Tail"],"picked":"Philosopher\u0027s Stone"}],"items_purged_floors":[],"is_endless":false,"potions_floor_spawned":[1,8,13,21,24,25,29,31,33,38,41,46,48],"ascension_level":1}