{"gold_per_floor":[117,117,20,40,53,3,3,37,37,72,72,89,89,12,12,110,110,123,139,139,157,257,257,35,35,62,75,75,95,123,133,133,236,236,247,265,365,383,92,117,130,130,156,176,176,211,10,28,28,28],"floor_reached":51,"playtime":4343,"items_purged":["Pain","Strike_G+1","Strike_G+1"],"score":927,"play_id":"ba9683d7-dc9c-47d3-bfef-f7f5e4ab9d0d","local_time":"20190624014210","is_ascension_mode":true,"campfire_choices":[{"floor":13.0,"key":"REST"},{"data":"1","floor":15.0,"key":"LIFT"},{"data":"2","floor":23,"key":"LIFT"},{"data":"3","floor":25,"key":"LIFT"},{"data":"Glass Knife","floor":28,"key":"SMITH"},{"data":"Neutralize","floor":32,"key":"SMITH"},{"floor":42,"key":"REST"},{"floor":49,"key":"REST"}],"neow_cost":"NONE","seed_source_timestamp":0,"circlet_count":0,"master_deck":["Defend_G+1","Defend_G+1","Defend_G+1","Defend_G+1","Defend_G+1","Strike_G+1","Survivor","Neutralize+1","Quick Slash","Finisher","Dash","Dodge and Roll","Footwork","Blur","Glass Knife+1","Corpse Explosion","Cloak And Dagger","Dash+1","Terror+1","Crippling Poison","Blade Dance+1","Well Laid Plans+1","Glass Knife","Deflect","Deadly Poison+1","Poisoned Stab+1","Noxious Fumes+1","Crippling Poison+1"],"special_seed":0,"relics":["Ring of the Serpent","WarpedTongs","Girya","Incense Burner","Smiling Mask","Lantern","The Specimen","Kunai","Potion Belt","Bronze Scales","Frozen Egg 2","Fusion Hammer","StoneCalendar","Ninja Scroll","Strawberry","Centennial Puzzle","Boot"],"potions_floor_usage":[33,36,36,40,40,40,40,46,50,50,50],"damage_taken":[{"damage":5.0,"enemies":"2 Louse","floor":1.0,"turns":4.0},{"damage":1.0,"enemies":"Cultist","floor":4.0,"turns":3.0},{"damage":4.0,"enemies":"Small Slimes","floor":5.0,"turns":3.0},{"damage":28.0,"enemies":"Gremlin Nob","floor":8.0,"turns":5.0},{"damage":12.0,"enemies":"3 Sentries","floor":10.0,"turns":7.0},{"damage":0.0,"enemies":"Blue Slaver","floor":12.0,"turns":3.0},{"damage":2.0,"enemies":"The Guardian","floor":16.0,"turns":14.0},{"damage":4,"enemies":"Chosen","floor":18,"turns":7},{"damage":5,"enemies":"Shell Parasite","floor":19,"turns":6},{"damage":0,"enemies":"Centurion and Healer","floor":21,"turns":4},{"damage":0,"enemies":"Colosseum Slavers","floor":22,"turns":4},{"damage":1,"enemies":"Colosseum Nobs","floor":22,"turns":4},{"damage":0,"enemies":"Snake Plant","floor":27,"turns":1},{"damage":1,"enemies":"Chosen and Byrds","floor":29,"turns":3},{"damage":3,"enemies":"Slavers","floor":30,"turns":2},{"damage":0,"enemies":"3 Cultists","floor":31,"turns":4},{"damage":17,"enemies":"Collector","floor":33,"turns":7},{"damage":0,"enemies":"Orb Walker","floor":35,"turns":2},{"damage":19,"enemies":"3 Darklings","floor":36,"turns":3},{"damage":0,"enemies":"Mind Bloom Boss Battle","floor":37,"turns":5},{"damage":0,"enemies":"Spire Growth","floor":38,"turns":3},{"damage":13,"enemies":"Nemesis","floor":40,"turns":5},{"damage":0,"enemies":"Transient","floor":41,"turns":5},{"damage":0,"enemies":"Jaw Worm Horde","floor":44,"turns":3},{"damage":1,"enemies":"Reptomancer","floor":46,"turns":3},{"damage":0,"enemies":"3 Darklings","floor":48,"turns":3},{"damage":13,"enemies":"Awakened One","floor":50,"turns":9}],"seed_played":"-5641593156363003771","potions_obtained":[{"floor":4.0,"key":"EntropicBrew"},{"floor":5.0,"key":"Dexterity Potion"},{"floor":10.0,"key":"EssenceOfSteel"},{"floor":21,"key":"Block Potion"},{"floor":30,"key":"Energy Potion"},{"floor":35,"key":"Weak Potion"},{"floor":37,"key":"Poison Potion"},{"floor":40,"key":"LiquidBronze"}],"is_trial":false,"path_per_floor":["M","?","$","M","M","?","T","E","T","E","?","M","R","$","R","B",null,"M","M","?","M","?","R","$","R","T","M","R","M","E","M","R","B",null,"M","M","?","M","$","E","M","R","T","M","?","E","$","M","R","B",null],"character_chosen":"THE_SILENT","items_purchased":["Quick Slash","Glass Knife","Crippling Poison","Potion Belt","Ninja Scroll","Noxious Fumes+1","Regen Potion"],"campfire_rested":3,"item_purchase_floors":[3,14,24,24,39,47,47],"current_hp_per_floor":[65,65,65,64,60,60,60,32,32,20,13,13,36,36,36,34,66,62,57,57,57,56,56,56,56,56,56,56,55,52,52,52,35,67,67,48,48,48,48,42,42,67,67,67,67,66,66,66,84,71],"gold":28,"neow_bonus":"TEN_PERCENT_HP_BONUS","is_prod":false,"is_daily":false,"chose_seed":false,"campfire_upgraded":2,"win_rate":0,"timestamp":1561354930,"path_taken":["M","?","$","M","?","?","?","E","T","E","?","?","R","?","R","BOSS","M","M","?","M","?","R","$","R","T","M","R","M","E","M","R","BOSS","M","M","?","M","$","E","M","R","T","M","?","E","$","M","R","BOSS"],"build_version":"2019-01-23","purchased_purges":3,"victory":true,"max_hp_per_floor":[77,77,77,77,77,77,77,77,77,77,77,77,77,77,77,77,77,77,77,77,77,77,77,77,77,77,77,77,77,77,77,77,77,77,77,77,77,77,77,84,84,84,84,84,84,84,84,84,84,84],"card_choices":[{"not_picked":["Outmaneuver","Reflex","Acrobatics"],"picked":"SKIP","floor":1.0},{"not_picked":["Prepared","Tactician"],"picked":"Finisher","floor":4.0},{"not_picked":["Deflect","Bouncing Flask"],"picked":"Dash","floor":5.0},{"not_picked":["Underhanded Strike","All Out Attack"],"picked":"Dodge and Roll","floor":8.0},{"not_picked":["Accuracy","Crippling Poison"],"picked":"Footwork","floor":10.0},{"not_picked":["Backflip","Deflect"],"picked":"Blur","floor":12.0},{"not_picked":["Wraith Form v2","Storm of Steel"],"picked":"Corpse Explosion","floor":16.0},{"not_picked":["Dash","Bane+1"],"picked":"Cloak And Dagger","floor":18},{"not_picked":["Masterful Stab","Predator"],"picked":"Dash+1","floor":19},{"not_picked":["PiercingWail+1","Blade Dance"],"picked":"Terror+1","floor":21},{"not_picked":["Slice+1","Quick Slash+1"],"picked":"Blade Dance+1","floor":27},{"not_picked":["Quick Slash","Grand Finale","Flying Knee"],"picked":"SKIP","floor":29},{"not_picked":["Footwork","Setup"],"picked":"Well Laid Plans","floor":30},{"not_picked":["Heel Hook+1","PiercingWail","Dagger Throw"],"picked":"SKIP","floor":31},{"not_picked":["Corpse Explosion","Malaise"],"picked":"Glass Knife","floor":33},{"not_picked":["Cloak And Dagger","Blade Dance+1"],"picked":"Deflect","floor":35},{"not_picked":["Deflect+1","Calculated Gamble+1"],"picked":"Deadly Poison+1","floor":36},{"not_picked":["Concentrate+1","Cloak And Dagger+1"],"picked":"Poisoned Stab+1","floor":38},{"not_picked":["Dagger Throw+1","Poisoned Stab+1","Slice+1"],"picked":"SKIP","floor":40},{"not_picked":["Predator","Bouncing Flask+1","Caltrops+1"],"picked":"SKIP","floor":41},{"not_picked":["Outmaneuver+1","Leg Sweep","Infinite Blades+1"],"picked":"SKIP","floor":44},{"not_picked":["Deadly Poison","Distraction+1","Envenom+1"],"picked":"SKIP","floor":46},{"not_picked":["Deflect","Deadly Poison"],"picked":"Crippling Poison+1","floor":48}],"player_experience":371458,"relics_obtained":[{"floor":7.0,"key":"Girya"},{"floor":8.0,"key":"Incense Burner"},{"floor":9.0,"key":"Smiling Mask"},{"floor":10.0,"key":"Lantern"},{"floor":22,"key":"The Specimen"},{"floor":22,"key":"Kunai"},{"floor":26,"key":"Bronze Scales"},{"floor":30,"key":"Frozen Egg 2"},{"floor":37,"key":"StoneCalendar"},{"floor":40,"key":"Strawberry"},{"floor":43,"key":"Centennial Puzzle"},{"floor":46,"key":"Boot"}],"event_choices":[{"damage_healed":0.0,"max_hp_gain":0.0,"max_hp_loss":0.0,"gold_gain":0.0,"event_name":"Accursed Blacksmith","player_choice":"Rummage","floor":2.0,"gold_loss":0.0,"damage_taken":0.0,"relics_obtained":["WarpedTongs"],"cards_obtained":["Pain"]},{"cards_removed":["Strike_G"],"damage_healed":0.0,"max_hp_gain":0.0,"max_hp_loss":0.0,"gold_gain":0.0,"event_name":"The Cleric","player_choice":"Card Removal","floor":6.0,"gold_loss":50.0,"damage_taken":0.0},{"damage_healed":0.0,"max_hp_gain":0.0,"max_hp_loss":0.0,"gold_gain":0.0,"event_name":"Wheel of Change","player_choice":"Damaged","floor":11.0,"gold_loss":0.0,"damage_taken":7.0},{"damage_healed":0,"gold_gain":0,"player_choice":"Simplicity","damage_taken":0,"max_hp_gain":0,"max_hp_loss":0,"event_name":"Back to Basics","floor":20,"gold_loss":0,"cards_upgraded":["Defend_G","Defend_G","Defend_G","Defend_G","Defend_G","Strike_G","Strike_G","Strike_G","Strike_G"]},{"damage_healed":0,"gold_gain":0,"player_choice":"Fight","damage_taken":0,"max_hp_gain":0,"max_hp_loss":0,"event_name":"Colosseum","floor":22,"gold_loss":0},{"damage_healed":0,"gold_gain":0,"player_choice":"Fought Nobs","damage_taken":0,"max_hp_gain":0,"max_hp_loss":0,"event_name":"Colosseum","floor":22,"gold_loss":0},{"damage_healed":0,"gold_gain":0,"player_choice":"Fight","damage_taken":0,"max_hp_gain":0,"max_hp_loss":0,"event_name":"MindBloom","floor":37,"gold_loss":0},{"cards_removed":["Strike_G"],"damage_healed":0,"gold_gain":0,"player_choice":"Removed Attack","damage_taken":0,"max_hp_gain":0,"max_hp_loss":0,"event_name":"Falling","floor":45,"gold_loss":0}],"is_beta":false,"boss_relics":[{"not_picked":["Velvet Choker","White Beast Statue"],"picked":"Ring of the Serpent"},{"not_picked":["HoveringKite","Pandora\u0027s Box"],"picked":"Fusion Hammer"}],"items_purged_floors":[3,39,47],"is_endless":false,"potions_floor_spawned":[4,5,10,16,21,22,22,30,35,37,40,41,44],"ascension_level":7}