{"gold_per_floor":[116,129,129,139,153,185,196,196,222,252,265,16,48,48,48,148,148,160,160,160,85,85],"floor_reached":22,"playtime":1557,"items_purged":["Shame"],"score":224,"play_id":"bb5f703f-a391-4b70-a9ee-7226313fb025","local_time":"20190131211547","is_ascension_mode":true,"campfire_choices":[{"data":"Rampage","floor":8,"key":"SMITH"},{"floor":15,"key":"REST"}],"neow_cost":"NONE","seed_source_timestamp":1820490427778060,"circlet_count":0,"master_deck":["Strike_R","Strike_R","Strike_R","Strike_R","Strike_R","Defend_R","Defend_R","Defend_R","Defend_R","Bash","Inflame+1","Pommel Strike+1","Rampage+1","Metallicize"],"relics":["Burning Blood","Gremlin Horn","Dream Catcher","Blood Vial","Bottled Flame","Omamori","Calling Bell","Dodecahedron","Juzu Bracelet","Gambling Chip"],"potions_floor_usage":[13,16,16],"damage_taken":[{"damage":0,"enemies":"Small Slimes","floor":1,"turns":3},{"damage":6,"enemies":"Cultist","floor":2,"turns":3},{"damage":7,"enemies":"Jaw Worm","floor":4,"turns":3},{"damage":14,"enemies":"Exordium Wildlife","floor":5,"turns":5},{"damage":15,"enemies":"Gremlin Nob","floor":6,"turns":4},{"damage":11,"enemies":"Blue Slaver","floor":7,"turns":3},{"damage":21,"enemies":"3 Sentries","floor":10,"turns":6},{"damage":11,"enemies":"2 Fungi Beasts","floor":11,"turns":3},{"damage":14,"enemies":"Gremlin Nob","floor":13,"turns":3},{"damage":49,"enemies":"Hexaghost","floor":16,"turns":8},{"damage":22,"enemies":"3 Byrds","floor":18,"turns":5},{"damage":66,"enemies":"Colosseum Slavers","floor":19,"turns":6},{"damage":22,"enemies":"Chosen","floor":22,"turns":5}],"seed_played":"-692407717534279387","potions_obtained":[{"floor":1,"key":"EntropicBrew"},{"floor":4,"key":"Dexterity Potion"},{"floor":6,"key":"Swift Potion"},{"floor":10,"key":"Strength Potion"},{"floor":11,"key":"AttackPotion"}],"is_trial":false,"path_per_floor":["M","M","?","M","M","E","M","R","T","E","M","$","E","?","R","B",null,"M","?","?","$","M"],"character_chosen":"IRONCLAD","items_purchased":["Bottled Flame"],"campfire_rested":1,"item_purchase_floors":[12],"current_hp_per_floor":[88,88,88,87,79,70,65,65,65,50,47,47,41,41,67,26,88,72,14,14,14,0],"gold":85,"neow_bonus":"TEN_PERCENT_HP_BONUS","is_prod":false,"is_daily":false,"chose_seed":false,"campfire_upgraded":1,"win_rate":0,"timestamp":1548929747,"path_taken":["M","M","?","M","M","E","M","R","T","E","?","$","E","?","R","BOSS","M","?","?","$","M"],"build_version":"2019-01-23","purchased_purges":1,"victory":false,"max_hp_per_floor":[88,88,88,88,88,88,88,88,88,88,88,88,88,88,88,88,88,88,88,88,88,88],"card_choices":[{"not_picked":["Headbutt","Twin Strike"],"picked":"Inflame","floor":1},{"not_picked":["Havoc","Evolve","Cleave"],"picked":"SKIP","floor":2},{"not_picked":["Fire Breathing","Havoc"],"picked":"Pommel Strike","floor":4},{"not_picked":["Heavy Blade","Metallicize","Whirlwind"],"picked":"SKIP","floor":5},{"not_picked":["Ghostly Armor","Armaments"],"picked":"Rampage","floor":6},{"not_picked":["Cleave","Perfected Strike","Bloodletting"],"picked":"SKIP","floor":7},{"not_picked":["Evolve","Shrug It Off","Disarm"],"picked":"SKIP","floor":10},{"not_picked":["Intimidate","Flame Barrier","Perfected Strike"],"picked":"SKIP","floor":11},{"not_picked":["Armaments","Headbutt","Ghostly Armor"],"picked":"SKIP","floor":13},{"not_picked":["Wild Strike+1","Evolve"],"picked":"Metallicize","floor":18}],"player_experience":121101,"relics_obtained":[{"floor":6,"key":"Gremlin Horn"},{"floor":9,"key":"Dream Catcher"},{"floor":10,"key":"Blood Vial"},{"floor":13,"key":"Omamori"},{"floor":17,"key":"Dodecahedron"},{"floor":17,"key":"Juzu Bracelet"},{"floor":17,"key":"Gambling Chip"}],"event_choices":[{"damage_healed":0,"gold_gain":0,"player_choice":"Upgraded","damage_taken":0,"max_hp_gain":0,"max_hp_loss":0,"event_name":"Upgrade Shrine","floor":3,"gold_loss":0,"cards_upgraded":["Inflame"]},{"damage_healed":0,"gold_gain":0,"player_choice":"Grow","damage_taken":0,"max_hp_gain":0,"max_hp_loss":0,"event_name":"Living Wall","floor":14,"gold_loss":0,"cards_upgraded":["Pommel Strike"]},{"damage_healed":0,"gold_gain":0,"player_choice":"Fight","damage_taken":0,"max_hp_gain":0,"max_hp_loss":0,"event_name":"Colosseum","floor":19,"gold_loss":0},{"damage_healed":0,"gold_gain":0,"player_choice":"Fled From Nobs","damage_taken":0,"max_hp_gain":0,"max_hp_loss":0,"event_name":"Colosseum","floor":19,"gold_loss":0},{"damage_healed":0,"gold_gain":0,"player_choice":"Ignored","damage_taken":0,"max_hp_gain":0,"max_hp_loss":0,"event_name":"Ghosts","floor":20,"gold_loss":0}],"is_beta":false,"boss_relics":[{"not_picked":["Tiny House","White Beast Statue"],"picked":"Calling Bell"}],"items_purged_floors":[21],"is_endless":false,"potions_floor_spawned":[1,4,6,10,11],"killed_by":"Chosen","ascension_level":2}