{"gold_per_floor":[141,168,47,47,20,20,39,39,39,65,91,110,110,126,126,224,224,243,270,210],"floor_reached":20,"playtime":1099,"items_purged":["Regret"],"score":187,"play_id":"e6834b2b-d114-4fe6-a210-2ca899e507a9","local_time":"20190506165714","is_ascension_mode":true,"campfire_choices":[{"floor":6,"key":"REST"},{"floor":8,"key":"DIG"},{"floor":13,"key":"REST"},{"floor":15,"key":"REST"}],"neow_cost":"NONE","seed_source_timestamp":1186117263370885,"circlet_count":0,"master_deck":["Strike_B","Strike_B","Strike_B","Strike_B","Defend_B","Defend_B","Defend_B","Defend_B","Zap","Dualcast","Regret","Clumsy","Blizzard","Ball Lightning","FTL","Finesse","Ball Lightning","Conserve Battery","Amplify","Cold Snap","Machine Learning","Defragment","Melter","Lockon+1"],"relics":["Calling Bell","Tiny Chest","Question Card","Shovel","Bronze Scales","Letter Opener","Bottled Flame","Pear","Odd Mushroom","Orrery","Red Mask"],"potions_floor_usage":[10,16,19],"damage_taken":[{"damage":23,"enemies":"Cultist","floor":1,"turns":5},{"damage":10,"enemies":"Small Slimes","floor":7,"turns":2},{"damage":44,"enemies":"Gremlin Nob","floor":10,"turns":5},{"damage":22,"enemies":"The Mushroom Lair","floor":11,"turns":4},{"damage":0,"enemies":"2 Louse","floor":12,"turns":2},{"damage":2,"enemies":"Large Slime","floor":14,"turns":4},{"damage":54,"enemies":"Slime Boss","floor":16,"turns":10},{"damage":12,"enemies":"3 Byrds","floor":18,"turns":3},{"damage":48,"enemies":"Masked Bandits","floor":19,"turns":4},{"damage":28,"enemies":"2 Thieves","floor":20,"turns":2}],"seed_played":"-4104125906992911542","potions_obtained":[{"floor":7,"key":"AttackPotion"},{"floor":11,"key":"Block Potion"},{"floor":16,"key":"SkillPotion"},{"floor":19,"key":"Energy Potion"}],"is_trial":false,"path_per_floor":["M","T","$","?","$","R","M","R","T","E","?","M","R","M","R","B",null,"M","?","M"],"character_chosen":"DEFECT","items_purchased":["Ball Lightning","Ball Lightning"],"campfire_rested":3,"item_purchase_floors":[3,5],"current_hp_per_floor":[52,52,52,52,52,74,64,64,64,30,8,8,33,31,56,2,85,73,25,0],"gold":210,"neow_bonus":"BOSS_RELIC","is_prod":false,"is_daily":false,"chose_seed":false,"campfire_upgraded":0,"win_rate":0,"timestamp":1557125834,"path_taken":["M","?","$","?","$","R","?","R","T","E","?","M","R","M","R","BOSS","M","?","M"],"build_version":"2019-01-23","purchased_purges":1,"victory":false,"max_hp_per_floor":[75,75,75,75,75,75,75,75,75,85,85,85,85,85,85,85,85,85,85,85],"card_choices":[{"not_picked":["Stack","Redo","Hologram"],"picked":"Blizzard","floor":1},{"not_picked":["Self Repair","Turbo","Steam"],"picked":"Conserve Battery","floor":7},{"not_picked":["Hologram","Genetic Algorithm","Turbo","Stack"],"picked":"SKIP","floor":10},{"not_picked":["Heatsinks","Skim","Doom and Gloom"],"picked":"Amplify","floor":12},{"not_picked":["BootSequence","Doom and Gloom","Consume"],"picked":"Cold Snap","floor":14},{"not_picked":["Hyperbeam","Meteor Strike","Biased Cognition"],"picked":"Machine Learning","floor":16},{"not_picked":["Auto Shields","Genetic Algorithm","Leap"],"picked":"Defragment","floor":17},{"not_picked":["Fusion","Storm","Stack"],"picked":"Melter","floor":17},{"not_picked":["Rebound","Go for the Eyes","Beam Cell","Coolheaded"],"picked":"SKIP","floor":18},{"not_picked":["Hologram","Sunder","Skim"],"picked":"Lockon+1","floor":19}],"player_experience":373623,"relics_obtained":[{"floor":0,"key":"Tiny Chest"},{"floor":0,"key":"Question Card"},{"floor":0,"key":"Shovel"},{"floor":2,"key":"Bronze Scales"},{"floor":8,"key":"Letter Opener"},{"floor":9,"key":"Bottled Flame"},{"floor":10,"key":"Pear"},{"floor":11,"key":"Odd Mushroom"},{"floor":19,"key":"Red Mask"}],"event_choices":[{"damage_healed":0,"gold_gain":0,"player_choice":"2 cards matched","damage_taken":0,"max_hp_gain":0,"max_hp_loss":0,"event_name":"Match and Keep!","floor":4,"gold_loss":0,"cards_obtained":["FTL","Finesse"]},{"damage_healed":0,"gold_gain":0,"player_choice":"Fought Mushrooms","damage_taken":0,"max_hp_gain":0,"max_hp_loss":0,"event_name":"Mushrooms","floor":11,"gold_loss":0},{"damage_healed":0,"gold_gain":0,"player_choice":"Fought Bandits","damage_taken":0,"max_hp_gain":0,"max_hp_loss":0,"event_name":"Masked Bandits","floor":19,"gold_loss":0}],"is_beta":false,"boss_relics":[{"not_picked":["Snecko Eye","Runic Pyramid"],"picked":"Orrery"}],"items_purged_floors":[3],"is_endless":false,"potions_floor_spawned":[7,11,16,19],"killed_by":"2 Thieves","ascension_level":2}