{"gold_per_floor":[118,129,129,143,218,218,228,228,228,62,76,111,111,131,131,231,231,248,248,248,107,120,120,120],"floor_reached":24,"playtime":1067,"items_purged":[],"score":235,"play_id":"9082c72d-34e7-42cc-bdb0-c5673c182a7c","local_time":"20190610104903","is_ascension_mode":true,"campfire_choices":[{"data":"Demon Form","floor":6,"key":"SMITH"},{"data":"Bash","floor":8,"key":"SMITH"},{"floor":15,"key":"REST"},{"floor":23,"key":"REST"}],"neow_cost":"NONE","seed_source_timestamp":1954958685080845,"circlet_count":0,"master_deck":["Strike_R","Strike_R","Strike_R","Strike_R","Strike_R","Defend_R","Defend_R","Defend_R","Defend_R","Bash+1","Armaments","Armaments","Demon Form+1","Pommel Strike","Mayhem","True Grit","Twin Strike","Immolate","Exhume","Warcry","Disarm","Pummel","Battle Trance+1"],"relics":["Burning Blood","NeowsBlessing","Ice Cream","Omamori","Cursed Key"],"potions_floor_usage":[3,12,12,12,12,16,16],"damage_taken":[{"damage":0,"enemies":"Small Slimes","floor":1,"turns":1},{"damage":0,"enemies":"Cultist","floor":2,"turns":1},{"damage":0,"enemies":"Jaw Worm","floor":4,"turns":1},{"damage":12,"enemies":"3 Louse","floor":7,"turns":5},{"damage":33,"enemies":"Exordium Thugs","floor":11,"turns":5},{"damage":22,"enemies":"Gremlin Nob","floor":12,"turns":4},{"damage":7,"enemies":"Blue Slaver","floor":14,"turns":4},{"damage":48,"enemies":"The Guardian","floor":16,"turns":9},{"damage":29,"enemies":"Shell Parasite","floor":18,"turns":5},{"damage":26,"enemies":"Colosseum Slavers","floor":20,"turns":4},{"damage":22,"enemies":"Chosen","floor":22,"turns":7},{"damage":54,"enemies":"Centurion and Healer","floor":24,"turns":7}],"seed_played":"4426796407719244440","potions_obtained":[{"floor":2,"key":"Fruit Juice"},{"floor":3,"key":"Energy Potion"},{"floor":3,"key":"EntropicBrew"},{"floor":3,"key":"Ancient Potion"},{"floor":12,"key":"Swift Potion"},{"floor":18,"key":"Block Potion"},{"floor":22,"key":"PowerPotion"}],"is_trial":false,"path_per_floor":["M","M","?","M","?","R","M","R","T","$","M","E","?","M","R","B",null,"M","$","?","$","M","R","M"],"character_chosen":"IRONCLAD","items_purchased":["Mayhem","Disarm","Pummel"],"campfire_rested":2,"item_purchase_floors":[10,21,21],"current_hp_per_floor":[80,80,85,85,74,74,68,68,68,68,41,25,25,24,49,7,85,62,62,42,42,26,51,0],"gold":120,"neow_bonus":"THREE_ENEMY_KILL","is_prod":false,"is_daily":false,"chose_seed":false,"campfire_upgraded":2,"win_rate":0,"timestamp":1560127743,"path_taken":["M","M","?","?","?","R","M","R","T","$","M","E","?","M","R","BOSS","M","$","?","$","M","R","M"],"build_version":"2019-01-23","purchased_purges":0,"victory":false,"max_hp_per_floor":[80,80,85,85,85,85,85,85,85,85,85,85,85,85,85,85,85,85,85,85,85,85,85,85],"card_choices":[{"not_picked":["Body Slam","Flex"],"picked":"Armaments","floor":1},{"not_picked":["Perfected Strike","Body Slam"],"picked":"Armaments","floor":2},{"not_picked":["Sentinel","Flex"],"picked":"Demon Form","floor":4},{"not_picked":["Headbutt","Twin Strike"],"picked":"Pommel Strike","floor":7},{"not_picked":["Anger","Ghostly Armor"],"picked":"True Grit","floor":11},{"not_picked":["Searing Blow","Sever Soul"],"picked":"Twin Strike","floor":12},{"not_picked":["Shockwave","Warcry"],"picked":"Immolate","floor":14},{"not_picked":["Impervious","Berserk"],"picked":"Exhume","floor":16},{"not_picked":["Wild Strike","Dual Wield"],"picked":"Warcry","floor":18},{"not_picked":["Searing Blow","True Grit"],"picked":"Battle Trance+1","floor":22}],"player_experience":444835,"relics_obtained":[{"floor":12,"key":"Ice Cream"},{"floor":13,"key":"Omamori"}],"event_choices":[{"damage_healed":0,"gold_gain":0,"player_choice":"Got Potions","damage_taken":0,"max_hp_gain":0,"max_hp_loss":0,"event_name":"Lab","floor":3,"gold_loss":0},{"damage_healed":0,"gold_gain":75,"player_choice":"Gather Gold","damage_taken":11,"max_hp_gain":0,"max_hp_loss":0,"event_name":"World of Goop","floor":5,"gold_loss":0},{"damage_healed":0,"gold_gain":0,"player_choice":"Relic","damage_taken":0,"max_hp_gain":0,"max_hp_loss":0,"event_name":"Wheel of Change","floor":13,"gold_loss":0},{"damage_healed":0,"gold_gain":0,"player_choice":"Fight","damage_taken":0,"max_hp_gain":0,"max_hp_loss":0,"event_name":"Colosseum","floor":20,"gold_loss":0},{"damage_healed":0,"gold_gain":0,"player_choice":"Fled From Nobs","damage_taken":0,"max_hp_gain":0,"max_hp_loss":0,"event_name":"Colosseum","floor":20,"gold_loss":0}],"is_beta":false,"boss_relics":[{"not_picked":["Runic Pyramid","Eternal Feather"],"picked":"Cursed Key"}],"items_purged_floors":[],"is_endless":false,"potions_floor_spawned":[2,11,12,18,22],"killed_by":"Centurion and Healer","ascension_level":4}