{"gold_per_floor":[111,111,127,147,147,188,188,224,224,240,240,255,255,23,23,142,142,165,165,178,178,178,178],"floor_reached":23,"playtime":1615,"items_purged":["Injury"],"score":239,"play_id":"2b9a7657-b8f2-4b96-8797-41e7ca2b5e73","local_time":"20190609140934","is_ascension_mode":true,"campfire_choices":[{"floor":7,"key":"REST"},{"floor":15,"key":"REST"}],"neow_cost":"NONE","seed_source_timestamp":0,"circlet_count":0,"master_deck":["Strike_R","Strike_R","Strike_R","Strike_R","Strike_R","Defend_R","Defend_R","Defend_R","Defend_R","Bash","Madness","Disarm","True Grit","Headbutt","Sword Boomerang","Pommel Strike","Dual Wield","Pommel Strike","Reaper","True Grit","Warcry","Warcry","True Grit","Blood for Blood","Seeing Red","Pummel"],"special_seed":0,"relics":["Burning Blood","Bloody Idol","Strawberry","Girya","Paper Frog","Dead Branch","Membership Card","Orrery"],"potions_floor_usage":[6],"damage_taken":[{"damage":19,"enemies":"Jaw Worm","floor":1,"turns":6},{"damage":7,"enemies":"2 Louse","floor":3,"turns":2},{"damage":10,"enemies":"Small Slimes","floor":4,"turns":3},{"damage":31,"enemies":"Lagavulin","floor":6,"turns":6},{"damage":40,"enemies":"Gremlin Nob","floor":8,"turns":5},{"damage":10,"enemies":"Looter","floor":10,"turns":4},{"damage":11,"enemies":"3 Louse","floor":12,"turns":4},{"damage":42,"enemies":"Hexaghost","floor":16,"turns":12},{"damage":53,"enemies":"Spheric Guardian","floor":18,"turns":6},{"damage":56,"enemies":"3 Byrds","floor":20,"turns":6},{"damage":47,"enemies":"Slavers","floor":23,"turns":2}],"seed_played":"94177573269788476","potions_obtained":[{"floor":4,"key":"Strength Potion"},{"floor":16,"key":"Ancient Potion"}],"is_trial":false,"path_per_floor":["M","?","M","M","?","E","R","E","T","M","?","M","T","$","R","B",null,"M","?","M","?","?","E"],"character_chosen":"IRONCLAD","items_purchased":["Membership Card"],"campfire_rested":2,"item_purchase_floors":[14],"current_hp_per_floor":[67,67,66,62,62,44,70,36,36,32,32,27,27,27,53,17,87,40,69,34,34,34,0],"gold":178,"neow_bonus":"RANDOM_COLORLESS","is_prod":false,"is_daily":false,"chose_seed":false,"campfire_upgraded":0,"win_rate":0,"timestamp":1560053374,"path_taken":["M","?","M","M","?","E","R","E","T","M","?","M","?","$","R","BOSS","M","?","M","?","?","E"],"build_version":"2019-01-23","purchased_purges":1,"victory":false,"max_hp_per_floor":[80,80,80,80,80,87,87,87,87,87,87,87,87,87,87,87,87,87,87,87,87,87,87],"card_choices":[{"not_picked":["Cleave","Rampage"],"picked":"Disarm","floor":1},{"not_picked":["Havoc","Battle Trance"],"picked":"True Grit","floor":3},{"not_picked":["Flex","Wild Strike"],"picked":"Headbutt","floor":4},{"not_picked":["Intimidate","Bloodletting"],"picked":"Sword Boomerang","floor":6},{"not_picked":["Whirlwind","Twin Strike"],"picked":"Pommel Strike","floor":8},{"not_picked":["Inflame","Flex"],"picked":"Dual Wield","floor":10},{"not_picked":["Headbutt","Thunderclap"],"picked":"Pommel Strike","floor":12},{"not_picked":["Juggernaut","Berserk"],"picked":"Reaper","floor":16},{"not_picked":["Heavy Blade","Clothesline"],"picked":"True Grit","floor":17},{"not_picked":["Seeing Red","Headbutt"],"picked":"Warcry","floor":17},{"not_picked":["Metallicize","Heavy Blade"],"picked":"Warcry","floor":17},{"not_picked":["Barricade","Clothesline"],"picked":"True Grit","floor":17},{"not_picked":["Body Slam","Ghostly Armor"],"picked":"Blood for Blood","floor":17},{"not_picked":["Shrug It Off","Clothesline"],"picked":"Seeing Red","floor":18},{"not_picked":["Rupture","Second Wind"],"picked":"Pummel","floor":20}],"player_experience":434479,"relics_obtained":[{"floor":6,"key":"Strawberry"},{"floor":8,"key":"Girya"},{"floor":9,"key":"Paper Frog"},{"floor":13,"key":"Dead Branch"}],"event_choices":[{"damage_healed":0,"gold_gain":0,"player_choice":"Ignored","damage_taken":0,"max_hp_gain":0,"max_hp_loss":0,"event_name":"Shining Light","floor":2,"gold_loss":0},{"damage_healed":0,"gold_gain":0,"player_choice":"Take Wound","damage_taken":0,"relics_obtained":["Golden Idol"],"max_hp_gain":0,"max_hp_loss":0,"event_name":"Golden Idol","floor":5,"gold_loss":0,"cards_obtained":["Injury"]},{"damage_healed":0,"gold_gain":0,"player_choice":"Ignored","damage_taken":0,"max_hp_gain":0,"max_hp_loss":0,"event_name":"Liars Game","floor":11,"gold_loss":0},{"damage_healed":29,"gold_gain":0,"player_choice":"Heal","damage_taken":0,"max_hp_gain":0,"max_hp_loss":0,"event_name":"The Library","floor":19,"gold_loss":0},{"damage_healed":0,"gold_gain":0,"player_choice":"Gave Idol","damage_taken":0,"relics_obtained":["Bloody Idol"],"max_hp_gain":0,"max_hp_loss":0,"event_name":"Forgotten Altar","floor":21,"relics_lost":["Golden Idol"],"gold_loss":0},{"damage_healed":0,"gold_gain":0,"player_choice":"Ignored","damage_taken":0,"max_hp_gain":0,"max_hp_loss":0,"event_name":"Beggar","floor":22,"gold_loss":0}],"is_beta":false,"boss_relics":[{"not_picked":["Runic Cube","Snecko Eye"],"picked":"Orrery"}],"items_purged_floors":[14],"is_endless":false,"potions_floor_spawned":[4,16],"killed_by":"Slavers","ascension_level":4}