{"gold_per_floor":[112,112,112,128,128,163,163,173,173,183,196,196],"floor_reached":12,"playtime":629,"items_purged":[],"score":80,"play_id":"5c5bb1fc-146f-4c9f-b567-8ef6a0e99ac4","local_time":"20190112170339","is_ascension_mode":false,"campfire_choices":[],"neow_cost":"NONE","seed_source_timestamp":164674120348931,"circlet_count":0,"master_deck":["Strike_B","Strike_B","Strike_B","Strike_B","Defend_B","Defend_B","Defend_B","Defend_B","Zap","Dualcast","Gash","Coolheaded","Ball Lightning","Sweeping Beam","White Noise","Sweeping Beam"],"relics":["Calling Bell","Dream Catcher","Ornamental Fan","Thread and Needle","Bottled Lightning","Gremlin Horn"],"potions_floor_usage":[6,6,11],"damage_taken":[{"damage":0,"enemies":"2 Louse","floor":1,"turns":3},{"damage":4,"enemies":"Small Slimes","floor":4,"turns":4},{"damage":23,"enemies":"Gremlin Nob","floor":6,"turns":5},{"damage":0,"enemies":"Cultist","floor":8,"turns":3},{"damage":15,"enemies":"3 Louse","floor":10,"turns":2},{"damage":14,"enemies":"Large Slime","floor":11,"turns":6},{"damage":15,"enemies":"Lagavulin","floor":12,"turns":3}],"seed_played":"-7422878383864874034","potions_obtained":[{"floor":1,"key":"Fire Potion"},{"floor":4,"key":"FocusPotion"},{"floor":6,"key":"AttackPotion"}],"is_trial":false,"path_per_floor":["M","?","?","M","?","E","?","M","T","M","M","E"],"character_chosen":"DEFECT","items_purchased":[],"campfire_rested":0,"item_purchase_floors":[],"current_hp_per_floor":[75,75,68,64,64,41,41,41,41,26,12,0],"gold":196,"neow_bonus":"BOSS_RELIC","is_prod":false,"is_daily":false,"chose_seed":false,"campfire_upgraded":0,"win_rate":0.0,"timestamp":1547273019,"path_taken":["M","?","?","M","?","E","?","M","T","M","M","E"],"build_version":"2019-01-10","purchased_purges":0,"victory":false,"max_hp_per_floor":[75,75,75,75,75,75,75,75,75,75,75,75],"card_choices":[{"not_picked":["Steam Power","Auto Shields"],"picked":"Gash","floor":1},{"not_picked":["Hologram","Compile Driver"],"picked":"Coolheaded","floor":4},{"not_picked":["Barrage","Undo"],"picked":"Ball Lightning","floor":6},{"not_picked":["Beam Cell","Chaos"],"picked":"Sweeping Beam","floor":8},{"not_picked":["Leap","Compile Driver"],"picked":"White Noise","floor":10},{"not_picked":["Thunder Strike","Steam"],"picked":"Sweeping Beam","floor":11}],"player_experience":17306,"relics_obtained":[{"floor":0,"key":"Dream Catcher"},{"floor":0,"key":"Ornamental Fan"},{"floor":0,"key":"Thread and Needle"},{"floor":6,"key":"Bottled Lightning"},{"floor":9,"key":"Gremlin Horn"}],"event_choices":[{"damage_healed":0,"gold_gain":0,"player_choice":"Ignored","damage_taken":0,"max_hp_gain":0,"max_hp_loss":0,"event_name":"Liars Game","floor":2,"gold_loss":0},{"cards_removed":["Regret"],"damage_healed":0,"gold_gain":0,"player_choice":"Card Removal","damage_taken":7,"max_hp_gain":0,"max_hp_loss":0,"event_name":"Golden Wing","floor":3,"gold_loss":0},{"cards_removed":["Writhe"],"damage_healed":0,"gold_gain":0,"player_choice":"Forget","damage_taken":0,"max_hp_gain":0,"max_hp_loss":0,"event_name":"Living Wall","floor":5,"gold_loss":0},{"cards_removed":["Normality"],"damage_healed":0,"gold_gain":0,"player_choice":"Purged","damage_taken":0,"max_hp_gain":0,"max_hp_loss":0,"event_name":"Purifier","floor":7,"gold_loss":0}],"is_beta":false,"boss_relics":[],"items_purged_floors":[],"is_endless":false,"potions_floor_spawned":[1,4,6],"killed_by":"Lagavulin","ascension_level":0}