{"gold_per_floor":[114,127,58,74,94,94,129,304,604,604,604,215,215,246,246,345,345,362,362,362,374,473,502,502,514,514,526,526],"floor_reached":28,"playtime":1854,"items_purged":[],"score":283,"play_id":"0f770348-b400-48fa-a898-df6ae0ecdd1d","local_time":"20190605190723","is_ascension_mode":true,"campfire_choices":[{"data":"Spot Weakness","floor":6,"key":"SMITH"},{"data":"Bash","floor":10,"key":"SMITH"},{"data":"Mayhem","floor":13,"key":"SMITH"},{"data":"Burning Pact","floor":15,"key":"SMITH"},{"floor":24,"key":"REST"}],"neow_cost":"NONE","seed_source_timestamp":1552063648924131,"circlet_count":0,"master_deck":["Strike_R","Strike_R","Strike_R","Strike_R","Strike_R","Defend_R","Defend_R","Defend_R","Defend_R","Bash+1","Infernal Blade","Twin Strike","Spot Weakness+1","Burning Pact+1","Mayhem+1","Shrug It Off","Limit Break","Pommel Strike","Cleave","Pummel","True Grit","Bludgeon","Iron Wave","Flame Barrier"],"relics":["Burning Blood","NeowsBlessing","Thread and Needle","Old Coin","Happy Flower","Torii","Orrery","Enchiridion","MutagenicStrength","Bottled Lightning"],"potions_floor_usage":[14,28,28],"damage_taken":[{"damage":0,"enemies":"Jaw Worm","floor":1,"turns":1},{"damage":0,"enemies":"Cultist","floor":2,"turns":1},{"damage":0,"enemies":"Small Slimes","floor":4,"turns":1},{"damage":11,"enemies":"Looter","floor":5,"turns":2},{"damage":20,"enemies":"3 Sentries","floor":7,"turns":5},{"damage":11,"enemies":"Lagavulin","floor":14,"turns":3},{"damage":25,"enemies":"Slime Boss","floor":16,"turns":9},{"damage":10,"enemies":"3 Byrds","floor":18,"turns":6},{"damage":0,"enemies":"Chosen","floor":21,"turns":3},{"damage":44,"enemies":"Slavers","floor":23,"turns":5},{"damage":31,"enemies":"Shelled Parasite and Fungi","floor":25,"turns":4},{"damage":17,"enemies":"Snake Plant","floor":27,"turns":3},{"damage":17,"enemies":"Book of Stabbing","floor":28,"turns":2}],"seed_played":"3570312273622436552","potions_obtained":[{"floor":1,"key":"Regen Potion"},{"floor":16,"key":"FearPotion"},{"floor":18,"key":"GamblersBrew"},{"floor":21,"key":"Swift Potion"}],"is_trial":false,"path_per_floor":["M","M","$","M","M","R","E","?","T","R","?","$","R","E","R","B",null,"M","?","?","M","?","E","R","M","T","M","E"],"character_chosen":"IRONCLAD","items_purchased":["Spot Weakness","Mayhem","Happy Flower","Shrug It Off"],"campfire_rested":1,"item_purchase_floors":[3,12,12,12],"current_hp_per_floor":[80,80,80,80,75,75,61,61,61,61,61,61,61,61,61,42,80,76,60,60,66,66,28,52,27,27,16,0],"gold":526,"neow_bonus":"THREE_ENEMY_KILL","is_prod":false,"is_daily":false,"chose_seed":false,"campfire_upgraded":4,"win_rate":0,"timestamp":1559725643,"path_taken":["M","M","$","M","M","R","E","?","T","R","?","$","R","E","R","BOSS","M","?","?","M","?","E","R","M","T","?","E"],"build_version":"2019-01-23","purchased_purges":0,"victory":false,"max_hp_per_floor":[80,80,80,80,80,80,80,80,80,80,80,80,80,80,80,80,80,80,80,80,80,80,80,80,80,80,80,80],"card_choices":[{"not_picked":["Pummel","Havoc"],"picked":"Infernal Blade","floor":1},{"not_picked":["Power Through","Warcry"],"picked":"Twin Strike","floor":2},{"not_picked":["Battle Trance","Clash","Body Slam"],"picked":"SKIP","floor":4},{"not_picked":["Flex","Ghostly Armor"],"picked":"Burning Pact","floor":5},{"not_picked":["Reckless Charge","Battle Trance","Twin Strike"],"picked":"SKIP","floor":7},{"not_picked":["Armaments","Sever Soul","Clothesline"],"picked":"SKIP","floor":14},{"not_picked":["Exhume","Impervious"],"picked":"Limit Break","floor":16},{"not_picked":["Power Through","Hemokinesis"],"picked":"Pommel Strike","floor":17},{"not_picked":["Rupture","Sword Boomerang"],"picked":"Cleave","floor":17},{"not_picked":["Twin Strike","Pommel Strike"],"picked":"Pummel","floor":17},{"not_picked":["Body Slam","Rupture+1","Uppercut"],"picked":"SKIP","floor":18},{"not_picked":["Clash","Dropkick+1"],"picked":"True Grit","floor":21},{"not_picked":["Sword Boomerang","Pommel Strike"],"picked":"Bludgeon","floor":23},{"not_picked":["Perfected Strike+1","Sword Boomerang"],"picked":"Iron Wave","floor":25},{"not_picked":["Sever Soul","Rupture"],"picked":"Flame Barrier","floor":27}],"player_experience":421664,"relics_obtained":[{"floor":7,"key":"Thread and Needle"},{"floor":9,"key":"Old Coin"},{"floor":14,"key":"Torii"},{"floor":19,"key":"Enchiridion"},{"floor":23,"key":"Bottled Lightning"}],"event_choices":[{"damage_healed":0,"gold_gain":175,"player_choice":"AGREE","damage_taken":0,"max_hp_gain":0,"max_hp_loss":0,"event_name":"Liars Game","floor":8,"gold_loss":0,"cards_obtained":["Doubt"]},{"cards_removed":["Doubt"],"damage_healed":0,"gold_gain":0,"player_choice":"Removed Curses","damage_taken":0,"max_hp_gain":0,"max_hp_loss":0,"event_name":"Fountain of Cleansing","floor":11,"gold_loss":0},{"damage_healed":0,"gold_gain":0,"player_choice":"Obtained Book","damage_taken":16,"max_hp_gain":0,"max_hp_loss":0,"event_name":"Cursed Tome","floor":19,"gold_loss":0},{"damage_healed":0,"gold_gain":0,"player_choice":"Inject Mutagens","damage_taken":0,"relics_obtained":["MutagenicStrength"],"max_hp_gain":0,"max_hp_loss":0,"event_name":"Drug Dealer","floor":20,"gold_loss":0},{"damage_healed":0,"gold_gain":99,"player_choice":"Stole From Cult","damage_taken":0,"max_hp_gain":0,"max_hp_loss":0,"event_name":"Nest","floor":22,"gold_loss":0}],"is_beta":false,"boss_relics":[{"not_picked":["Pandora\u0027s Box","Snecko Eye"],"picked":"Orrery"}],"items_purged_floors":[],"is_endless":false,"potions_floor_spawned":[1,16,18,21],"killed_by":"Book of Stabbing","ascension_level":3}