{"gold_per_floor":[118,128,142,317,267,267,277,305,329,329,2,2,12,23,23,128,128,146,161,161,179,179,207,207,218,218,218,237,237,237,28,28,132,132,150,164,124,97,115,115,149,149,149,184,199,232,232,232,232,232],"floor_reached":50,"playtime":3657,"items_purged":[],"score":605,"play_id":"7822feef-5e27-4c74-a974-02a4df42d451","local_time":"20190602155824","is_ascension_mode":true,"campfire_choices":[{"data":"Infinite Blades","floor":6.0,"key":"SMITH"},{"floor":10.0,"key":"REST"},{"floor":15,"key":"REST"},{"floor":24,"key":"REST"},{"data":"Noxious Fumes","floor":27,"key":"SMITH"},{"floor":32,"key":"REST"},{"floor":40,"key":"RECALL"},{"floor":42,"key":"REST"},{"floor":49,"key":"REST"}],"neow_cost":"NONE","seed_source_timestamp":0,"circlet_count":0,"master_deck":["Defend_G","Defend_G","Defend_G","Defend_G+1","Defend_G+1","Strike_G","Strike_G","Strike_G","Survivor","Neutralize","Panacea","Backflip","Infinite Blades+1","Dagger Throw","Dagger Spray","Backflip","Noxious Fumes+1","Blade Dance","Crippling Poison","After Image+1","Bane","Dodge and Roll+1","Bouncing Flask","Slice+1","Noxious Fumes+1","Adrenaline","Prepared+1","Terror+1","Blade Dance","Sucker Punch+1","Bane+1","Dagger Throw+1","Bane+1"],"special_seed":0,"relics":["Ring of the Serpent","Oddly Smooth Stone","Happy Flower","TwistedFunnel","Ancient Tea Set","Juzu Bracelet","Blood Vial","ClockworkSouvenir","Black Star","Smiling Mask","Tough Bandages","Pear","Bronze Scales","Tingsha","Centennial Puzzle","Calipers","FaceOfCleric"],"potions_floor_usage":[19,44],"damage_taken":[{"damage":7.0,"enemies":"Small Slimes","floor":1.0,"turns":4.0},{"damage":2.0,"enemies":"Cultist","floor":2.0,"turns":4.0},{"damage":1.0,"enemies":"Jaw Worm","floor":3.0,"turns":4.0},{"damage":14.0,"enemies":"Looter","floor":7.0,"turns":4.0},{"damage":22.0,"enemies":"3 Sentries","floor":8.0,"turns":7.0},{"damage":16.0,"enemies":"Exordium Thugs","floor":13.0,"turns":3.0},{"damage":16,"enemies":"Lots of Slimes","floor":14,"turns":3},{"damage":21,"enemies":"Hexaghost","floor":16,"turns":11},{"damage":14,"enemies":"Spheric Guardian","floor":18,"turns":6},{"damage":0,"enemies":"3 Byrds","floor":19,"turns":3},{"damage":15,"enemies":"Snake Plant","floor":21,"turns":5},{"damage":22,"enemies":"Gremlin Leader","floor":23,"turns":7},{"damage":8,"enemies":"Centurion and Healer","floor":25,"turns":6},{"damage":10,"enemies":"Shelled Parasite and Fungi","floor":28,"turns":6},{"damage":30,"enemies":"Collector","floor":33,"turns":8},{"damage":1,"enemies":"Orb Walker","floor":35,"turns":5},{"damage":0,"enemies":"3 Shapes","floor":36,"turns":5},{"damage":20,"enemies":"Maw","floor":39,"turns":8},{"damage":6,"enemies":"Reptomancer","floor":41,"turns":6},{"damage":15,"enemies":"Nemesis","floor":44,"turns":9},{"damage":8,"enemies":"Jaw Worm Horde","floor":45,"turns":4},{"damage":17,"enemies":"Giant Head","floor":46,"turns":7},{"damage":72,"enemies":"Time Eater","floor":50,"turns":10}],"seed_played":"2539409486292557859","potions_obtained":[{"floor":3.0,"key":"Ancient Potion"},{"floor":7.0,"key":"PowerPotion"},{"floor":8.0,"key":"SmokeBomb"},{"floor":18,"key":"LiquidBronze"},{"floor":28,"key":"SpeedPotion"},{"floor":33,"key":"Ancient Potion"},{"floor":46,"key":"LiquidBronze"}],"is_trial":false,"path_per_floor":["M","M","M","?","?","R","M","E","T","R","$","?","M","M","R","B",null,"M","M","?","M","?","E","R","M","T","R","M","?","T","$","R","B",null,"M","M","?","$","M","R","E","R","T","E","M","E","?","?","R","B"],"character_chosen":"THE_SILENT","items_purchased":["Noxious Fumes","TwistedFunnel","Blade Dance","ClockworkSouvenir","Blade Dance"],"campfire_rested":6,"item_purchase_floors":[11,11,11,31,38],"current_hp_per_floor":[63,61,60,60,60,60,46,24,24,45,45,45,29,13,34,13,70,56,56,56,41,41,19,40,32,32,32,22,22,22,22,43,15,70,69,70,70,70,50,50,46,67,77,64,58,43,43,43,67,0],"gold":232,"neow_bonus":"RANDOM_COLORLESS","is_prod":false,"is_daily":false,"chose_seed":false,"campfire_upgraded":2,"win_rate":0,"timestamp":1559455104,"path_taken":["M","M","M","?","?","R","M","E","T","R","$","?","M","M","R","BOSS","M","M","?","M","?","E","R","M","T","R","M","?","?","?","R","BOSS","M","M","?","?","M","R","E","R","T","E","M","E","?","?","R","BOSS"],"build_version":"2019-01-23","purchased_purges":0,"victory":false,"max_hp_per_floor":[70,70,70,70,70,70,70,70,70,70,70,70,70,70,70,70,70,70,70,70,70,70,70,70,70,70,70,70,70,70,70,70,70,70,70,70,70,70,70,70,70,70,80,80,80,80,80,80,80,80],"card_choices":[{"not_picked":["Prepared","Terror"],"picked":"Backflip","floor":1.0},{"not_picked":["Masterful Stab","Tactician"],"picked":"Infinite Blades","floor":2.0},{"not_picked":["Setup","Bane"],"picked":"Dagger Throw","floor":3.0},{"not_picked":["Underhanded Strike","Predator"],"picked":"Dagger Spray","floor":7.0},{"not_picked":["Dagger Spray","Bouncing Flask"],"picked":"Backflip","floor":8.0},{"not_picked":["Bane","Dagger Spray"],"picked":"Crippling Poison","floor":13},{"not_picked":["Calculated Gamble","Underhanded Strike","Outmaneuver"],"picked":"SKIP","floor":14},{"not_picked":["Venomology","Doppelganger"],"picked":"After Image","floor":16},{"not_picked":["Riddle With Holes+1","Deflect"],"picked":"Bane","floor":18},{"not_picked":["Outmaneuver","Deadly Poison","Malaise"],"picked":"SKIP","floor":19},{"not_picked":["Cloak And Dagger","Slice"],"picked":"Dodge and Roll+1","floor":21},{"not_picked":["Dagger Spray","Acrobatics"],"picked":"Bouncing Flask","floor":23},{"not_picked":["Poisoned Stab","Acrobatics"],"picked":"Slice+1","floor":25},{"not_picked":["Blade Dance+1","Caltrops+1"],"picked":"Noxious Fumes+1","floor":28},{"not_picked":["Grand Finale","Wraith Form v2"],"picked":"Adrenaline","floor":33},{"not_picked":["Outmaneuver+1","Terror"],"picked":"Prepared+1","floor":35},{"not_picked":["Dodge and Roll+1","Acrobatics+1"],"picked":"Terror+1","floor":36},{"not_picked":["Dodge and Roll+1","Prepared"],"picked":"Sucker Punch+1","floor":39},{"not_picked":["Setup","Choke","Skewer"],"picked":"SKIP","floor":41},{"not_picked":["Deflect","All Out Attack+1"],"picked":"Bane+1","floor":44},{"not_picked":["Burst","Well Laid Plans"],"picked":"Dagger Throw+1","floor":45},{"not_picked":["Corpse Explosion","Deflect"],"picked":"Bane+1","floor":46}],"player_experience":411929,"relics_obtained":[{"floor":8.0,"key":"Oddly Smooth Stone"},{"floor":9.0,"key":"Happy Flower"},{"floor":23,"key":"Juzu Bracelet"},{"floor":30,"key":"Blood Vial"},{"floor":41,"key":"Smiling Mask"},{"floor":41,"key":"Tough Bandages"},{"floor":43,"key":"Pear"},{"floor":44,"key":"Bronze Scales"},{"floor":44,"key":"Tingsha"},{"floor":46,"key":"Centennial Puzzle"},{"floor":46,"key":"Calipers"}],"event_choices":[{"damage_healed":0.0,"max_hp_gain":0.0,"max_hp_loss":0.0,"gold_gain":175.0,"event_name":"Liars Game","player_choice":"AGREE","floor":4.0,"gold_loss":0.0,"damage_taken":0.0,"cards_obtained":["Doubt"]},{"cards_removed":["Doubt"],"damage_healed":0.0,"max_hp_gain":0.0,"max_hp_loss":0.0,"gold_gain":0.0,"event_name":"The Cleric","player_choice":"Card Removal","floor":5.0,"gold_loss":50.0,"damage_taken":0.0},{"cards_removed":["Strike_G"],"damage_healed":0.0,"max_hp_gain":0.0,"max_hp_loss":0.0,"gold_gain":0.0,"event_name":"Purifier","player_choice":"Purged","floor":12.0,"gold_loss":0.0,"damage_taken":0.0},{"damage_healed":0,"gold_gain":0,"player_choice":"Ignored","damage_taken":0,"max_hp_gain":0,"max_hp_loss":0,"event_name":"Beggar","floor":20,"gold_loss":0},{"damage_healed":0,"gold_gain":0,"player_choice":"Gave Potion","damage_taken":0,"relics_obtained":["Ancient Tea Set"],"max_hp_gain":0,"max_hp_loss":0,"event_name":"WeMeetAgain","floor":22,"gold_loss":0},{"damage_healed":0,"gold_gain":0,"player_choice":"Forge","damage_taken":0,"max_hp_gain":0,"max_hp_loss":0,"event_name":"Accursed Blacksmith","floor":29,"gold_loss":0,"cards_upgraded":["After Image"]},{"damage_healed":0,"gold_gain":0,"player_choice":"Upgraded Two","damage_taken":0,"max_hp_gain":0,"max_hp_loss":0,"event_name":"Designer","floor":37,"gold_loss":40,"cards_upgraded":["Defend_G","Defend_G"]},{"damage_healed":0,"gold_gain":0,"player_choice":"Trade","damage_taken":0,"relics_obtained":["FaceOfCleric"],"max_hp_gain":0,"max_hp_loss":0,"event_name":"FaceTrader","floor":47,"gold_loss":0},{"cards_removed":["Strike_G"],"damage_healed":0,"gold_gain":0,"player_choice":"Removed Attack","damage_taken":0,"max_hp_gain":0,"max_hp_loss":0,"event_name":"Falling","floor":48,"gold_loss":0}],"is_beta":false,"boss_relics":[{"not_picked":["Eternal Feather","Lizard Tail"],"picked":"Ring of the Serpent"},{"not_picked":["Calling Bell","Snecko Eye"],"picked":"Black Star"}],"items_purged_floors":[],"is_endless":false,"potions_floor_spawned":[3,7,8,14,18,28,33,35,46],"killed_by":"Time Eater","ascension_level":2}