{"gold_per_floor":[125,137,149,171,200,212,254,266,278,306,353,381,393,454,466,578,590,618,119,219,235,235,269,269,303,303,318,353,353,353,373,373,473,473,492,492,492,492,508,508,527,376,376,387,418,39,68,85,85,85,85,85,20,53,53],"floor_reached":56,"playtime":3169,"items_purged":[],"score":1640,"play_id":"f5897699-e4e2-47f4-95d0-4c1dfada60e0","local_time":"20190610160314","is_ascension_mode":true,"campfire_choices":[{"data":"Bash","floor":6,"key":"SMITH"},{"data":"Flame Barrier","floor":8,"key":"SMITH"},{"floor":13,"key":"REST"},{"data":"Pommel Strike","floor":15,"key":"SMITH"},{"floor":24,"key":"REST"},{"floor":29,"key":"DIG"},{"floor":32,"key":"DIG"},{"floor":40,"key":"RECALL"},{"floor":49,"key":"REST"},{"floor":52,"key":"DIG"}],"neow_cost":"NONE","seed_source_timestamp":1971683019299692,"circlet_count":0,"master_deck":["Defend_R","Defend_R","Defend_R","Bash+1","Clothesline","Flame Barrier+1","Pommel Strike+1","Armaments","Intimidate","Battle Trance","Feel No Pain+1","Immolate","Pummel","Havoc","Sever Soul","Shockwave","Spot Weakness+1","Bite","Bite","Bite","Bite+1","Bite+1","Barricade+1","Blood for Blood+1","Seeing Red","Corruption+1","Infernal Blade+1","Fiend Fire","Shockwave","Mayhem+1","Mind Blast","Violence","Headbutt+1","Heavy Blade","Burning Pact","Offering","Spot Weakness+1","Flame Barrier","Evolve+1","Shrug It Off","Armaments+1","Panacea","Searing Blow+1"],"relics":["Burning Blood","MawBank","Mercury Hourglass","Spirit Poop","Omamori","The Courier","Frozen Egg 2","Regal Pillow","Snecko Eye","Anchor","Pear","Mango","Shuriken","Shovel","Letter Opener","Ornamental Fan","Whetstone","Vajra","Red Skull","Sozu","Bag of Marbles","Ancient Tea Set","Meat on the Bone","Pocketwatch","Kunai","Bottled Flame"],"potions_floor_usage":[20,55,55],"damage_taken":[{"damage":2,"enemies":"2 Louse","floor":1,"turns":3},{"damage":1,"enemies":"Small Slimes","floor":4,"turns":3},{"damage":6,"enemies":"Cultist","floor":5,"turns":3},{"damage":30,"enemies":"Lagavulin","floor":7,"turns":5},{"damage":0,"enemies":"Exordium Wildlife","floor":10,"turns":3},{"damage":34,"enemies":"3 Sentries","floor":11,"turns":7},{"damage":3,"enemies":"3 Louse","floor":12,"turns":2},{"damage":50,"enemies":"Slime Boss","floor":16,"turns":12},{"damage":7,"enemies":"2 Thieves","floor":18,"turns":3},{"damage":1,"enemies":"Colosseum Slavers","floor":20,"turns":3},{"damage":37,"enemies":"Colosseum Nobs","floor":20,"turns":6},{"damage":0,"enemies":"Chosen","floor":21,"turns":3},{"damage":39,"enemies":"Gremlin Leader","floor":23,"turns":4},{"damage":15,"enemies":"Book of Stabbing","floor":25,"turns":4},{"damage":0,"enemies":"Snecko","floor":27,"turns":4},{"damage":0,"enemies":"Gremlin Leader","floor":28,"turns":3},{"damage":8,"enemies":"Snake Plant","floor":31,"turns":3},{"damage":16,"enemies":"Champ","floor":33,"turns":6},{"damage":10,"enemies":"3 Shapes","floor":35,"turns":2},{"damage":0,"enemies":"Orb Walker","floor":39,"turns":2},{"damage":21,"enemies":"Writhing Mass","floor":41,"turns":4},{"damage":1,"enemies":"Jaw Worm Horde","floor":44,"turns":3},{"damage":46,"enemies":"Nemesis","floor":45,"turns":5},{"damage":42,"enemies":"Reptomancer","floor":47,"turns":6},{"damage":16,"enemies":"Transient","floor":48,"turns":5},{"damage":75,"enemies":"Time Eater","floor":50,"turns":8},{"damage":20,"enemies":"Shield and Spear","floor":54,"turns":4},{"damage":83,"enemies":"The Heart","floor":55,"turns":7}],"seed_played":"5626183235964719697","potions_obtained":[{"floor":4,"key":"Swift Potion"},{"floor":7,"key":"LiquidBronze"},{"floor":10,"key":"Swift Potion"},{"floor":18,"key":"BloodPotion"},{"floor":23,"key":"Dexterity Potion"},{"floor":25,"key":"Energy Potion"}],"is_trial":false,"path_per_floor":["M","?","?","M","M","R","E","R","T","M","E","M","R","T","R","B",null,"M","$","?","M","?","E","R","E","T","M","E","R","?","M","R","B",null,"M","?","?","?","M","R","M","$","T","M","E","$","E","M","R","B",null,"R","$","E","B",null],"character_chosen":"IRONCLAD","items_purchased":["Anchor","Pear","Blood Vial","Havoc","Sever Soul","Burning Pact","Offering","Evolve+1","Ancient Tea Set","Meat on the Bone","Panacea"],"campfire_rested":3,"item_purchase_floors":[19,19,19,19,19,42,42,46,46,46,53],"current_hp_per_floor":[80,80,80,80,80,80,56,56,56,62,34,37,61,61,61,17,64,63,73,65,73,73,48,94,91,91,103,104,104,104,104,104,99,103,102,102,92,92,100,100,94,94,94,104,69,69,52,61,104,57,92,92,92,85,38],"gold":53,"neow_bonus":"RANDOM_COMMON_RELIC","is_prod":false,"is_daily":false,"chose_seed":false,"campfire_upgraded":3,"win_rate":0,"timestamp":1560146594,"path_taken":["M","?","?","?","M","R","E","R","T","M","E","M","R","?","R","BOSS","M","$","?","M","?","E","R","E","T","M","E","R","?","?","R","BOSS","M","?","?","?","M","R","M","?","T","M","E","$","E","?","R","BOSS","R","$","E","BOSS"],"build_version":"2019-01-23","purchased_purges":0,"victory":true,"max_hp_per_floor":[80,80,80,80,80,80,80,80,80,80,80,80,80,80,80,80,80,80,90,104,104,104,104,104,104,104,104,104,104,104,104,104,104,104,104,104,104,104,104,104,104,104,104,104,104,104,104,104,104,104,104,104,104,104,104],"card_choices":[{"not_picked":["Cleave","Warcry"],"picked":"Clothesline","floor":1},{"not_picked":["Perfected Strike","Infernal Blade"],"picked":"Flame Barrier","floor":4},{"not_picked":["Second Wind","Inflame"],"picked":"Pommel Strike","floor":5},{"not_picked":["Twin Strike","Carnage"],"picked":"Armaments","floor":7},{"not_picked":["Rampage","Perfected Strike"],"picked":"Intimidate","floor":10},{"not_picked":["Sever Soul","Warcry"],"picked":"Battle Trance","floor":11},{"not_picked":["Wild Strike","Armaments"],"picked":"Feel No Pain+1","floor":12},{"not_picked":["Berserk+1","Limit Break"],"picked":"Immolate","floor":16},{"not_picked":["Sentinel","Twin Strike"],"picked":"Pummel","floor":18},{"not_picked":["Rage","Fire Breathing+1"],"picked":"Shockwave","floor":20},{"not_picked":["Iron Wave","Thunderclap"],"picked":"Spot Weakness+1","floor":21},{"not_picked":["Havoc","Body Slam+1"],"picked":"Barricade+1","floor":23},{"not_picked":["Ghostly Armor+1","Warcry+1"],"picked":"Blood for Blood+1","floor":25},{"not_picked":["True Grit","Sword Boomerang+1"],"picked":"Seeing Red","floor":27},{"not_picked":["Shrug It Off+1","Warcry"],"picked":"Corruption+1","floor":28},{"not_picked":["Wild Strike","Carnage+1"],"picked":"Infernal Blade+1","floor":31},{"not_picked":["Berserk+1","Immolate"],"picked":"Fiend Fire","floor":33},{"not_picked":["Armaments+1","Perfected Strike+1"],"picked":"Shockwave","floor":35},{"not_picked":["Trip","Thinking Ahead"],"picked":"Mayhem+1","floor":37},{"not_picked":["HandOfGreed","Chrysalis"],"picked":"Mind Blast","floor":37},{"not_picked":["Discovery","Good Instincts"],"picked":"Violence","floor":37},{"not_picked":["Hemokinesis+1","Perfected Strike"],"picked":"Headbutt+1","floor":39},{"not_picked":["Perfected Strike+1","Twin Strike+1"],"picked":"Heavy Blade","floor":41},{"not_picked":["Anger+1","Shrug It Off"],"picked":"Spot Weakness+1","floor":44},{"not_picked":["Anger","Rupture+1"],"picked":"Flame Barrier","floor":45},{"not_picked":["Berserk+1","Combust+1"],"picked":"Shrug It Off","floor":47},{"not_picked":["Battle Trance+1","Anger"],"picked":"Armaments+1","floor":48},{"not_picked":["Thunderclap","Offering"],"picked":"Searing Blow+1","floor":54}],"player_experience":449286,"relics_obtained":[{"floor":7,"key":"Omamori"},{"floor":9,"key":"The Courier"},{"floor":11,"key":"Frozen Egg 2"},{"floor":14,"key":"Regal Pillow"},{"floor":20,"key":"Mango"},{"floor":20,"key":"Shuriken"},{"floor":23,"key":"Shovel"},{"floor":25,"key":"Letter Opener"},{"floor":26,"key":"Ornamental Fan"},{"floor":28,"key":"Whetstone"},{"floor":29,"key":"Vajra"},{"floor":32,"key":"Red Skull"},{"floor":45,"key":"Bag of Marbles"},{"floor":47,"key":"Pocketwatch"},{"floor":52,"key":"Kunai"},{"floor":54,"key":"Bottled Flame"}],"event_choices":[{"damage_healed":0,"gold_gain":0,"player_choice":"Box","damage_taken":0,"relics_obtained":["Mercury Hourglass"],"max_hp_gain":0,"max_hp_loss":0,"event_name":"Big Fish","floor":2,"gold_loss":0,"cards_obtained":["Regret"]},{"cards_removed":["Regret"],"damage_healed":0,"gold_gain":0,"player_choice":"Offered Curse","damage_taken":0,"relics_obtained":["Spirit Poop"],"max_hp_gain":0,"max_hp_loss":0,"event_name":"Bonfire Elementals","floor":3,"gold_loss":0},{"damage_healed":0,"gold_gain":0,"player_choice":"Fight","damage_taken":0,"max_hp_gain":0,"max_hp_loss":0,"event_name":"Colosseum","floor":20,"gold_loss":0},{"damage_healed":0,"gold_gain":0,"player_choice":"Fought Nobs","damage_taken":0,"max_hp_gain":0,"max_hp_loss":0,"event_name":"Colosseum","floor":20,"gold_loss":0},{"damage_healed":0,"gold_gain":0,"player_choice":"Became a vampire (Vial)","damage_taken":0,"max_hp_gain":0,"max_hp_loss":0,"event_name":"Vampires","floor":22,"relics_lost":["Blood Vial"],"gold_loss":0,"cards_obtained":["Bite","Bite","Bite","Bite","Bite"]},{"damage_healed":0,"gold_gain":0,"player_choice":"Got Potions","damage_taken":0,"max_hp_gain":0,"max_hp_loss":0,"event_name":"Lab","floor":30,"gold_loss":0},{"damage_healed":0,"gold_gain":0,"player_choice":"Ignored","damage_taken":0,"max_hp_gain":0,"max_hp_loss":0,"event_name":"Tomb of Lord Red Mask","floor":36,"gold_loss":0},{"damage_healed":0,"gold_gain":0,"player_choice":"Memory 3","damage_taken":10,"max_hp_gain":0,"max_hp_loss":0,"event_name":"SensoryStone","floor":37,"gold_loss":0},{"cards_removed":["Defend_R"],"damage_healed":0,"gold_gain":0,"player_choice":"Removed Skill","damage_taken":0,"max_hp_gain":0,"max_hp_loss":0,"event_name":"Falling","floor":38,"gold_loss":0}],"is_beta":false,"boss_relics":[{"not_picked":["Philosopher\u0027s Stone","Lizard Tail"],"picked":"Snecko Eye"},{"not_picked":["White Beast Statue","Velvet Choker"],"picked":"Sozu"}],"items_purged_floors":[],"is_endless":false,"potions_floor_spawned":[4,7,10,12,18,20,23,25,39,45,47,54],"ascension_level":5}