{"path_per_floor":["M","M","M","?","?","E","R","M","T","R","E","R","M","M","R","B",null,"M","M","$"],"character_chosen":"IRONCLAD","items_purchased":["Finesse","True Grit","Headbutt","Shrug It Off","Feel No Pain","Reckless Charge"],"gold_per_floor":[116,129,144,144,144,175,175,188,237,237,264,264,284,297,297,400,400,411,429,52],"floor_reached":21,"campfire_rested":3,"playtime":2690,"current_hp_per_floor":[80,77,77,77,77,57,80,80,80,80,59,80,68,66,80,24,80,80,55,55],"items_purged":[],"gold":52,"play_id":"26cb90d5-0141-42e6-b6e9-11ccebfe9c85","is_prod":false,"is_daily":false,"is_ascension_mode":false,"campfire_upgraded":1,"path_taken":["M","M","M","?","?","E","R","M","T","R","E","R","M","M","R","BOSS","M","M","$","M"],"build_version":"2018-02-01-PROD3","purchased_purges":0,"victory":false,"master_deck":["Strike_R","Strike_R","Strike_R","Strike_R","Strike_R","Defend_R+1","Defend_R","Defend_R","Defend_R","Bash","Armaments","Clash","Sever Soul","Infernal Blade","Rampage","Cleave","Pommel Strike","Shrug It Off","Thunderclap","Blood for Blood","Infernal Blade","Reaper","Dual Wield","Anger","Finesse","True Grit","Headbutt","Shrug It Off","Feel No Pain","Reckless Charge"],"max_hp_per_floor":[80,80,80,80,80,80,80,80,80,80,80,80,80,80,80,80,80,80,80,80],"relics":["Burning Blood","Dream Catcher","Vajra","Regal Pillow","Magic Flower","Mark of Pain"],"card_choices":[{"not_picked":["Sword Boomerang","Body Slam"],"picked":"Armaments"},{"not_picked":["Blood for Blood","Sword Boomerang"],"picked":"Clash"},{"not_picked":["Pommel Strike","Sword Boomerang"],"picked":"Sever Soul"},{"not_picked":["Whirlwind","Anger"],"picked":"Infernal Blade"},{"not_picked":["Shrug It Off","Disarm"],"picked":"Rampage"},{"not_picked":["Pommel Strike","Armaments"],"picked":"Cleave"},{"not_picked":["Seeing Red","Reckless Charge"],"picked":"Pommel Strike"},{"not_picked":["Pommel Strike","Clash"],"picked":"Shrug It Off"},{"not_picked":["Warcry","Flame Barrier"],"picked":"Thunderclap"},{"not_picked":["Clash","Sword Boomerang"],"picked":"Blood for Blood"},{"not_picked":["Hemokinesis","Pommel Strike"],"picked":"Infernal Blade"},{"not_picked":["Double Tap","Impervious"],"picked":"Reaper"},{"not_picked":["Flame Barrier","Bloodletting"],"picked":"Dual Wield"},{"not_picked":["Intimidate","Flame Barrier"],"picked":"Anger"}],"player_experience":14308,"potions_floor_usage":[],"damage_taken":[{"damage":5.0,"enemies":"Small Slimes","floor":1.0,"turns":4.0},{"damage":9.0,"enemies":"2 Louse","floor":2.0,"turns":3.0},{"damage":6.0,"enemies":"Jaw Worm","floor":3.0,"turns":2.0},{"damage":26.0,"enemies":"Gremlin Nob","floor":6.0,"turns":5.0},{"damage":2,"enemies":"2 Fungi Beasts","floor":8,"turns":4},{"damage":27,"enemies":"Lagavulin","floor":11,"turns":8},{"damage":21,"enemies":"Lots of Slimes","floor":13,"turns":3},{"damage":11,"enemies":"Exordium Wildlife","floor":14,"turns":4},{"damage":65,"enemies":"Slime Boss","floor":16,"turns":10},{"damage":19,"enemies":"2 Thieves","floor":18,"turns":4},{"damage":34,"enemies":"Spheric Guardian","floor":19,"turns":6},{"damage":78,"enemies":"Slaver and Parasite","floor":21,"turns":4}],"event_choices":[{"event_name":"Big Fish","player_choice":"Box","floor":4.0,"damage_taken":0.0},{"event_name":"Living Wall","player_choice":"Forget","floor":5.0,"damage_taken":0.0}],"boss_relics":[{"not_picked":["Calling Bell","Runic Dome"],"picked":"Mark of Pain"}],"potions_floor_spawned":[2,11,14,16,19],"seed_played":"1584506034102608144","killed_by":"Slaver and Parasite","ascension_level":0,"is_trial":false}