{"gold_per_floor":[116,126,126,126,29,29,52,70,94,94],"floor_reached":10,"playtime":815,"items_purged":[],"score":56,"play_id":"eefe5608-8af1-4ca6-b047-a02f17628731","local_time":"20190616183020","is_ascension_mode":false,"campfire_choices":[{"data":"Blade Dance","floor":6,"key":"SMITH"}],"neow_cost":"TEN_PERCENT_HP_LOSS","seed_source_timestamp":183992054972800,"circlet_count":0,"master_deck":["Defend_G","Defend_G","Defend_G","Defend_G","Defend_G","Strike_G","Strike_G","Strike_G+1","Strike_G","Strike_G","Survivor","Neutralize","Blade Dance+1","Blade Dance+1","Well Laid Plans","Dagger Throw","Calculated Gamble","Cloak And Dagger"],"relics":["Ring of the Snake","Calipers","Odd Mushroom","Omamori"],"potions_floor_usage":[7,7],"damage_taken":[{"damage":2,"enemies":"Jaw Worm","floor":1,"turns":5},{"damage":0,"enemies":"Small Slimes","floor":2,"turns":3},{"damage":8,"enemies":"The Mushroom Lair","floor":7,"turns":4},{"damage":1,"enemies":"2 Louse","floor":8,"turns":2},{"damage":40,"enemies":"Lagavulin","floor":10,"turns":8}],"seed_played":"-6909826912737998243","potions_obtained":[{"floor":1,"key":"EssenceOfSteel"},{"floor":2,"key":"Block Potion"}],"is_trial":false,"path_per_floor":["M","M","?","?","$","R","?","M","T","E"],"character_chosen":"THE_SILENT","items_purchased":["Well Laid Plans","Dagger Throw"],"campfire_rested":0,"item_purchase_floors":[5,5],"current_hp_per_floor":[61,61,48,48,48,48,40,39,39,0],"gold":94,"neow_bonus":"ONE_RARE_RELIC","is_prod":false,"is_daily":false,"chose_seed":false,"campfire_upgraded":1,"win_rate":0.0,"timestamp":1560724220,"path_taken":["M","M","?","?","?","R","?","M","T","E"],"build_version":"2019-01-23","purchased_purges":0,"victory":false,"max_hp_per_floor":[63,63,63,63,63,63,63,63,63,63],"card_choices":[{"not_picked":["Eviscerate","Dagger Throw"],"picked":"Blade Dance","floor":1},{"not_picked":["Bane","Acrobatics"],"picked":"Blade Dance","floor":2},{"not_picked":["Slice","Deadly Poison"],"picked":"Calculated Gamble","floor":7},{"not_picked":["Flying Knee","Outmaneuver"],"picked":"Cloak And Dagger","floor":8}],"player_experience":74652,"relics_obtained":[{"floor":7,"key":"Odd Mushroom"},{"floor":9,"key":"Omamori"}],"event_choices":[{"damage_healed":0,"gold_gain":0,"player_choice":"Entered Light","damage_taken":13,"max_hp_gain":0,"max_hp_loss":0,"event_name":"Shining Light","floor":3,"gold_loss":0,"cards_upgraded":["Strike_G","Blade Dance"]},{"damage_healed":0,"gold_gain":0,"player_choice":"Ignored","damage_taken":0,"max_hp_gain":0,"max_hp_loss":0,"event_name":"Liars Game","floor":4,"gold_loss":0},{"damage_healed":0,"gold_gain":0,"player_choice":"Fought Mushrooms","damage_taken":0,"max_hp_gain":0,"max_hp_loss":0,"event_name":"Mushrooms","floor":7,"gold_loss":0}],"is_beta":false,"boss_relics":[],"items_purged_floors":[],"is_endless":false,"potions_floor_spawned":[1,2],"killed_by":"Lagavulin","ascension_level":0}