{"gold_per_floor":[113,113,113,113,126,126,140,140,165,165,204,204,244,258,258,387,387,387,387,387,387,312,312,312,312,312,312,312,58,58,58,58,58,58,58,58,34,34,34,34,34,34,34,34,0,0,0,0,0,0],"floor_reached":51,"playtime":4279,"items_purged":[],"score":946,"play_id":"daa169de-b057-47ad-b390-dccba87a322a","local_time":"20190617012454","is_ascension_mode":true,"campfire_choices":[{"floor":6.0,"key":"REST"},{"data":"Zap","floor":8.0,"key":"SMITH"},{"data":"Doom and Gloom","floor":10.0,"key":"SMITH"},{"data":"Rebound","floor":12.0,"key":"SMITH"},{"floor":15.0,"key":"REST"},{"floor":23.0,"key":"REST"},{"floor":25.0,"key":"REST"},{"floor":28.0,"key":"REST"},{"data":"Biased Cognition","floor":30.0,"key":"SMITH"},{"data":"Darkness","floor":32,"key":"SMITH"},{"data":"Static Discharge","floor":40,"key":"SMITH"},{"data":"Defend_B","floor":42,"key":"SMITH"},{"floor":49,"key":"REST"}],"neow_cost":"NONE","seed_source_timestamp":0,"circlet_count":0,"master_deck":["Strike_B","Defend_B","Defend_B+1","Defend_B","Defend_B","Zap+1","Dualcast","Seek","Doom and Gloom+1","Darkness+1","Compile Driver","Rebound+1","Echo Form","Ball Lightning","Leap+1","Biased Cognition+1","Echo Form","Auto Shields+1","Static Discharge+1","Hologram","Chill+1","Tempest+1","White Noise+1","Coolheaded","Secret Weapon"],"special_seed":0,"relics":["Cracked Core","Golden Idol","Bronze Scales","Sundial","Darkstone Periapt","Ectoplasm","Nilry\u0027s Codex","Incense Burner","Bottled Lightning","Pear","Meat on the Bone","Lizard Tail","Orichalcum","Red Mask","Omamori"],"potions_floor_usage":[33,33,50,50],"damage_taken":[{"damage":6.0,"enemies":"Small Slimes","floor":1.0,"turns":4.0},{"damage":8.0,"enemies":"2 Louse","floor":5.0,"turns":2.0},{"damage":7.0,"enemies":"Jaw Worm","floor":7.0,"turns":3.0},{"damage":10.0,"enemies":"Lagavulin","floor":11.0,"turns":4.0},{"damage":25.0,"enemies":"3 Sentries","floor":13.0,"turns":3.0},{"damage":0.0,"enemies":"Exordium Wildlife","floor":14.0,"turns":1.0},{"damage":0.0,"enemies":"Slime Boss","floor":16.0,"turns":6.0},{"damage":13.0,"enemies":"Shell Parasite","floor":18.0,"turns":4.0},{"damage":13.0,"enemies":"3 Byrds","floor":19.0,"turns":2.0},{"damage":1.0,"enemies":"Snecko","floor":20.0,"turns":3.0},{"damage":37.0,"enemies":"Slavers","floor":24.0,"turns":3.0},{"damage":11,"enemies":"Sentry and Sphere","floor":31,"turns":4},{"damage":27,"enemies":"Champ","floor":33,"turns":9},{"damage":16,"enemies":"Orb Walker","floor":35,"turns":3},{"damage":17,"enemies":"3 Shapes","floor":38,"turns":5},{"damage":18,"enemies":"Jaw Worm Horde","floor":39,"turns":4},{"damage":0,"enemies":"Maw","floor":41,"turns":6},{"damage":17,"enemies":"Sphere and 2 Shapes","floor":44,"turns":4},{"damage":7,"enemies":"Giant Head","floor":46,"turns":6},{"damage":59,"enemies":"Time Eater","floor":50,"turns":9}],"seed_played":"-6591540316240073395","potions_obtained":[{"floor":1.0,"key":"FearPotion"},{"floor":16.0,"key":"EssenceOfSteel"},{"floor":19.0,"key":"Poison Potion"},{"floor":31,"key":"Dexterity Potion"},{"floor":38,"key":"EssenceOfSteel"},{"floor":44,"key":"FearPotion"}],"is_trial":false,"path_per_floor":["M","?","?","?","M","R","M","R","T","R","E","R","E","M","R","B",null,"M","M","M","?","?","R","E","R","T","T","R","$","R","M","R","B",null,"M","?","$","M","M","R","M","R","T","M","?","E","?","?","R","B",null],"character_chosen":"DEFECT","items_purchased":["Meat on the Bone","Hologram"],"campfire_rested":6,"item_purchase_floors":[29,37],"current_hp_per_floor":[62,62,44,44,36,58,51,51,51,51,41,41,16,16,38,38,66,53,40,39,23,23,45,8,30,30,40,65,65,65,54,54,39,74,58,58,58,53,47,47,47,47,47,42,42,47,47,42,67,20],"gold":0,"neow_bonus":"ONE_RANDOM_RARE_CARD","is_prod":false,"is_daily":false,"chose_seed":false,"campfire_upgraded":7,"win_rate":0,"timestamp":1560749094,"path_taken":["M","?","?","?","M","R","M","R","T","R","E","R","E","M","R","BOSS","M","M","M","?","?","R","E","R","T","?","R","$","R","M","R","BOSS","M","?","$","M","M","R","?","R","T","?","?","E","?","?","R","BOSS"],"build_version":"2019-01-23","purchased_purges":0,"victory":true,"max_hp_per_floor":[75,75,75,75,75,75,75,75,75,75,75,75,75,75,75,75,75,75,75,75,75,75,75,75,75,75,85,85,85,85,85,85,85,85,85,85,85,85,85,85,85,85,85,85,85,85,85,85,85,85],"card_choices":[{"not_picked":["Conserve Battery","Leap"],"picked":"Doom and Gloom","floor":1.0},{"not_picked":["Streamline","Conserve Battery"],"picked":"Compile Driver","floor":5.0},{"not_picked":["Redo","Hologram","Steam"],"picked":"SKIP","floor":7.0},{"not_picked":["Static Discharge","Stack"],"picked":"Rebound","floor":11.0},{"not_picked":["Barrage","Fusion","Chaos"],"picked":"SKIP","floor":13.0},{"not_picked":["Darkness","Steam Power","Reprogram"],"picked":"SKIP","floor":14.0},{"not_picked":["Buffer","Amplify"],"picked":"Echo Form","floor":16.0},{"not_picked":["Beam Cell","Fusion"],"picked":"Ball Lightning","floor":18.0},{"not_picked":["Barrage+1","Streamline"],"picked":"Leap+1","floor":19.0},{"not_picked":["Ball Lightning+1","Compile Driver"],"picked":"Biased Cognition","floor":20.0},{"not_picked":["Gash","Rebound","Hello World"],"picked":"SKIP","floor":24.0},{"not_picked":["Streamline","Fusion"],"picked":"Leap","floor":31},{"not_picked":["Creative AI","Core Surge"],"picked":"Echo Form","floor":33},{"not_picked":["Defragment","Go for the Eyes+1"],"picked":"Auto Shields+1","floor":35},{"not_picked":["Genetic Algorithm","Recycle+1","Aggregate"],"picked":"SKIP","floor":38},{"not_picked":["Ball Lightning+1","Force Field"],"picked":"Chill+1","floor":39},{"not_picked":["Turbo+1","Stack"],"picked":"Tempest+1","floor":41},{"not_picked":["Double Energy+1","Turbo"],"picked":"White Noise+1","floor":44},{"not_picked":["Stack","Consume"],"picked":"Coolheaded","floor":46},{"not_picked":["Discovery","Jack Of All Trades"],"picked":"Secret Weapon","floor":48}],"player_experience":348164,"relics_obtained":[{"floor":9.0,"key":"Bronze Scales"},{"floor":11.0,"key":"Sundial"},{"floor":13.0,"key":"Darkstone Periapt"},{"floor":21.0,"key":"Nilry\u0027s Codex"},{"floor":24.0,"key":"Incense Burner"},{"floor":26.0,"key":"Bottled Lightning"},{"floor":27.0,"key":"Pear"},{"floor":43,"key":"Orichalcum"},{"floor":46,"key":"Omamori"}],"event_choices":[{"damage_healed":0.0,"max_hp_gain":0.0,"max_hp_loss":0.0,"gold_gain":0.0,"event_name":"Liars Game","player_choice":"Ignored","floor":2.0,"gold_loss":0.0,"damage_taken":0.0},{"damage_healed":0.0,"max_hp_gain":0.0,"max_hp_loss":0.0,"gold_gain":0.0,"event_name":"Golden Idol","player_choice":"Take Damage","floor":3.0,"gold_loss":0.0,"damage_taken":18.0,"relics_obtained":["Golden Idol"]},{"damage_healed":0.0,"max_hp_gain":0.0,"max_hp_loss":0.0,"gold_gain":0.0,"cards_transformed":["Strike_B"],"event_name":"Living Wall","player_choice":"Change","floor":4.0,"gold_loss":0.0,"damage_taken":0.0,"cards_obtained":["Darkness"]},{"damage_healed":0.0,"max_hp_gain":0.0,"max_hp_loss":0.0,"gold_gain":0.0,"event_name":"Cursed Tome","player_choice":"Obtained Book","floor":21.0,"gold_loss":0.0,"damage_taken":16.0},{"cards_removed":["Strike_B"],"damage_healed":0.0,"max_hp_gain":0.0,"max_hp_loss":0.0,"gold_gain":0.0,"event_name":"Beggar","player_choice":"Gave Gold","floor":22.0,"gold_loss":75.0,"damage_taken":0.0},{"damage_healed":0,"gold_gain":0,"cards_transformed":["Strike_B"],"player_choice":"Transformed","damage_taken":0,"max_hp_gain":0,"max_hp_loss":0,"event_name":"Transmorgrifier","floor":36,"gold_loss":0,"cards_obtained":["Static Discharge"]},{"damage_healed":0,"gold_gain":0,"player_choice":"Paid","damage_taken":0,"relics_obtained":["Red Mask"],"max_hp_gain":0,"max_hp_loss":0,"event_name":"Tomb of Lord Red Mask","floor":45,"gold_loss":34},{"cards_removed":["Leap"],"damage_healed":0,"gold_gain":0,"player_choice":"Removed Skill","damage_taken":0,"max_hp_gain":0,"max_hp_loss":0,"event_name":"Falling","floor":47,"gold_loss":0},{"damage_healed":0,"gold_gain":0,"player_choice":"Memory 2","damage_taken":5,"max_hp_gain":0,"max_hp_loss":0,"event_name":"SensoryStone","floor":48,"gold_loss":0}],"is_beta":false,"boss_relics":[{"not_picked":["Tiny House","White Beast Statue"],"picked":"Ectoplasm"},{"not_picked":["Empty Cage","Calling Bell"],"picked":"Lizard Tail"}],"items_purged_floors":[],"is_endless":false,"potions_floor_spawned":[1,16,19,31,38,44],"ascension_level":7}