{"gold_per_floor":[117,67,77,77,77,107,117,137,137,137,137,198,214,224,224,323,323,338,258,268,367,367],"floor_reached":22,"playtime":1027,"items_purged":[],"score":313,"play_id":"714ed48b-6c1e-469f-9f26-2077ccce68d4","local_time":"20190623150644","is_ascension_mode":true,"campfire_choices":[{"floor":11,"key":"REST"},{"floor":15,"key":"REST"}],"neow_cost":"NONE","seed_source_timestamp":855144798951777,"circlet_count":0,"master_deck":["AscendersBane","Strike_R","Strike_R","Strike_R","Strike_R","Defend_R+1","Defend_R","Defend_R","Defend_R+1","Bash+1","Pommel Strike","Disarm","Armaments","Feed","Havoc","Ghostly Armor","Blood for Blood","Armaments","Impervious","Twin Strike","Feel No Pain","Rage+1"],"relics":["Burning Blood","Singing Bowl","War Paint","Pear","Kunai","Mark of Pain"],"potions_floor_usage":[12,16],"damage_taken":[{"damage":7,"enemies":"Small Slimes","floor":1,"turns":4},{"damage":5,"enemies":"Jaw Worm","floor":3,"turns":4},{"damage":50,"enemies":"Gremlin Nob","floor":6,"turns":5},{"damage":0,"enemies":"2 Louse","floor":7,"turns":4},{"damage":30,"enemies":"Lots of Slimes","floor":8,"turns":8},{"damage":30,"enemies":"Gremlin Nob","floor":12,"turns":6},{"damage":7,"enemies":"Looter","floor":13,"turns":4},{"damage":29,"enemies":"Exordium Wildlife","floor":14,"turns":8},{"damage":31,"enemies":"The Guardian","floor":16,"turns":13},{"damage":24,"enemies":"Chosen","floor":18,"turns":6},{"damage":42,"enemies":"Spheric Guardian","floor":20,"turns":10},{"damage":38,"enemies":"Masked Bandits","floor":22,"turns":3}],"seed_played":"8582894989096924067","potions_obtained":[{"floor":3,"key":"Weak Potion"},{"floor":6,"key":"Weak Potion"},{"floor":12,"key":"SpeedPotion"},{"floor":18,"key":"Dexterity Potion"}],"is_trial":false,"path_per_floor":["M","?","M","T","?","E","M","M","T","?","R","?","M","M","R","B",null,"M","$","M","?","?"],"character_chosen":"IRONCLAD","items_purchased":["Feel No Pain"],"campfire_rested":2,"item_purchase_floors":[19],"current_hp_per_floor":[71,71,72,72,72,28,37,16,26,26,54,32,35,12,42,17,81,63,63,27,27,0],"gold":367,"neow_bonus":"THREE_CARDS","is_prod":false,"is_daily":false,"chose_seed":false,"campfire_upgraded":0,"win_rate":0,"timestamp":1561266404,"path_taken":["M","?","M","?","?","E","M","?","T","?","R","?","M","M","R","BOSS","M","$","M","?","?"],"build_version":"2019-01-23","purchased_purges":0,"victory":false,"max_hp_per_floor":[80,80,80,80,80,80,83,86,96,96,96,98,102,102,102,102,102,102,102,102,102,102],"card_choices":[{"not_picked":["Headbutt","Clash"],"picked":"Pommel Strike","floor":0},{"not_picked":["Anger","Bloodletting"],"picked":"Disarm","floor":1},{"not_picked":["Headbutt","Perfected Strike"],"picked":"Armaments","floor":3},{"not_picked":["Warcry","Cleave"],"picked":"Feed","floor":6},{"not_picked":["Thunderclap","Clash"],"picked":"Havoc","floor":7},{"not_picked":["Iron Wave","Havoc"],"picked":"Ghostly Armor","floor":8},{"not_picked":["Clash","Wild Strike","Havoc"],"picked":"Singing Bowl","floor":12},{"not_picked":["Cleave","Sword Boomerang"],"picked":"Blood for Blood","floor":13},{"not_picked":["Perfected Strike","Heavy Blade"],"picked":"Armaments","floor":14},{"not_picked":["Brutality","Dark Embrace"],"picked":"Impervious","floor":16},{"not_picked":["Uppercut","Rage"],"picked":"Twin Strike","floor":18},{"not_picked":["Twin Strike","Pommel Strike"],"picked":"Rage+1","floor":20}],"player_experience":495109,"relics_obtained":[{"floor":4,"key":"Singing Bowl"},{"floor":6,"key":"War Paint"},{"floor":9,"key":"Pear"},{"floor":12,"key":"Kunai"}],"event_choices":[{"cards_removed":["Strike_R"],"damage_healed":0,"gold_gain":0,"player_choice":"Card Removal","damage_taken":0,"max_hp_gain":0,"max_hp_loss":0,"event_name":"The Cleric","floor":2,"gold_loss":50},{"damage_healed":0,"gold_gain":0,"player_choice":"Grow","damage_taken":0,"max_hp_gain":0,"max_hp_loss":0,"event_name":"Living Wall","floor":5,"gold_loss":0,"cards_upgraded":["Bash"]},{"damage_healed":0,"gold_gain":0,"player_choice":"Ignored","damage_taken":0,"max_hp_gain":0,"max_hp_loss":0,"event_name":"Golden Idol","floor":10,"gold_loss":0},{"damage_healed":0,"gold_gain":0,"player_choice":"Searched \u00271\u0027 times","damage_taken":0,"max_hp_gain":0,"max_hp_loss":0,"event_name":"Dead Adventurer","floor":12,"gold_loss":0},{"damage_healed":0,"gold_gain":99,"player_choice":"Stole From Cult","damage_taken":0,"max_hp_gain":0,"max_hp_loss":0,"event_name":"Nest","floor":21,"gold_loss":0},{"damage_healed":0,"gold_gain":0,"player_choice":"Fought Bandits","damage_taken":0,"max_hp_gain":0,"max_hp_loss":0,"event_name":"Masked Bandits","floor":22,"gold_loss":0}],"is_beta":false,"boss_relics":[{"not_picked":["Philosopher\u0027s Stone","Lizard Tail"],"picked":"Mark of Pain"}],"items_purged_floors":[],"is_endless":false,"potions_floor_spawned":[3,6,12,14,18],"killed_by":"Masked Bandits","ascension_level":11}