{"gold_per_floor":[110,110,121,140,155,80,80,115,115,125,125,159,174,174,174,174],"floor_reached":16,"playtime":1017,"items_purged":["Pain"],"score":123,"play_id":"a14bc35c-b471-4592-8f5c-b5bdbbcf1c81","local_time":"20190505130158","is_ascension_mode":true,"campfire_choices":[{"data":"Neutralize","floor":7,"key":"SMITH"},{"floor":15,"key":"REST"}],"neow_cost":"NONE","seed_source_timestamp":1085685040067162,"circlet_count":0,"master_deck":["Defend_G","Defend_G","Defend_G","Defend_G","Defend_G","Strike_G","Strike_G","Strike_G","Strike_G","Strike_G","Survivor","Neutralize+1","Quick Slash","Blade Dance+1"],"relics":["Ring of the Snake","NeowsBlessing","WarpedTongs","Regal Pillow","Girya"],"potions_floor_usage":[12,12],"damage_taken":[{"damage":0,"enemies":"2 Louse","floor":1,"turns":1},{"damage":1,"enemies":"Cultist","floor":3,"turns":1},{"damage":0,"enemies":"Small Slimes","floor":4,"turns":1},{"damage":13,"enemies":"Blue Slaver","floor":5,"turns":5},{"damage":21,"enemies":"Gremlin Nob","floor":8,"turns":6},{"damage":0,"enemies":"2 Fungi Beasts","floor":10,"turns":3},{"damage":16,"enemies":"Lagavulin","floor":12,"turns":6},{"damage":14,"enemies":"Lots of Slimes","floor":13,"turns":4},{"damage":41,"enemies":"Hexaghost","floor":16,"turns":16}],"seed_played":"-4951070205235904482","potions_obtained":[{"floor":3,"key":"Weak Potion"},{"floor":5,"key":"EntropicBrew"}],"is_trial":false,"path_per_floor":["M","?","M","M","M","$","R","E","T","M","?","E","M","?","R","B"],"character_chosen":"THE_SILENT","items_purchased":[],"campfire_rested":1,"item_purchase_floors":[],"current_hp_per_floor":[70,70,69,69,56,56,56,35,35,35,35,19,5,5,41,0],"gold":174,"neow_bonus":"THREE_ENEMY_KILL","is_prod":false,"is_daily":false,"chose_seed":false,"campfire_upgraded":1,"win_rate":0,"timestamp":1557025318,"path_taken":["M","?","M","?","M","$","R","E","T","M","?","E","M","?","R","BOSS"],"build_version":"2019-01-23","purchased_purges":1,"victory":false,"max_hp_per_floor":[70,70,70,70,70,70,70,70,70,70,70,70,70,70,70,70],"card_choices":[{"not_picked":["Slice","Choke","Dodge and Roll"],"picked":"SKIP","floor":1},{"not_picked":["Dodge and Roll","Accuracy","Slice"],"picked":"SKIP","floor":3},{"not_picked":["Slice","Flying Knee"],"picked":"Quick Slash","floor":4},{"not_picked":["Predator","Prepared","Bouncing Flask"],"picked":"SKIP","floor":5},{"not_picked":["Underhanded Strike","Choke","PiercingWail"],"picked":"SKIP","floor":8},{"not_picked":["Slice","Cloak And Dagger"],"picked":"Blade Dance","floor":10},{"not_picked":["Outmaneuver","Storm of Steel","Riddle With Holes"],"picked":"SKIP","floor":12},{"not_picked":["Slice","Catalyst","Concentrate"],"picked":"SKIP","floor":13}],"player_experience":366286,"relics_obtained":[{"floor":8,"key":"Regal Pillow"},{"floor":12,"key":"Girya"}],"event_choices":[{"damage_healed":0,"gold_gain":0,"player_choice":"Rummage","damage_taken":0,"relics_obtained":["WarpedTongs"],"max_hp_gain":0,"max_hp_loss":0,"event_name":"Accursed Blacksmith","floor":2,"gold_loss":0,"cards_obtained":["Pain"]},{"damage_healed":0,"gold_gain":0,"player_choice":"Ignored","damage_taken":0,"max_hp_gain":0,"max_hp_loss":0,"event_name":"Shining Light","floor":11,"gold_loss":0},{"damage_healed":0,"gold_gain":0,"player_choice":"Grow","damage_taken":0,"max_hp_gain":0,"max_hp_loss":0,"event_name":"Living Wall","floor":14,"gold_loss":0,"cards_upgraded":["Blade Dance"]}],"is_beta":false,"boss_relics":[],"items_purged_floors":[6],"is_endless":false,"potions_floor_spawned":[3,5,12],"killed_by":"Hexaghost","ascension_level":2}