{"gold_per_floor":[117,129,47,59,59,92,92,111,157,175,195,52,52,81,81,180,180,199,58,68,86,103,128,128,154,154,154,185,204,229,229,229,331,331,344,63,77,77,77,104,104],"floor_reached":41,"playtime":5352,"items_purged":["Glass Knife"],"score":516,"play_id":"5de1c172-5fbe-4282-b1a8-dd7c5e6ec5ac","local_time":"20190620114147","is_ascension_mode":false,"campfire_choices":[{"data":"Neutralize","floor":7,"key":"SMITH"},{"data":"Burst","floor":15,"key":"SMITH"},{"data":"Malaise","floor":24,"key":"SMITH"},{"data":"Terror","floor":27,"key":"SMITH"},{"data":"Prepared","floor":32,"key":"SMITH"}],"neow_cost":"NONE","seed_source_timestamp":578305916605400,"circlet_count":0,"master_deck":["Survivor","Neutralize+1","Dagger Spray","Deflect","Noxious Fumes","Slice","Bane+1","Burst+1","Malaise+1","Terror+1","Sucker Punch+1","Prepared+1","Acrobatics","Footwork+1","Backflip","Backflip","Endless Agony","Outmaneuver+1","Escape Plan","Blur","Blade Dance","Dagger Throw+1","Escape Plan+1","Burst+1","Flying Knee","Bane","Expertise","Doppelganger","Caltrops","Doppelganger","All Out Attack","Burst","Night Terror","Heel Hook","Dagger Throw+1","PiercingWail+1","Violence","Discovery","Magnetism","Cloak And Dagger"],"relics":["Ring of the Snake","NeowsBlessing","Meat on the Bone","Strawberry","Vajra","Happy Flower","Blue Candle","Sozu","Tiny Chest","Whetstone","Red Mask","Bottled Lightning","WingedGreaves","Juzu Bracelet","Pandora\u0027s Box","Toolbox","Ninja Scroll"],"potions_floor_usage":[16,16,40],"damage_taken":[{"damage":0,"enemies":"Cultist","floor":1,"turns":1},{"damage":0,"enemies":"2 Louse","floor":2,"turns":1},{"damage":0,"enemies":"Small Slimes","floor":4,"turns":1},{"damage":14,"enemies":"3 Sentries","floor":6,"turns":8},{"damage":0,"enemies":"2 Fungi Beasts","floor":8,"turns":3},{"damage":7,"enemies":"Blue Slaver","floor":10,"turns":3},{"damage":5,"enemies":"Lots of Slimes","floor":11,"turns":3},{"damage":15,"enemies":"Lagavulin","floor":14,"turns":6},{"damage":52,"enemies":"Slime Boss","floor":16,"turns":10},{"damage":12,"enemies":"Spheric Guardian","floor":18,"turns":4},{"damage":6,"enemies":"Shell Parasite","floor":20,"turns":5},{"damage":7,"enemies":"3 Cultists","floor":21,"turns":6},{"damage":3,"enemies":"Snake Plant","floor":22,"turns":5},{"damage":11,"enemies":"Book of Stabbing","floor":23,"turns":6},{"damage":15,"enemies":"Masked Bandits","floor":25,"turns":5},{"damage":28,"enemies":"Gremlin Leader","floor":28,"turns":8},{"damage":1,"enemies":"Centurion and Healer","floor":29,"turns":7},{"damage":12,"enemies":"Slavers","floor":30,"turns":6},{"damage":15,"enemies":"Champ","floor":33,"turns":15},{"damage":33,"enemies":"3 Shapes","floor":35,"turns":3},{"damage":3,"enemies":"Orb Walker","floor":37,"turns":4},{"damage":30,"enemies":"Nemesis","floor":40,"turns":7},{"damage":20,"enemies":"Reptomancer","floor":41,"turns":2}],"seed_played":"-8560846397369512243","potions_obtained":[{"floor":6,"key":"Regen Potion"},{"floor":8,"key":"Explosive Potion"},{"floor":16,"key":"GamblersBrew"}],"is_trial":false,"path_per_floor":["M","M","$","M","?","E","R","M","T","M","M","$","?","E","R","B",null,"M","$","M","M","M","E","R","?","T","R","E","M","E","?","R","B",null,"M","$","M","?","$","E","E"],"character_chosen":"THE_SILENT","items_purchased":["Noxious Fumes","Vajra","Tiny Chest","Backflip","Toolbox"],"campfire_rested":0,"item_purchase_floors":[3,12,19,19,36],"current_hp_per_floor":[70,70,70,70,70,56,56,56,63,56,51,51,48,45,45,20,77,65,65,59,52,49,50,50,47,47,47,31,42,42,42,42,39,77,44,44,41,31,31,13,0],"gold":104,"neow_bonus":"THREE_ENEMY_KILL","is_prod":false,"is_daily":false,"chose_seed":false,"campfire_upgraded":5,"win_rate":0,"timestamp":1561045307,"path_taken":["M","M","?","?","?","E","R","M","T","M","?","$","?","E","R","BOSS","M","$","M","M","M","E","R","?","T","R","E","M","E","?","R","BOSS","M","?","M","?","$","E","E"],"build_version":"2019-01-23","purchased_purges":1,"victory":false,"max_hp_per_floor":[70,70,70,70,70,70,70,70,77,77,77,77,77,77,77,77,77,77,77,77,77,77,77,77,77,77,77,77,77,77,77,77,77,77,77,77,77,77,77,77,77],"card_choices":[{"not_picked":["Flying Knee","Deadly Poison"],"picked":"Dagger Spray","floor":1},{"not_picked":["Bane","PiercingWail"],"picked":"Deflect","floor":2},{"not_picked":["Finisher","Sucker Punch"],"picked":"Slice","floor":4},{"not_picked":["Catalyst","Blade Dance"],"picked":"Malaise","floor":6},{"not_picked":["Sucker Punch","Underhanded Strike"],"picked":"Terror","floor":8},{"not_picked":["Deadly Poison","Riddle With Holes"],"picked":"Sucker Punch","floor":10},{"not_picked":["PiercingWail","Skewer"],"picked":"Prepared","floor":11},{"not_picked":["Terror","Blade Dance"],"picked":"Acrobatics","floor":14},{"not_picked":["Grand Finale","Doppelganger"],"picked":"Glass Knife","floor":16},{"not_picked":["Deflect","Tactician"],"picked":"Footwork+1","floor":18},{"not_picked":["Acrobatics","Sucker Punch"],"picked":"Backflip","floor":20},{"not_picked":["Bane","Deadly Poison"],"picked":"Endless Agony","floor":21},{"not_picked":["Poisoned Stab","Prepared"],"picked":"Outmaneuver+1","floor":22},{"not_picked":["Reflex","Finisher"],"picked":"Escape Plan","floor":23},{"not_picked":["Setup","Dodge and Roll"],"picked":"Blur","floor":25},{"not_picked":["Finisher","Doppelganger"],"picked":"Blade Dance","floor":28},{"not_picked":["Cloak And Dagger","Outmaneuver"],"picked":"Dagger Throw+1","floor":29},{"not_picked":["PiercingWail","Quick Slash"],"picked":"Escape Plan+1","floor":30},{"not_picked":["Blur+1","Catalyst"],"picked":"Dagger Throw+1","floor":35},{"not_picked":["Endless Agony+1","Blade Dance+1"],"picked":"PiercingWail+1","floor":37},{"not_picked":["Dark Shackles","Discovery"],"picked":"Violence","floor":38},{"not_picked":["Enlightenment","Violence"],"picked":"Discovery","floor":38},{"not_picked":["The Bomb","Panacea"],"picked":"Magnetism","floor":38},{"not_picked":["Bane+1","Endless Agony+1"],"picked":"Cloak And Dagger","floor":40}],"player_experience":231920,"relics_obtained":[{"floor":6,"key":"Meat on the Bone"},{"floor":9,"key":"Strawberry"},{"floor":14,"key":"Blue Candle"},{"floor":23,"key":"Whetstone"},{"floor":25,"key":"Red Mask"},{"floor":26,"key":"Bottled Lightning"},{"floor":28,"key":"WingedGreaves"},{"floor":30,"key":"Juzu Bracelet"},{"floor":40,"key":"Ninja Scroll"}],"event_choices":[{"damage_healed":0,"gold_gain":0,"player_choice":"2 cards matched","damage_taken":0,"max_hp_gain":0,"max_hp_loss":0,"event_name":"Match and Keep!","floor":5,"gold_loss":0,"cards_obtained":["Bane","Burst"]},{"damage_healed":0,"gold_gain":0,"player_choice":"Success","damage_taken":3,"relics_obtained":["Happy Flower"],"max_hp_gain":0,"max_hp_loss":0,"event_name":"Scrap Ooze","floor":13,"gold_loss":0},{"damage_healed":0,"gold_gain":0,"player_choice":"Fought Bandits","damage_taken":0,"max_hp_gain":0,"max_hp_loss":0,"event_name":"Masked Bandits","floor":25,"gold_loss":0},{"damage_healed":0,"gold_gain":0,"player_choice":"Copied","damage_taken":0,"max_hp_gain":0,"max_hp_loss":0,"event_name":"Duplicator","floor":31,"gold_loss":0,"cards_obtained":["Burst"]},{"damage_healed":0,"gold_gain":0,"player_choice":"Memory 3","damage_taken":10,"max_hp_gain":0,"max_hp_loss":0,"event_name":"SensoryStone","floor":38,"gold_loss":0}],"is_beta":false,"boss_relics":[{"not_picked":["Empty Cage","HoveringKite"],"picked":"Sozu"},{"not_picked":["Fusion Hammer","Velvet Choker"],"picked":"Pandora\u0027s Box"}],"items_purged_floors":[36],"is_endless":false,"potions_floor_spawned":[6,8,16,21,23,25,33],"killed_by":"Reptomancer","ascension_level":0}