{"gold_per_floor":[115,190,208,220,234,268,240,275,324,13,13,28,55,55,55,153,153,163,18,28,28,28,28],"floor_reached":23,"playtime":1996,"items_purged":["Strike_G"],"score":286,"play_id":"9c96c3e2-804d-4253-8a7c-316f18e09f7a","local_time":"20190616190429","is_ascension_mode":false,"campfire_choices":[{"floor":11,"key":"REST"},{"data":"Blade Dance","floor":15,"key":"SMITH"}],"neow_cost":"NONE","seed_source_timestamp":184859020385600,"circlet_count":0,"master_deck":["Defend_G","Defend_G","Defend_G","Defend_G","Defend_G","Survivor","Neutralize","Blade Dance+1","Cloak And Dagger","Masterful Stab","Blur","Finisher","Dagger Spray","Slice","A Thousand Cuts","Blade Dance+1","Bite","Bite","Bite","Bite","Bite","RitualDagger"],"relics":["Ring of the Snake","NeowsBlessing","StoneCalendar","Thread and Needle","Happy Flower","TheAbacus","Gremlin Horn","Bag of Preparation","Philosopher\u0027s Stone","Anchor"],"potions_floor_usage":[6,6,13,13,13,16],"damage_taken":[{"damage":0,"enemies":"Jaw Worm","floor":1,"turns":1},{"damage":0,"enemies":"Cultist","floor":3,"turns":1},{"damage":0,"enemies":"Small Slimes","floor":4,"turns":1},{"damage":0,"enemies":"Blue Slaver","floor":5,"turns":4},{"damage":9,"enemies":"Gremlin Nob","floor":6,"turns":4},{"damage":13,"enemies":"Exordium Thugs","floor":7,"turns":5},{"damage":34,"enemies":"3 Sentries","floor":8,"turns":7},{"damage":0,"enemies":"2 Fungi Beasts","floor":12,"turns":3},{"damage":4,"enemies":"Lagavulin","floor":13,"turns":5},{"damage":0,"enemies":"Hexaghost","floor":16,"turns":9},{"damage":0,"enemies":"2 Thieves","floor":18,"turns":4},{"damage":0,"enemies":"Shell Parasite","floor":20,"turns":6},{"damage":57,"enemies":"Gremlin Leader","floor":23,"turns":6}],"seed_played":"8264801412469201001","potions_obtained":[{"floor":4,"key":"LiquidBronze"},{"floor":5,"key":"FearPotion"},{"floor":12,"key":"EntropicBrew"},{"floor":16,"key":"GamblersBrew"}],"is_trial":false,"path_per_floor":["M","?","M","M","M","E","M","E","T","$","R","M","E","?","R","B",null,"M","$","M","?","?","E"],"character_chosen":"THE_SILENT","items_purchased":["Finisher","TheAbacus","Anchor"],"campfire_rested":1,"item_purchase_floors":[10,10,19],"current_hp_per_floor":[70,59,59,59,59,50,37,3,3,3,24,24,20,20,20,20,70,70,70,70,49,43,0],"gold":28,"neow_bonus":"THREE_ENEMY_KILL","is_prod":false,"is_daily":false,"chose_seed":false,"campfire_upgraded":1,"win_rate":0.0,"timestamp":1560726269,"path_taken":["M","?","M","M","M","E","M","E","T","$","R","M","E","?","R","BOSS","M","$","?","?","?","E"],"build_version":"2019-01-23","purchased_purges":1,"victory":false,"max_hp_per_floor":[70,70,70,70,70,70,70,70,70,70,70,70,70,70,70,70,70,70,70,70,49,49,49],"card_choices":[{"not_picked":["Flying Knee","Dodge and Roll"],"picked":"Blade Dance","floor":1},{"not_picked":["Dagger Throw","Dodge and Roll"],"picked":"Cloak And Dagger","floor":3},{"not_picked":["Flying Knee","Backflip"],"picked":"Masterful Stab","floor":4},{"not_picked":["Night Terror","Leg Sweep"],"picked":"Slice","floor":5},{"not_picked":["Deadly Poison","Reflex","Crippling Poison"],"picked":"SKIP","floor":6},{"not_picked":["Underhanded Strike","Riddle With Holes","Dagger Throw"],"picked":"SKIP","floor":7},{"not_picked":["Backflip","Dodge and Roll"],"picked":"Blur","floor":8},{"not_picked":["Quick Slash","Choke"],"picked":"Dagger Spray","floor":12},{"not_picked":["Crippling Poison","Tactician"],"picked":"Slice","floor":13},{"not_picked":["Night Terror","Unload"],"picked":"A Thousand Cuts","floor":16},{"not_picked":["All Out Attack","Flying Knee","Backflip"],"picked":"SKIP","floor":18},{"not_picked":["Prepared","Cloak And Dagger"],"picked":"Blade Dance+1","floor":20}],"player_experience":75467,"relics_obtained":[{"floor":6,"key":"StoneCalendar"},{"floor":8,"key":"Thread and Needle"},{"floor":9,"key":"Happy Flower"},{"floor":13,"key":"Gremlin Horn"}],"event_choices":[{"damage_healed":0,"gold_gain":75,"player_choice":"Gather Gold","damage_taken":11,"max_hp_gain":0,"max_hp_loss":0,"event_name":"World of Goop","floor":2,"gold_loss":0},{"cards_removed":["Slice"],"damage_healed":0,"gold_gain":0,"player_choice":"Gave Card","damage_taken":0,"relics_obtained":["Bag of Preparation"],"max_hp_gain":0,"max_hp_loss":0,"event_name":"WeMeetAgain","floor":14,"gold_loss":0},{"damage_healed":0,"gold_gain":0,"player_choice":"Became a vampire","damage_taken":0,"max_hp_gain":0,"max_hp_loss":21,"event_name":"Vampires","floor":21,"gold_loss":0,"cards_obtained":["Bite","Bite","Bite","Bite","Bite"]},{"damage_healed":0,"gold_gain":0,"player_choice":"Joined the Cult","damage_taken":6,"max_hp_gain":0,"max_hp_loss":0,"event_name":"Nest","floor":22,"gold_loss":0,"cards_obtained":["RitualDagger"]}],"is_beta":false,"boss_relics":[{"not_picked":["Lizard Tail","Runic Dome"],"picked":"Philosopher\u0027s Stone"}],"items_purged_floors":[10],"is_endless":false,"potions_floor_spawned":[4,5,12,16],"killed_by":"Gremlin Leader","ascension_level":0}