{"path_per_floor":["M","M","?","M","?","R","E","R","T","$","E","M","M","M","R","B",null,"M","?","M","$","M","R","E","M","T","$","R","?","E","$","R","B",null,"M","M","$","M","M","E","?","E","T","M","?","M","$","M","R","B"],"character_chosen":"THE_SILENT","items_purchased":["Blood Vial","Flash of Steel","Oddly Smooth Stone","War Paint","Backflip"],"gold_per_floor":[118,138,213,227,227,227,268,268,268,29,60,75,99,122,122,245,245,263,188,163,88,113,113,157,177,200,55,55,55,99,99,99,219,219,244,259,6,31,51,90,0,43,43,57,57,78,28,51,51,51],"floor_reached":51,"campfire_rested":7,"playtime":10824,"current_hp_per_floor":[70,66,55,55,38,59,21,42,42,42,21,23,20,21,42,7,70,68,68,53,53,45,66,28,25,25,25,46,46,39,39,70,28,70,65,65,65,65,67,45,45,67,67,77,67,44,44,46,77,46],"items_purged":["Strike_G","Defend_G"],"gold":51,"play_id":"bb382635-134d-4220-978e-587e9e1333a1","is_prod":false,"is_daily":false,"campfire_rituals":0,"campfire_upgraded":0,"is_hardmode":false,"path_taken":["M","M","?","?","?","R","E","R","T","$","E","M","M","M","R","BOSS","M","?","?","?","M","R","E","M","T","$","R","?","E","$","R","BOSS","M","M","$","M","?","E","?","E","T","M","?","M","$","M","R","BOSS"],"build_version":"2018-01-18-PROD4","purchased_purges":2,"victory":true,"master_deck":["Defend_G","Defend_G","Defend_G","Defend_G","Strike_G","Strike_G","Survivor","Neutralize","Envenom","Sucker Punch","Deflect","Slice","Flash of Steel","Slice","Deflect","Leg Sweep","Footwork","After Image","Dash","Backflip","Flying Knee","Flying Knee","Dagger Throw","Madness","Escape Plan","Well Laid Plans","Venomology","Deflect","Infinite Blades","Quick Slash","Prepared","Escape Plan","Distraction","Blade Dance","Madness","Madness","Blur","Backflip","Acrobatics"],"max_hp_per_floor":[70,70,70,70,70,70,70,70,70,70,70,70,70,70,70,70,70,70,70,70,70,70,70,70,70,70,70,70,70,70,70,70,70,70,70,70,70,70,70,70,70,77,77,77,77,77,77,77,77,77],"relics":["Ring of the Snake","Golden Idol","Matryoshka","Darkstone Periapt","Centennial Puzzle","Blood Vial","Ornamental Fan","Black Star","Bag of Marbles","Bronze Scales","Snake Skull","Bag of Preparation","Oddly Smooth Stone","Regal Pillow","Molten Egg","Lizard Tail","War Paint","Juzu Bracelet","Lantern","Red Mask","Vajra","Strawberry","Calipers"],"campfire_meditates":0,"card_choices":[{"not_picked":["Acrobatics","Quick Slash"],"picked":"Envenom"},{"not_picked":["Eviscerate","Outmaneuver"],"picked":"Sucker Punch"},{"not_picked":["Outmaneuver","Malaise"],"picked":"Deflect"},{"not_picked":["Eviscerate","Dagger Spray"],"picked":"Slice"},{"not_picked":["Sucker Punch","Quick Slash"],"picked":"Slice"},{"not_picked":["Sucker Punch","Wraith Form"],"picked":"Deflect"},{"not_picked":["Riddle With Holes","Bane"],"picked":"Leg Sweep"},{"not_picked":["Crippling Poison","Calculated Gamble"],"picked":"Footwork"},{"not_picked":["Night Terror","Adrenaline"],"picked":"After Image"},{"not_picked":["Outmaneuver","Bane"],"picked":"Dash"},{"not_picked":["PiercingWail","Catalyst"],"picked":"Backflip"},{"not_picked":["Endless Agony","Acrobatics"],"picked":"Flying Knee"},{"not_picked":["Poisoned Stab","Outmaneuver"],"picked":"Flying Knee"},{"not_picked":["Crippling Poison","Outmaneuver"],"picked":"Dagger Throw"},{"not_picked":["Outmaneuver","Poisoned Stab"],"picked":"Well Laid Plans"},{"not_picked":["Wraith Form","Unload"],"picked":"Venomology"},{"not_picked":["Slice","Bane"],"picked":"Deflect"},{"not_picked":["Catalyst","Bane"],"picked":"Infinite Blades"},{"not_picked":["Choke","Deadly Poison"],"picked":"Quick Slash"},{"not_picked":["Quick Slash","Poisoned Stab"],"picked":"Prepared"},{"not_picked":["Masterful Stab","Venomology"],"picked":"Escape Plan"},{"not_picked":["Masterful Stab","All Out Attack"],"picked":"Distraction"},{"not_picked":["Quick Slash","Sucker Punch"],"picked":"Blade Dance"},{"not_picked":["Backstab","Slice"],"picked":"Blur"},{"not_picked":["Dagger Throw","Backstab"],"picked":"Acrobatics"}],"player_experience":33154,"potions_floor_usage":[39,40,42,42,42,44,50],"damage_taken":[{"damage":0.0,"enemies":"Small Slimes","floor":1.0,"turns":5.0},{"damage":4.0,"enemies":"Blue Slaver","floor":2.0,"turns":6.0},{"damage":0.0,"enemies":"Cultist","floor":4.0,"turns":4.0},{"damage":38.0,"enemies":"3 Sentries","floor":7.0,"turns":9.0},{"damage":23.0,"enemies":"Gremlin Nob","floor":11.0,"turns":5.0},{"damage":0.0,"enemies":"Large Slime","floor":12.0,"turns":7.0},{"damage":5.0,"enemies":"Exordium Wildlife","floor":13.0,"turns":4.0},{"damage":1.0,"enemies":"Gremlin Gang","floor":14.0,"turns":6.0},{"damage":37.0,"enemies":"The Guardian","floor":16.0,"turns":17.0},{"damage":2.0,"enemies":"Spheric Guardian","floor":18.0,"turns":14.0},{"damage":17.0,"enemies":"2 Thieves","floor":20.0,"turns":5.0},{"damage":10.0,"enemies":"Snecko","floor":22.0,"turns":11.0},{"damage":40.0,"enemies":"Slavers","floor":24.0,"turns":11.0},{"damage":5.0,"enemies":"Slaver and Parasite","floor":25.0,"turns":8.0},{"damage":9.0,"enemies":"Book of Stabbing","floor":30.0,"turns":6.0},{"damage":42.0,"enemies":"Collector","floor":33.0,"turns":11.0},{"damage":5.0,"enemies":"Orb Walker","floor":35.0,"turns":5.0},{"damage":2.0,"enemies":"3 Shapes","floor":36.0,"turns":9.0},{"damage":11.0,"enemies":"3 Darklings","floor":38.0,"turns":6.0},{"damage":0,"enemies":"Maw","floor":39,"turns":8},{"damage":24,"enemies":"Nemesis","floor":40,"turns":10},{"damage":8,"enemies":"Giant Head","floor":42,"turns":9},{"damage":6,"enemies":"Sphere and 2 Shapes","floor":44,"turns":6},{"damage":25,"enemies":"4 Shapes","floor":46,"turns":8},{"damage":0,"enemies":"3 Darklings","floor":48,"turns":9},{"damage":31,"enemies":"Time Eater","floor":50,"turns":18}],"event_choices":[{"event_name":"World of Goop","player_choice":"Gather Gold","floor":3.0,"damage_taken":0.0},{"event_name":"Golden Idol","player_choice":"Take Damage","floor":5.0,"damage_taken":0.0},{"event_name":"Beggar","player_choice":"Gave Gold","floor":19.0,"damage_taken":0.0},{"event_name":"Match and Keep!","player_choice":"2 cards matched","floor":29.0,"damage_taken":0.0},{"event_name":"Match and Keep!","player_choice":"2 cards matched","floor":29.0,"damage_taken":0.0},{"event_name":"Tomb of Lord Red Mask","player_choice":"Paid","floor":41,"damage_taken":0},{"event_name":"Winding Halls","player_choice":"Embrace Madness","floor":45,"damage_taken":0}],"boss_relics":[],"potions_floor_spawned":[2,4,11,14,22,25,33,36,38,40,42],"seed_played":"2887034482353553661","is_trial":false}