{"gold_per_floor":[119,137,150,150,164,193,193,204,250,250,31,46,46,121,121,221,221,234,251,196,213,213,244,255,255,278,278,40,59,82,124,136,252,264,290,317,355,367,399,423,447,492,504,535,77,77,77,102,102,102],"floor_reached":51,"playtime":4665,"items_purged":["Strike_R","Strike_R","Strike_R"],"score":949,"play_id":"865bb2d8-f7d1-4dee-bf7c-3bd690ef8395","local_time":"20190616012912","is_ascension_mode":true,"campfire_choices":[{"data":"1","floor":7.0,"key":"LIFT"},{"floor":10.0,"key":"REST"},{"floor":15.0,"key":"REST"},{"floor":25.0,"key":"REST"},{"floor":32.0,"key":"REST"},{"floor":47,"key":"REST"},{"floor":49,"key":"REST"}],"neow_cost":"TEN_PERCENT_HP_LOSS","seed_source_timestamp":0,"circlet_count":0,"master_deck":["Defend_R","Defend_R","Defend_R","Defend_R","Bash","Feed","Perfected Strike","Headbutt","Pommel Strike","Shockwave","Brutality","Blood for Blood","Demon Form","Offering","Pommel Strike+1","Armaments","Shrug It Off+1","Disarm","Immolate","Armaments","Impervious","Twin Strike+1","Flame Barrier+1","Apotheosis"],"special_seed":0,"relics":["Burning Blood","Girya","Question Card","Lantern","Centennial Puzzle","Oddly Smooth Stone","Sozu","Tiny Chest","Pear","Strawberry","Nilry\u0027s Codex","MawBank","Bronze Scales","Busted Crown","Blood Vial","Orichalcum","Red Skull","PreservedInsect","StoneCalendar"],"potions_floor_usage":[50,50],"damage_taken":[{"damage":6.0,"enemies":"Cultist","floor":1.0,"turns":3.0},{"damage":0.0,"enemies":"Small Slimes","floor":2.0,"turns":3.0},{"damage":3.0,"enemies":"2 Louse","floor":3.0,"turns":2.0},{"damage":12.0,"enemies":"Looter","floor":5.0,"turns":3.0},{"damage":27.0,"enemies":"Gremlin Nob","floor":6.0,"turns":4.0},{"damage":19.0,"enemies":"Large Slime","floor":8.0,"turns":5.0},{"damage":11.0,"enemies":"Red Slaver","floor":12.0,"turns":3.0},{"damage":38.0,"enemies":"Hexaghost","floor":16.0,"turns":7.0},{"damage":13.0,"enemies":"Chosen","floor":18.0,"turns":3.0},{"damage":19.0,"enemies":"3 Byrds","floor":19.0,"turns":4.0},{"damage":17.0,"enemies":"3 Cultists","floor":21.0,"turns":4.0},{"damage":42.0,"enemies":"Slavers","floor":23.0,"turns":6.0},{"damage":15.0,"enemies":"Cultist and Chosen","floor":24.0,"turns":4.0},{"damage":15.0,"enemies":"Snake Plant","floor":29.0,"turns":4.0},{"damage":5.0,"enemies":"Gremlin Leader","floor":31.0,"turns":4.0},{"damage":36.0,"enemies":"Champ","floor":33.0,"turns":9.0},{"damage":5.0,"enemies":"Orb Walker","floor":35.0,"turns":4.0},{"damage":6.0,"enemies":"3 Shapes","floor":36.0,"turns":1.0},{"damage":12.0,"enemies":"Transient","floor":39.0,"turns":5.0},{"damage":10.0,"enemies":"Maw","floor":40.0,"turns":5.0},{"damage":36.0,"enemies":"Sphere and 2 Shapes","floor":41.0,"turns":5.0},{"damage":26.0,"enemies":"Giant Head","floor":42.0,"turns":7.0},{"damage":7.0,"enemies":"3 Darklings","floor":44.0,"turns":2.0},{"damage":28,"enemies":"Reptomancer","floor":48,"turns":4},{"damage":53,"enemies":"Donu and Deca","floor":50,"turns":7}],"seed_played":"-8304487985210631772","potions_obtained":[{"floor":1.0,"key":"BloodPotion"},{"floor":2.0,"key":"LiquidBronze"},{"floor":6.0,"key":"SkillPotion"},{"floor":8.0,"key":"Weak Potion"},{"floor":16.0,"key":"Block Potion"}],"is_trial":false,"path_per_floor":["M","M","M","T","M","E","R","M","T","R","$","M","?","?","R","B",null,"M","M","?","M","?","E","M","R","T","?","$","M","T","E","R","B",null,"M","M","T","?","M","M","M","E","T","M","$","?","R","E","R","B",null],"character_chosen":"IRONCLAD","items_purchased":["Centennial Puzzle","Immolate","Apotheosis","PreservedInsect"],"campfire_rested":6,"item_purchase_floors":[11,28,45,45],"current_hp_per_floor":[75,75,75,75,69,48,48,38,38,61,61,56,49,38,61,36,68,61,51,51,40,67,41,35,63,70,54,54,45,45,46,76,46,87,91,94,94,94,90,88,63,45,45,46,46,46,79,59,92,47],"gold":102,"neow_bonus":"TRANSFORM_TWO_CARDS","is_prod":false,"is_daily":false,"chose_seed":false,"campfire_upgraded":0,"win_rate":0,"timestamp":1560662952,"path_taken":["M","M","M","?","M","E","R","?","T","R","$","M","?","?","R","BOSS","M","M","?","M","?","E","M","R","T","?","$","M","?","E","R","BOSS","M","M","?","?","M","M","M","E","T","?","$","?","R","E","R","BOSS"],"build_version":"2019-01-23","purchased_purges":3,"victory":true,"max_hp_per_floor":[75,75,75,75,75,75,75,78,78,78,78,78,78,78,78,78,78,78,81,81,81,81,91,94,94,101,101,101,101,101,101,101,101,101,104,107,107,107,107,107,110,110,110,110,110,110,110,110,110,110],"card_choices":[{"not_picked":["Fire Breathing","Combust"],"picked":"Headbutt","floor":1.0},{"not_picked":["Bloodletting","Flex"],"picked":"Pommel Strike","floor":2.0},{"not_picked":["Thunderclap","Flame Barrier"],"picked":"Shockwave","floor":3.0},{"not_picked":["Wild Strike","Clash"],"picked":"Brutality","floor":5.0},{"not_picked":["Clash","Dropkick","Warcry"],"picked":"SKIP","floor":6.0},{"not_picked":["Warcry","Hemokinesis","Bloodletting"],"picked":"Blood for Blood","floor":8.0},{"not_picked":["Rupture","Flex","True Grit"],"picked":"Demon Form","floor":12.0},{"not_picked":["Demon Form","Immolate","Juggernaut"],"picked":"Offering","floor":16.0},{"not_picked":["Wild Strike","Hemokinesis+1","Thunderclap+1"],"picked":"Pommel Strike+1","floor":18.0},{"not_picked":["Pommel Strike+1","Anger","Dual Wield+1"],"picked":"Armaments","floor":19.0},{"not_picked":["Second Wind","Twin Strike+1","Clash"],"picked":"Shrug It Off+1","floor":21.0},{"not_picked":["Body Slam","Wild Strike","Exhume","Feel No Pain"],"picked":"SKIP","floor":23.0},{"not_picked":["Wild Strike","Uppercut","Flex"],"picked":"Disarm","floor":24.0},{"not_picked":["Cleave","Anger","Warcry","Clothesline"],"picked":"SKIP","floor":29.0},{"not_picked":["Clash","Disarm","Anger"],"picked":"Armaments","floor":31.0},{"not_picked":["Demon Form","Juggernaut","Brutality"],"picked":"Impervious","floor":33.0},{"not_picked":["Dropkick+1"],"picked":"Twin Strike+1","floor":35.0},{"not_picked":["Wild Strike+1","Hemokinesis+1"],"picked":"SKIP","floor":36.0},{"not_picked":["Heavy Blade+1"],"picked":"Flame Barrier+1","floor":39.0},{"not_picked":["True Grit","Burning Pact"],"picked":"SKIP","floor":40.0},{"not_picked":["Perfected Strike+1","Flex+1"],"picked":"SKIP","floor":41.0},{"not_picked":["Immolate","Rampage+1"],"picked":"SKIP","floor":42.0},{"not_picked":["Anger","Iron Wave+1"],"picked":"SKIP","floor":44.0},{"not_picked":["Heavy Blade","Metallicize"],"picked":"SKIP","floor":48}],"player_experience":343499,"relics_obtained":[{"floor":4.0,"key":"Girya"},{"floor":6.0,"key":"Question Card"},{"floor":9.0,"key":"Lantern"},{"floor":23.0,"key":"Pear"},{"floor":26.0,"key":"Strawberry"},{"floor":27.0,"key":"Nilry\u0027s Codex"},{"floor":30.0,"key":"MawBank"},{"floor":31.0,"key":"Bronze Scales"},{"floor":37.0,"key":"Blood Vial"},{"floor":42.0,"key":"Orichalcum"},{"floor":43.0,"key":"Red Skull"},{"floor":48,"key":"StoneCalendar"}],"event_choices":[{"damage_healed":0.0,"max_hp_gain":0.0,"max_hp_loss":0.0,"gold_gain":0.0,"event_name":"Scrap Ooze","player_choice":"Success","floor":13.0,"gold_loss":0.0,"damage_taken":7.0,"relics_obtained":["Oddly Smooth Stone"]},{"damage_healed":0.0,"max_hp_gain":0.0,"max_hp_loss":0.0,"gold_gain":75.0,"event_name":"World of Goop","player_choice":"Gather Gold","floor":14.0,"gold_loss":0.0,"damage_taken":11.0},{"damage_healed":0.0,"max_hp_gain":0.0,"max_hp_loss":0.0,"gold_gain":0.0,"event_name":"Addict","player_choice":"Obtained Relic","floor":20.0,"gold_loss":85.0,"damage_taken":0.0,"relics_obtained":["Tiny Chest"]},{"damage_healed":27.0,"max_hp_gain":0.0,"max_hp_loss":0.0,"gold_gain":0.0,"event_name":"The Library","player_choice":"Heal","floor":22.0,"gold_loss":0.0,"damage_taken":0.0},{"damage_healed":0.0,"max_hp_gain":0.0,"max_hp_loss":0.0,"gold_gain":0.0,"event_name":"Cursed Tome","player_choice":"Obtained Book","floor":27.0,"gold_loss":0.0,"damage_taken":16.0},{"damage_healed":0.0,"max_hp_gain":0.0,"max_hp_loss":0.0,"gold_gain":0.0,"event_name":"Lab","player_choice":"Got Potions","floor":38.0,"gold_loss":0.0,"damage_taken":0.0},{"damage_healed":0,"gold_gain":0,"player_choice":"Ignored","damage_taken":0,"max_hp_gain":0,"max_hp_loss":0,"event_name":"Mysterious Sphere","floor":46,"gold_loss":0}],"is_beta":false,"boss_relics":[{"not_picked":["Tiny House","Astrolabe"],"picked":"Sozu"},{"not_picked":["Calling Bell","Velvet Choker"],"picked":"Busted Crown"}],"items_purged_floors":[11,28,45],"is_endless":false,"potions_floor_spawned":[1,2,6,8,16,18,19,21,24,36,39,40,48],"ascension_level":5}