{"gold_per_floor":[117,117,42,42,61,105,105,105,105,140,140,140,184,200,200,331,331,346,3,3,3,21,21,21,46,46,46,46,63,89,89,89,186,186,196,116,116,116,116,116,131,131,131,131],"floor_reached":44,"playtime":2661,"items_purged":["Injury","Masterful Stab"],"score":529,"play_id":"8a9b38f3-e926-450a-8d60-51d4c006e193","local_time":"20190505210224","is_ascension_mode":true,"campfire_choices":[{"data":"Neutralize","floor":8,"key":"SMITH"},{"floor":11,"key":"REST"},{"floor":15,"key":"REST"},{"floor":23,"key":"REST"},{"data":"Blade Dance","floor":27,"key":"SMITH"},{"data":"Blade Dance","floor":32,"key":"SMITH"},{"floor":40,"key":"REST"},{"floor":42,"key":"RECALL"}],"neow_cost":"NONE","seed_source_timestamp":1112863315947461,"circlet_count":0,"master_deck":["Defend_G","Defend_G","Defend_G","Defend_G","Defend_G","Strike_G","Strike_G+1","Strike_G+1","Survivor","Neutralize+1","Infinite Blades","Backflip","Deflect","Blade Dance+1","Infinite Blades","Bandage Up","Quick Slash","Deflect+1","Blade Dance+1","Cloak And Dagger","Burst","Accuracy+1","Madness","Madness"],"relics":["Ring of the Snake","NeowsBlessing","Bloody Idol","Omamori","Dream Catcher","Bottled Tornado","Kunai","Pen Nib","Whetstone","White Beast Statue","Bronze Scales","The Courier","Meat on the Bone","Matryoshka","WristBlade","Sundial","Question Card"],"potions_floor_usage":[10,10,25,25,25,29,30,33,33,33,44],"damage_taken":[{"damage":0,"enemies":"2 Louse","floor":1,"turns":1},{"damage":0,"enemies":"Small Slimes","floor":5,"turns":1},{"damage":0,"enemies":"3 Sentries","floor":6,"turns":1},{"damage":22,"enemies":"Lagavulin","floor":10,"turns":6},{"damage":17,"enemies":"Gremlin Nob","floor":13,"turns":5},{"damage":0,"enemies":"Jaw Worm","floor":14,"turns":3},{"damage":33,"enemies":"The Guardian","floor":16,"turns":15},{"damage":28,"enemies":"Spheric Guardian","floor":18,"turns":6},{"damage":6,"enemies":"Chosen","floor":22,"turns":5},{"damage":6,"enemies":"Gremlin Leader","floor":25,"turns":11},{"damage":19,"enemies":"Centurion and Healer","floor":29,"turns":5},{"damage":4,"enemies":"Book of Stabbing","floor":30,"turns":6},{"damage":22,"enemies":"Champ","floor":33,"turns":15},{"damage":45,"enemies":"3 Darklings","floor":35,"turns":5},{"damage":10,"enemies":"Orb Walker","floor":41,"turns":4},{"damage":62,"enemies":"Nemesis","floor":44,"turns":7}],"seed_played":"8846764301275119565","potions_obtained":[{"floor":5,"key":"SkillPotion"},{"floor":6,"key":"Poison Potion"},{"floor":13,"key":"GamblersBrew"},{"floor":18,"key":"EssenceOfSteel"},{"floor":22,"key":"EntropicBrew"},{"floor":25,"key":"LiquidBronze"},{"floor":29,"key":"EssenceOfSteel"},{"floor":30,"key":"SkillPotion"},{"floor":33,"key":"Fire Potion"},{"floor":35,"key":"PowerPotion"},{"floor":41,"key":"Fire Potion"}],"is_trial":false,"path_per_floor":["M","?","$","?","M","E","?","R","T","E","R","T","E","M","R","B",null,"M","$","?","?","M","R","?","E","T","R","$","M","E","T","R","B",null,"M","$","?","?","?","R","M","R","T","E"],"character_chosen":"THE_SILENT","items_purchased":["Blade Dance","Bronze Scales","Infinite Blades","Bandage Up"],"campfire_rested":4,"item_purchase_floors":[19,19,19,19],"current_hp_per_floor":[70,70,70,70,70,70,52,52,52,30,51,51,34,34,55,22,70,42,42,42,42,45,66,66,69,69,69,69,55,60,60,60,47,70,46,46,46,37,37,58,57,57,57,0],"gold":131,"neow_bonus":"THREE_ENEMY_KILL","is_prod":false,"is_daily":false,"chose_seed":false,"campfire_upgraded":3,"win_rate":0,"timestamp":1557054144,"path_taken":["M","?","$","?","M","E","?","R","T","E","R","?","E","M","R","BOSS","M","$","?","?","M","R","?","E","T","R","?","M","E","?","R","BOSS","M","$","?","?","?","R","?","R","T","E"],"build_version":"2019-01-23","purchased_purges":2,"victory":false,"max_hp_per_floor":[70,70,70,70,70,70,70,70,70,70,70,70,70,70,70,70,70,70,70,70,70,70,70,70,70,70,70,70,70,70,70,70,70,70,70,70,70,70,70,70,70,70,70,70],"card_choices":[{"not_picked":["Dagger Spray","Well Laid Plans","Dagger Throw"],"picked":"SKIP","floor":1},{"not_picked":["Bane","PiercingWail","Dagger Throw"],"picked":"SKIP","floor":5},{"not_picked":["All Out Attack","Tools of the Trade"],"picked":"Infinite Blades","floor":6},{"not_picked":["PiercingWail","Blur","Burst"],"picked":"SKIP","floor":10},{"not_picked":["Prepared","Glass Knife","Well Laid Plans"],"picked":"SKIP","floor":13},{"not_picked":["Poisoned Stab","Masterful Stab","Quick Slash"],"picked":"SKIP","floor":14},{"not_picked":["Slice","Poisoned Stab"],"picked":"Backflip","floor":15},{"not_picked":["Underhanded Strike","PiercingWail+1"],"picked":"Deflect","floor":18},{"not_picked":["Bouncing Flask","Heel Hook"],"picked":"Deflect+1","floor":22},{"not_picked":["A Thousand Cuts","Backflip"],"picked":"Blade Dance","floor":23},{"not_picked":["Prepared","Bane","Dash"],"picked":"SKIP","floor":25},{"not_picked":["Endless Agony","Deflect","Prepared"],"picked":"SKIP","floor":29},{"not_picked":["Dash+1","Sucker Punch"],"picked":"Cloak And Dagger","floor":30},{"not_picked":["Storm of Steel","Corpse Explosion"],"picked":"Burst","floor":33},{"not_picked":["Underhanded Strike+1","Backflip"],"picked":"Accuracy+1","floor":35},{"not_picked":["Bane+1","Flechettes+1","Night Terror"],"picked":"SKIP","floor":41}],"player_experience":368566,"relics_obtained":[{"floor":6,"key":"Omamori"},{"floor":9,"key":"Bottled Tornado"},{"floor":10,"key":"Kunai"},{"floor":12,"key":"Pen Nib"},{"floor":13,"key":"Whetstone"},{"floor":25,"key":"The Courier"},{"floor":30,"key":"Meat on the Bone"},{"floor":31,"key":"Matryoshka"},{"floor":43,"key":"Sundial"},{"floor":43,"key":"Question Card"}],"event_choices":[{"damage_healed":0,"gold_gain":0,"player_choice":"Take Wound","damage_taken":0,"relics_obtained":["Golden Idol"],"max_hp_gain":0,"max_hp_loss":0,"event_name":"Golden Idol","floor":2,"gold_loss":0,"cards_obtained":["Injury"]},{"damage_healed":0,"gold_gain":0,"player_choice":"Ignored","damage_taken":0,"max_hp_gain":0,"max_hp_loss":0,"event_name":"Golden Wing","floor":4,"gold_loss":0},{"damage_healed":0,"gold_gain":0,"player_choice":"Success","damage_taken":18,"relics_obtained":["Dream Catcher"],"max_hp_gain":0,"max_hp_loss":0,"event_name":"Scrap Ooze","floor":7,"gold_loss":0},{"damage_healed":0,"gold_gain":0,"player_choice":"Gave Idol","damage_taken":0,"relics_obtained":["Bloody Idol"],"max_hp_gain":0,"max_hp_loss":0,"event_name":"Forgotten Altar","floor":20,"relics_lost":["Golden Idol"],"gold_loss":0},{"damage_healed":0,"gold_gain":0,"cards_transformed":["Strike_G","Strike_G"],"player_choice":"Became Test Subject","damage_taken":0,"max_hp_gain":0,"max_hp_loss":0,"event_name":"Drug Dealer","floor":21,"gold_loss":0,"cards_obtained":["Quick Slash","Masterful Stab"]},{"damage_healed":0,"gold_gain":0,"player_choice":"Ignored","damage_taken":0,"max_hp_gain":0,"max_hp_loss":0,"event_name":"Vampires","floor":24,"gold_loss":0},{"damage_healed":0,"gold_gain":0,"player_choice":"Ignored","damage_taken":0,"max_hp_gain":0,"max_hp_loss":0,"event_name":"Mysterious Sphere","floor":37,"gold_loss":0},{"damage_healed":0,"gold_gain":0,"player_choice":"Embrace Madness","damage_taken":9,"max_hp_gain":0,"max_hp_loss":0,"event_name":"Winding Halls","floor":38,"gold_loss":0,"cards_obtained":["Madness","Madness"]},{"damage_healed":0,"gold_gain":0,"player_choice":"Ignored","damage_taken":0,"max_hp_gain":0,"max_hp_loss":0,"event_name":"SecretPortal","floor":39,"gold_loss":0}],"is_beta":false,"boss_relics":[{"not_picked":["Runic Dome","Runic Pyramid"],"picked":"White Beast Statue"},{"not_picked":["Coffee Dripper","Philosopher\u0027s Stone"],"picked":"WristBlade"}],"items_purged_floors":[3,36],"is_endless":false,"potions_floor_spawned":[5,6,13,18,22,25,29,30,33,35,41],"killed_by":"Nemesis","ascension_level":2}