{"gold_per_floor":[110,126,146,162,162,192,192,212,212,142,154,154,182,192,192,291,291,306,325,22,22,33,33],"floor_reached":23,"playtime":1051,"items_purged":[],"score":246,"play_id":"366d3238-f6cb-486b-b837-e4461e8aa6ca","local_time":"20190609164437","is_ascension_mode":true,"campfire_choices":[{"data":"Uppercut","floor":12,"key":"SMITH"},{"data":"Metallicize","floor":15,"key":"SMITH"}],"neow_cost":"NONE","seed_source_timestamp":1889909237576733,"circlet_count":0,"master_deck":["Strike_R","Strike_R","Strike_R","Strike_R","Strike_R","Defend_R","Defend_R","Defend_R","Defend_R","Bash","Shockwave","Armaments","Metallicize+1","Blood for Blood","Uppercut+1","Spot Weakness","Metallicize+1","Havoc","Dark Embrace+1","Flame Barrier","Shrug It Off","Warcry","Carnage","Evolve+1","True Grit","Wild Strike+1"],"relics":["Burning Blood","NeowsBlessing","Bottled Tornado","Ginger","Frozen Egg 2","Orrery","Red Skull","Bag of Marbles"],"potions_floor_usage":[16],"damage_taken":[{"damage":0,"enemies":"2 Louse","floor":1,"turns":1},{"damage":0,"enemies":"Cultist","floor":2,"turns":1},{"damage":0,"enemies":"Small Slimes","floor":3,"turns":1},{"damage":20,"enemies":"2 Fungi Beasts","floor":4,"turns":5},{"damage":48,"enemies":"Gremlin Nob","floor":6,"turns":6},{"damage":3,"enemies":"Exordium Wildlife","floor":8,"turns":4},{"damage":8,"enemies":"Looter","floor":11,"turns":3},{"damage":23,"enemies":"3 Sentries","floor":13,"turns":8},{"damage":2,"enemies":"Blue Slaver","floor":14,"turns":4},{"damage":59,"enemies":"Slime Boss","floor":16,"turns":14},{"damage":6,"enemies":"3 Byrds","floor":18,"turns":5},{"damage":17,"enemies":"Chosen","floor":19,"turns":7},{"damage":26,"enemies":"Snake Plant","floor":22,"turns":4},{"damage":58,"enemies":"Slavers","floor":23,"turns":3}],"seed_played":"5833873908522591520","potions_obtained":[{"floor":1,"key":"SpeedPotion"},{"floor":11,"key":"FearPotion"},{"floor":14,"key":"BloodPotion"},{"floor":16,"key":"EssenceOfSteel"}],"is_trial":false,"path_per_floor":["M","M","M","M","?","E","?","M","T","$","M","R","E","M","R","B",null,"M","M","$","?","M","E"],"character_chosen":"IRONCLAD","items_purchased":["Spot Weakness","Red Skull","Bag of Marbles"],"campfire_rested":0,"item_purchase_floors":[10,20,20],"current_hp_per_floor":[80,80,80,66,66,24,80,80,80,80,78,78,61,65,65,20,80,80,69,69,69,49,0],"gold":33,"neow_bonus":"THREE_ENEMY_KILL","is_prod":false,"is_daily":false,"chose_seed":false,"campfire_upgraded":2,"win_rate":0,"timestamp":1560062677,"path_taken":["M","M","M","M","?","E","?","?","T","?","?","R","E","M","R","BOSS","M","M","$","?","M","E"],"build_version":"2019-01-23","purchased_purges":0,"victory":false,"max_hp_per_floor":[80,80,80,80,80,80,80,80,80,80,80,80,80,80,80,80,80,80,80,80,80,80,80],"card_choices":[{"not_picked":["Flex","Heavy Blade"],"picked":"Sentinel","floor":1},{"not_picked":["Clash","Inflame"],"picked":"Shockwave","floor":2},{"not_picked":["Fire Breathing","Havoc"],"picked":"Armaments","floor":3},{"not_picked":["Reckless Charge","Intimidate"],"picked":"Metallicize","floor":4},{"not_picked":["Hemokinesis","Power Through"],"picked":"Blood for Blood","floor":6},{"not_picked":["Metallicize","Body Slam"],"picked":"Uppercut","floor":8},{"not_picked":["Spot Weakness","Clash","Ghostly Armor"],"picked":"SKIP","floor":11},{"not_picked":["Reaper","True Grit"],"picked":"Metallicize","floor":13},{"not_picked":["Shrug It Off","Fire Breathing+1"],"picked":"Havoc","floor":14},{"not_picked":["Exhume","Double Tap"],"picked":"Dark Embrace+1","floor":16},{"not_picked":["Perfected Strike","Warcry"],"picked":"Flame Barrier","floor":17},{"not_picked":["Heavy Blade","Rampage"],"picked":"Shrug It Off","floor":17},{"not_picked":["Dual Wield","Iron Wave"],"picked":"Warcry","floor":17},{"not_picked":["Warcry","Headbutt"],"picked":"Carnage","floor":17},{"not_picked":["Twin Strike","Brutality+1"],"picked":"Evolve+1","floor":18},{"not_picked":["Whirlwind","Wild Strike"],"picked":"True Grit","floor":19},{"not_picked":["Armaments","Hemokinesis"],"picked":"Wild Strike+1","floor":22}],"player_experience":442445,"relics_obtained":[{"floor":6,"key":"Bottled Tornado"},{"floor":9,"key":"Ginger"},{"floor":13,"key":"Frozen Egg 2"}],"event_choices":[{"damage_healed":0,"gold_gain":0,"player_choice":"Ignored","damage_taken":0,"max_hp_gain":0,"max_hp_loss":0,"event_name":"Liars Game","floor":5,"gold_loss":0},{"cards_removed":["Sentinel"],"damage_healed":56,"gold_gain":0,"player_choice":"Offered Uncommon","damage_taken":0,"max_hp_gain":0,"max_hp_loss":0,"event_name":"Bonfire Elementals","floor":7,"gold_loss":0},{"damage_healed":0,"gold_gain":0,"player_choice":"Ignored","damage_taken":0,"max_hp_gain":0,"max_hp_loss":0,"event_name":"Ghosts","floor":21,"gold_loss":0}],"is_beta":false,"boss_relics":[{"not_picked":["White Beast Statue","Velvet Choker"],"picked":"Orrery"}],"items_purged_floors":[],"is_endless":false,"potions_floor_spawned":[1,11,14,16,22],"killed_by":"Slavers","ascension_level":4}