{"gold_per_floor":[118,118,193,193,209,209,232,9,33,33,33,56,80,104,104,234,234,249,270,270,270,288,288,288],"floor_reached":24,"playtime":1156,"items_purged":[],"score":197,"play_id":"bae82e30-7bab-4b30-9c10-514f9715c226","local_time":"20190330115231","is_ascension_mode":true,"campfire_choices":[{"data":"Zap","floor":6,"key":"SMITH"},{"data":"Sunder","floor":15,"key":"SMITH"},{"data":"Sweeping Beam","floor":23,"key":"SMITH"}],"neow_cost":"NONE","seed_source_timestamp":751977553371812,"circlet_count":0,"master_deck":["Strike_B","Strike_B","Strike_B","Strike_B","Defend_B","Defend_B","Defend_B","Defend_B","Zap+1","Dualcast","Conserve Battery","Injury","Sweeping Beam+1","Loop","Sunder+1","Glacier","Core Surge","Conserve Battery","Writhe"],"relics":["Coffee Dripper","Golden Idol","Lantern","Eternal Feather","Juzu Bracelet"],"potions_floor_usage":[16,18],"damage_taken":[{"damage":0,"enemies":"2 Louse","floor":1,"turns":1},{"damage":6,"enemies":"Jaw Worm","floor":5,"turns":2},{"damage":3,"enemies":"Small Slimes","floor":7,"turns":4},{"damage":6,"enemies":"Exordium Wildlife","floor":12,"turns":4},{"damage":0,"enemies":"Large Slime","floor":13,"turns":4},{"damage":10,"enemies":"Looter","floor":14,"turns":2},{"damage":47,"enemies":"Slime Boss","floor":16,"turns":11},{"damage":16,"enemies":"Spheric Guardian","floor":18,"turns":4},{"damage":15,"enemies":"Shell Parasite","floor":19,"turns":6},{"damage":2,"enemies":"Colosseum Slavers","floor":20,"turns":6},{"damage":22,"enemies":"Snake Plant","floor":22,"turns":5},{"damage":30,"enemies":"Masked Bandits","floor":24,"turns":3}],"seed_played":"5921158638059625764","potions_obtained":[{"floor":5,"key":"SkillPotion"},{"floor":13,"key":"Weak Potion"},{"floor":14,"key":"Energy Potion"},{"floor":22,"key":"EssenceOfSteel"}],"is_trial":false,"path_per_floor":["M","?","?","?","M","R","M","$","T","?","$","M","M","M","R","B",null,"M","M","?","?","M","R","?"],"character_chosen":"DEFECT","items_purchased":["Loop","Lantern"],"campfire_rested":0,"item_purchase_floors":[8,8],"current_hp_per_floor":[75,75,64,64,58,58,55,55,55,75,75,69,69,59,59,12,75,59,44,42,42,20,29,0],"gold":288,"neow_bonus":"BOSS_RELIC","is_prod":false,"is_daily":false,"chose_seed":false,"campfire_upgraded":3,"win_rate":0,"timestamp":1553907151,"path_taken":["M","?","?","?","M","R","M","$","T","?","?","?","M","M","R","BOSS","M","M","?","?","M","R","?"],"build_version":"2019-01-23","purchased_purges":0,"victory":false,"max_hp_per_floor":[75,75,75,75,75,75,75,75,75,75,75,75,75,75,75,75,75,75,75,75,75,75,75,75],"card_choices":[{"not_picked":["Turbo","Hologram"],"picked":"Conserve Battery","floor":1},{"not_picked":["Hologram","Turbo","Go for the Eyes"],"picked":"SKIP","floor":5},{"not_picked":["Doom and Gloom","Barrage"],"picked":"Sweeping Beam","floor":7},{"not_picked":["Redo","Blizzard"],"picked":"Sunder","floor":12},{"not_picked":["Fission","Go for the Eyes","Double Energy"],"picked":"SKIP","floor":13},{"not_picked":["Recycle","Auto Shields"],"picked":"Glacier","floor":14},{"not_picked":["Rainbow","Amplify"],"picked":"Core Surge","floor":16},{"not_picked":["Hologram","Coolheaded","Go for the Eyes"],"picked":"SKIP","floor":18},{"not_picked":["Blizzard","Redo"],"picked":"Conserve Battery","floor":19},{"not_picked":["Loop","Rebound","Steam Power+1"],"picked":"SKIP","floor":22}],"player_experience":286779,"relics_obtained":[],"event_choices":[{"damage_healed":0,"gold_gain":0,"player_choice":"Ignored","damage_taken":0,"max_hp_gain":0,"max_hp_loss":0,"event_name":"Golden Wing","floor":2,"gold_loss":0},{"damage_healed":0,"gold_gain":75,"player_choice":"Gather Gold","damage_taken":11,"max_hp_gain":0,"max_hp_loss":0,"event_name":"World of Goop","floor":3,"gold_loss":0},{"damage_healed":0,"gold_gain":0,"player_choice":"Take Wound","damage_taken":0,"relics_obtained":["Golden Idol"],"max_hp_gain":0,"max_hp_loss":0,"event_name":"Golden Idol","floor":4,"gold_loss":0,"cards_obtained":["Injury"]},{"damage_healed":25,"gold_gain":0,"player_choice":"Banana","damage_taken":0,"max_hp_gain":0,"max_hp_loss":0,"event_name":"Big Fish","floor":10,"gold_loss":0},{"damage_healed":0,"gold_gain":0,"player_choice":"Fight","damage_taken":0,"max_hp_gain":0,"max_hp_loss":0,"event_name":"Colosseum","floor":20,"gold_loss":0},{"damage_healed":0,"gold_gain":0,"player_choice":"Fled From Nobs","damage_taken":0,"max_hp_gain":0,"max_hp_loss":0,"event_name":"Colosseum","floor":20,"gold_loss":0},{"damage_healed":0,"gold_gain":0,"player_choice":"Opened","damage_taken":0,"relics_obtained":["Juzu Bracelet"],"max_hp_gain":0,"max_hp_loss":0,"event_name":"The Mausoleum","floor":21,"gold_loss":0,"cards_obtained":["Writhe"]},{"damage_healed":0,"gold_gain":0,"player_choice":"Fought Bandits","damage_taken":0,"max_hp_gain":0,"max_hp_loss":0,"event_name":"Masked Bandits","floor":24,"gold_loss":0}],"is_beta":false,"boss_relics":[{"not_picked":["Lizard Tail","Pandora\u0027s Box"],"picked":"Eternal Feather"}],"items_purged_floors":[],"is_endless":false,"potions_floor_spawned":[5,13,14,20,22],"killed_by":"Masked Bandits","ascension_level":1}