{"path_per_floor":["M","M","?","?","$","E","?","?","T","E","M","M","R","M","R","B",null,"M","$","M","M","M"],"character_chosen":"IRONCLAD","items_purchased":["Anchor","Second Wind"],"gold_per_floor":[116,126,201,201,56,83,83,83,83,117,128,142,142,156,156,261,261,273,130,144,160,176],"floor_reached":23,"campfire_rested":1,"playtime":2430,"current_hp_per_floor":[77,79,68,68,68,43,43,43,43,19,25,28,28,34,58,8,80,78,78,69,54,36],"items_purged":["Strike_R"],"gold":176,"play_id":"9665fb11-c4b1-4ce0-ae8d-b6c06d190f12","is_prod":false,"is_daily":false,"campfire_rituals":0,"campfire_upgraded":1,"is_hardmode":false,"path_taken":["M","M","?","?","$","E","?","?","T","E","M","M","R","M","R","BOSS","M","$","M","M","M","E"],"build_version":"2018-01-18-PROD4","purchased_purges":1,"victory":false,"master_deck":["Strike_R","Strike_R","Strike_R","Strike_R","Defend_R","Defend_R","Defend_R","Bash","Pommel Strike","Perfected Strike","Reckless Charge","Double Tap","Flex","Infernal Blade","Anger","Anger","Fiend Fire","Feel No Pain","Second Wind","Rage","Flame Barrier","Iron Wave"],"max_hp_per_floor":[80,80,80,80,80,80,80,80,80,80,80,80,80,80,80,80,80,80,80,80,80,80],"relics":["Burning Blood","Anchor","Oddly Smooth Stone","Bag of Marbles","Darkstone Periapt","Velvet Choker"],"campfire_meditates":0,"card_choices":[{"not_picked":["Feel No Pain","Sword Boomerang"],"picked":"Pommel Strike"},{"not_picked":["Shrug It Off","Burning Pact"],"picked":"Perfected Strike"},{"not_picked":["Corruption","Body Slam"],"picked":"Double Tap"},{"not_picked":["Shrug It Off","Warcry"],"picked":"Flex"},{"not_picked":["True Grit","Warcry"],"picked":"Infernal Blade"},{"not_picked":["Iron Wave","Thunderclap"],"picked":"Anger"},{"not_picked":["Cleave","Seeing Red"],"picked":"Anger"},{"not_picked":["Impervious","Reaper"],"picked":"Fiend Fire"},{"not_picked":["Combust","Sword Boomerang"],"picked":"Feel No Pain"},{"not_picked":["Fire Breathing","Clothesline"],"picked":"Rage"},{"not_picked":["Armaments","Thunderclap"],"picked":"Flame Barrier"},{"not_picked":["Combust","Sword Boomerang"],"picked":"Iron Wave"}],"player_experience":0,"potions_floor_usage":[],"damage_taken":[{"damage":9,"enemies":"2 Louse","floor":1,"turns":3},{"damage":4,"enemies":"Jaw Worm","floor":2,"turns":6},{"damage":31,"enemies":"Gremlin Nob","floor":6,"turns":5},{"damage":30,"enemies":"Lagavulin","floor":10,"turns":4},{"damage":0,"enemies":"Blue Slaver","floor":11,"turns":2},{"damage":3,"enemies":"Looter","floor":12,"turns":1},{"damage":0,"enemies":"2 Fungi Beasts","floor":14,"turns":1},{"damage":56,"enemies":"The Guardian","floor":16,"turns":7},{"damage":8,"enemies":"Shell Parasite","floor":18,"turns":2},{"damage":15,"enemies":"Chosen","floor":20,"turns":4},{"damage":21,"enemies":"Snake Plant","floor":21,"turns":3},{"damage":24,"enemies":"Centurion and Healer","floor":22,"turns":5},{"damage":41,"enemies":"Slavers","floor":23,"turns":4}],"event_choices":[{"event_name":"World of Goop","player_choice":"Gather Gold","floor":3,"damage_taken":0},{"event_name":"Transmorgrifier","player_choice":"Transform","floor":4,"damage_taken":0},{"event_name":"Living Wall","player_choice":"Grow","floor":7,"damage_taken":0},{"event_name":"Upgrade Shrine","player_choice":"Upgraded","floor":8,"damage_taken":0}],"boss_relics":[{"not_picked":["Cursed Key","Calling Bell"],"picked":"Velvet Choker"}],"potions_floor_spawned":[1,12,16,18],"seed_played":"795988217334850556","killed_by":"Slavers","is_trial":false}