{"gold_per_floor":[117,117,133,133,133,160,178,178,204,204,243,17,17,17,17,17],"floor_reached":16,"playtime":1320,"items_purged":["Strike_R"],"score":106,"play_id":"1ebabd86-b4b4-4e5d-bf1f-13c6b004923b","local_time":"20190616162805","is_ascension_mode":false,"campfire_choices":[{"data":"Body Slam","floor":10,"key":"SMITH"},{"data":"Searing Blow","floor":15,"key":"SMITH"}],"neow_cost":"NONE","seed_source_timestamp":176164811825900,"circlet_count":0,"master_deck":["Strike_R+1","Strike_R+1","Strike_R+1","Defend_R","Defend_R","Defend_R","Defend_R","Bash","Blood for Blood","Dual Wield+1","Shrug It Off","Power Through","Body Slam+1","Feel No Pain","Searing Blow+1","Body Slam","Flame Barrier"],"relics":["Burning Blood","Centennial Puzzle","Strawberry","Golden Idol","Happy Flower","Question Card","Whetstone"],"potions_floor_usage":[6],"damage_taken":[{"damage":2,"enemies":"Small Slimes","floor":1,"turns":4},{"damage":10,"enemies":"Cultist","floor":3,"turns":4},{"damage":21,"enemies":"Gremlin Nob","floor":6,"turns":5},{"damage":0,"enemies":"2 Louse","floor":7,"turns":3},{"damage":15,"enemies":"Lagavulin","floor":11,"turns":8},{"damage":43,"enemies":"Slime Boss","floor":16,"turns":6}],"seed_played":"-4031587092023354682","potions_obtained":[{"floor":1,"key":"PowerPotion"},{"floor":3,"key":"Weak Potion"},{"floor":11,"key":"FearPotion"}],"is_trial":false,"path_per_floor":["M","?","M","?","?","E","M","?","T","R","E","$","?","?","R","B"],"character_chosen":"IRONCLAD","items_purchased":["Whetstone"],"campfire_rested":0,"item_purchase_floors":[12],"current_hp_per_floor":[80,64,60,48,48,40,46,46,46,46,37,37,37,37,37,0],"gold":17,"neow_bonus":"THREE_CARDS","is_prod":false,"is_daily":false,"chose_seed":false,"campfire_upgraded":2,"win_rate":0.0,"timestamp":1560716885,"path_taken":["M","?","M","?","?","E","?","?","T","R","E","$","?","?","R","BOSS"],"build_version":"2019-01-23","purchased_purges":1,"victory":false,"max_hp_per_floor":[80,80,80,80,80,87,87,81,81,81,81,81,81,81,81,81],"card_choices":[{"not_picked":["Clothesline","Warcry"],"picked":"Blood for Blood","floor":0},{"not_picked":["Disarm","Sever Soul"],"picked":"Dual Wield","floor":1},{"not_picked":["Warcry","Clothesline"],"picked":"Shrug It Off","floor":3},{"not_picked":["Dropkick","Pommel Strike"],"picked":"Body Slam","floor":6},{"not_picked":["Body Slam","Flex"],"picked":"Feel No Pain","floor":7},{"not_picked":["Dual Wield","Ghostly Armor"],"picked":"Searing Blow","floor":11}],"player_experience":67047,"relics_obtained":[{"floor":6,"key":"Strawberry"},{"floor":9,"key":"Happy Flower"},{"floor":11,"key":"Question Card"}],"event_choices":[{"damage_healed":0,"gold_gain":0,"player_choice":"Entered Light","damage_taken":16,"max_hp_gain":0,"max_hp_loss":0,"event_name":"Shining Light","floor":2,"gold_loss":0,"cards_upgraded":["Dual Wield","Strike_R"]},{"damage_healed":0,"gold_gain":0,"player_choice":"Success","damage_taken":12,"relics_obtained":["Centennial Puzzle"],"max_hp_gain":0,"max_hp_loss":0,"event_name":"Scrap Ooze","floor":4,"gold_loss":0},{"damage_healed":0,"gold_gain":0,"cards_transformed":["Strike_R"],"player_choice":"Transformed","damage_taken":0,"max_hp_gain":0,"max_hp_loss":0,"event_name":"Transmorgrifier","floor":5,"gold_loss":0,"cards_obtained":["Power Through"]},{"damage_healed":0,"gold_gain":0,"player_choice":"Lose Max HP","damage_taken":0,"relics_obtained":["Golden Idol"],"max_hp_gain":0,"max_hp_loss":6,"event_name":"Golden Idol","floor":8,"gold_loss":0},{"damage_healed":0,"gold_gain":0,"player_choice":"Ignored","damage_taken":0,"max_hp_gain":0,"max_hp_loss":0,"event_name":"Liars Game","floor":13,"gold_loss":0},{"damage_healed":0,"gold_gain":0,"player_choice":"2 cards matched","damage_taken":0,"max_hp_gain":0,"max_hp_loss":0,"event_name":"Match and Keep!","floor":14,"gold_loss":0,"cards_obtained":["Body Slam","Flame Barrier"]}],"is_beta":false,"boss_relics":[],"items_purged_floors":[12],"is_endless":false,"potions_floor_spawned":[1,3,11],"killed_by":"Slime Boss","ascension_level":0}