{"path_per_floor":["M","M","?","?","$","M","R","M","T","E","R","E","M","M","R","B",null,"M","?","M","M","?","E","M","E","T","E","?","R","$","M","R","B",null,"M","?","$","?","$","?","E","M","T","E","M","?","E","M","R"],"character_chosen":"THE_SILENT","items_purchased":["Backflip","Mummified Hand","Noxious Fumes","Master of Strategy"],"gold_per_floor":[114,134,134,134,35,48,48,64,64,95,95,131,154,168,168,289,289,308,308,323,339,339,368,387,418,445,472,472,472,73,85,85,182,182,201,201,1,0,0,0,33,53,53,86,98,143,470,488,488],"floor_reached":50,"campfire_rested":2,"playtime":9611,"current_hp_per_floor":[69,69,52,52,52,52,70,70,70,65,65,56,55,50,50,14,70,70,70,70,70,70,70,70,49,54,47,47,68,68,70,70,62,70,70,70,70,70,70,60,47,54,54,61,68,70,70,70,70],"items_purged":["Strike_G","Clumsy"],"gold":488,"play_id":"0ab86bc6-65de-491a-aaac-c14ebb4a8ee3","is_prod":false,"is_daily":false,"is_ascension_mode":true,"campfire_upgraded":3,"path_taken":["M","?","?","?","$","M","R","M","T","E","R","E","M","M","R","BOSS","M","?","M","M","?","E","M","E","T","E","?","R","$","M","R","BOSS","M","?","$","?","$","?","E","M","T","E","M","?","E","M","R","BOSS"],"build_version":"2018-02-01-PROD3","purchased_purges":2,"victory":false,"master_deck":["Defend_G+1","Defend_G+1","Defend_G+1","Defend_G+1","Strike_G+1","Strike_G+1","Strike_G+1","Strike_G+1","Survivor","Neutralize+1","Deadly Poison","Infinite Blades+1","Backflip","Deflect","Heel Hook","Backstab","Deflect","Footwork","Prepared","After Image+1","Acrobatics+1","Deflect","Wraith Form","Leg Sweep","Sucker Punch+1","Blur+1","Night Terror","Infinite Blades+1","Noxious Fumes","Quick Slash+1","A Thousand Cuts","Terror","Master of Strategy","Madness","Madness","Poisoned Stab+1","Dodge and Roll+1","Doubt","Distraction+1","Leg Sweep+1","PiercingWail+1","Acrobatics+1","PiercingWail+1","Phantasmal Killer+1"],"max_hp_per_floor":[70,70,70,70,70,70,70,70,70,70,70,70,70,70,70,70,70,70,70,70,70,70,70,70,70,70,70,70,70,70,70,70,70,70,70,70,70,70,70,70,70,70,70,70,70,70,70,70,70],"relics":["Ring of the Snake","Bloody Idol","Orichalcum","Dodecahedron","Juzu Bracelet","Cursed Key","Snake Skull","Prayer Wheel","Anchor","Blood Vial","Mummified Hand","Snecko Eye","Red Mask","Shovel","Toxic Egg 2","Bronze Scales","Sundial","Old Coin","Unceasing Top"],"card_choices":[{"not_picked":["Eviscerate","Bane"],"picked":"Deadly Poison"},{"not_picked":["Calculated Gamble","Slice"],"picked":"Infinite Blades"},{"not_picked":["Eviscerate","Malaise"],"picked":"Deflect"},{"not_picked":["PiercingWail","Caltrops"],"picked":"Heel Hook"},{"not_picked":["Heel Hook","Quick Slash"],"picked":"Backstab"},{"not_picked":["Endless Agony","Corpse Explosion"],"picked":"Deflect"},{"not_picked":["Flying Knee","Acrobatics"],"picked":"Footwork"},{"not_picked":["Deflect","PiercingWail"],"picked":"Prepared"},{"not_picked":["Burst","Doppelganger"],"picked":"After Image"},{"not_picked":["Slice","Poisoned Stab"],"picked":"Acrobatics"},{"not_picked":["Outmaneuver","Prepared"],"picked":"Deflect"},{"not_picked":["PiercingWail","Dagger Throw"],"picked":"Wraith Form"},{"not_picked":["Backflip","PiercingWail"],"picked":"Leg Sweep"},{"not_picked":["Backstab","Flying Knee"],"picked":"Sucker Punch"},{"not_picked":["Deflect","Acrobatics"],"picked":"Blur"},{"not_picked":["Deflect","Deadly Poison"],"picked":"Night Terror"},{"not_picked":["Blur","Deadly Poison"],"picked":"Infinite Blades"},{"not_picked":["Deflect","PiercingWail"],"picked":"Quick Slash"},{"not_picked":["Doppelganger","After Image"],"picked":"A Thousand Cuts"},{"not_picked":["Deflect","Outmaneuver"],"picked":"Terror"},{"not_picked":["Deadly Poison","Doppelganger"],"picked":"Poisoned Stab"},{"not_picked":["Masterful Stab","Blade Dance"],"picked":"Dodge and Roll"},{"not_picked":["Riddle With Holes","Deadly Poison"],"picked":"Distraction"},{"not_picked":["Flechettes","Acrobatics"],"picked":"Leg Sweep"},{"not_picked":["Dodge and Roll","Outmaneuver"],"picked":"PiercingWail"},{"not_picked":["Flying Knee","PiercingWail"],"picked":"Acrobatics"},{"not_picked":["Outmaneuver","Endless Agony"],"picked":"PiercingWail"},{"not_picked":["Flying Knee","Quick Slash"],"picked":"Phantasmal Killer"}],"player_experience":82736,"potions_floor_usage":[8,10,12,21,23,24,25,27,45,47,50,50,50],"damage_taken":[{"damage":1,"enemies":"Blue Slaver","floor":1,"turns":6},{"damage":0,"enemies":"Cultist","floor":2,"turns":3},{"damage":0,"enemies":"Jaw Worm","floor":6,"turns":5},{"damage":0,"enemies":"Looter","floor":8,"turns":4},{"damage":5,"enemies":"3 Sentries","floor":10,"turns":7},{"damage":9,"enemies":"Lagavulin","floor":12,"turns":8},{"damage":1,"enemies":"Large Slime","floor":13,"turns":9},{"damage":5,"enemies":"Red Slaver","floor":14,"turns":4},{"damage":36,"enemies":"Hexaghost","floor":16,"turns":18},{"damage":0,"enemies":"Shell Parasite","floor":18,"turns":8},{"damage":0,"enemies":"Chosen","floor":20,"turns":7},{"damage":0,"enemies":"Centurion and Healer","floor":21,"turns":10},{"damage":0,"enemies":"Book of Stabbing","floor":23,"turns":8},{"damage":16,"enemies":"Slaver and Parasite","floor":24,"turns":8},{"damage":41,"enemies":"Gremlin Leader","floor":25,"turns":11},{"damage":12,"enemies":"Slavers","floor":27,"turns":11},{"damage":0,"enemies":"Chosen and Byrds","floor":31,"turns":7},{"damage":13,"enemies":"Champ","floor":33,"turns":11},{"damage":1,"enemies":"3 Shapes","floor":35,"turns":4},{"damage":20,"enemies":"2 Orb Walkers","floor":41,"turns":6},{"damage":0,"enemies":"Orb Walker","floor":42,"turns":2},{"damage":0,"enemies":"Giant Head","floor":44,"turns":10},{"damage":0,"enemies":"4 Shapes","floor":45,"turns":4},{"damage":0,"enemies":"Mysterious Sphere","floor":46,"turns":4},{"damage":3,"enemies":"2 Orb Walkers","floor":47,"turns":5},{"damage":0,"enemies":"Maw","floor":48,"turns":7},{"damage":76,"enemies":"Awakened One","floor":50,"turns":12}],"event_choices":[{"event_name":"Golden Idol","player_choice":"Take Damage","floor":3,"damage_taken":0},{"event_name":"The Lab","player_choice":"Got Potions","floor":4,"damage_taken":0},{"event_name":"Forgotten Altar","player_choice":"Gave Idol","floor":19,"damage_taken":0},{"event_name":"Drug Dealer","player_choice":"Ignored","floor":22,"damage_taken":0},{"event_name":"Back to Basics","player_choice":"Simplicity","floor":28,"damage_taken":0},{"event_name":"Tomb of Lord Red Mask","player_choice":"Paid","floor":38,"damage_taken":0},{"event_name":"Winding Halls","player_choice":"Embrace Madness","floor":40,"damage_taken":0},{"event_name":"Mysterious Sphere","player_choice":"Fight","floor":46,"damage_taken":0}],"boss_relics":[{"not_picked":["The Specimen","Runic Pyramid"],"picked":"Cursed Key"},{"not_picked":["Astrolabe","Eternal Feather"],"picked":"Snecko Eye"}],"potions_floor_spawned":[1,10,14,20,21,23,27,33,41,45,46,47],"seed_played":"-1626506981551701369","killed_by":"Awakened One","ascension_level":1,"is_trial":false}