{"gold_per_floor":[13,13,82,82,100,129,139,153,153,166,166,180,192,192,192,292,292,312,312,327,327,340,340],"floor_reached":23,"playtime":972,"items_purged":[],"score":302,"play_id":"e01f88c0-a78f-49e2-af48-2862eef2c77e","local_time":"20190623144853","is_ascension_mode":true,"campfire_choices":[{"floor":15,"key":"REST"}],"neow_cost":"NO_GOLD","seed_source_timestamp":854127886084045,"circlet_count":0,"master_deck":["AscendersBane","Strike_R","Strike_R","Strike_R","Strike_R","Defend_R","Defend_R","Defend_R","Defend_R","Bash+1","Mind Blast+1","Impatience","Headbutt","Iron Wave","Disarm","Carnage","Headbutt","Twin Strike","Whirlwind","Fiend Fire","Cleave","Metallicize","Headbutt"],"relics":["Burning Blood","Bronze Scales","Omamori","Dodecahedron","Question Card","Busted Crown"],"potions_floor_usage":[16,16,23],"damage_taken":[{"damage":12,"enemies":"Small Slimes","floor":1,"turns":3},{"damage":12,"enemies":"2 Louse","floor":5,"turns":3},{"damage":30,"enemies":"3 Sentries","floor":6,"turns":10},{"damage":1,"enemies":"Cultist","floor":7,"turns":3},{"damage":8,"enemies":"Blue Slaver","floor":8,"turns":2},{"damage":19,"enemies":"Red Slaver","floor":10,"turns":3},{"damage":8,"enemies":"Looter","floor":12,"turns":3},{"damage":10,"enemies":"2 Fungi Beasts","floor":13,"turns":3},{"damage":29,"enemies":"Hexaghost","floor":16,"turns":10},{"damage":2,"enemies":"3 Byrds","floor":18,"turns":4},{"damage":13,"enemies":"Shell Parasite","floor":20,"turns":3},{"damage":54,"enemies":"Sentry and Sphere","floor":22,"turns":5},{"damage":33,"enemies":"Slavers","floor":23,"turns":3}],"seed_played":"-6748335003128970334","potions_obtained":[{"floor":5,"key":"Weak Potion"},{"floor":7,"key":"PowerPotion"},{"floor":18,"key":"PowerPotion"},{"floor":22,"key":"SteroidPotion"}],"is_trial":false,"path_per_floor":["M","?","?","?","M","E","M","M","T","M","?","M","M","?","R","B",null,"M","?","M","?","M","E"],"character_chosen":"IRONCLAD","items_purchased":[],"campfire_rested":1,"item_purchase_floors":[],"current_hp_per_floor":[66,66,66,66,60,36,41,39,39,26,26,24,20,8,32,9,62,66,66,59,80,32,0],"gold":340,"neow_bonus":"RANDOM_COLORLESS_2","is_prod":false,"is_daily":false,"chose_seed":false,"campfire_upgraded":0,"win_rate":0,"timestamp":1561265333,"path_taken":["M","?","?","?","M","E","M","?","T","M","?","?","M","?","R","BOSS","M","?","M","?","?","E"],"build_version":"2019-01-23","purchased_purges":0,"victory":false,"max_hp_per_floor":[80,80,80,80,80,80,80,80,80,80,80,80,80,80,80,80,80,80,80,80,80,80,80],"card_choices":[{"not_picked":["Thunderclap","Twin Strike"],"picked":"Headbutt","floor":1},{"not_picked":["True Grit","Sword Boomerang"],"picked":"Iron Wave","floor":5},{"not_picked":["Brutality","Impervious"],"picked":"Disarm","floor":6},{"not_picked":["Anger","Wild Strike"],"picked":"Carnage","floor":7},{"not_picked":["Second Wind","Heavy Blade"],"picked":"Headbutt","floor":8},{"not_picked":["Flex","Havoc"],"picked":"Armaments","floor":10},{"not_picked":["Rage","Clash"],"picked":"Twin Strike","floor":12},{"not_picked":["Cleave","Pummel"],"picked":"Whirlwind","floor":13},{"not_picked":["Barricade","Double Tap","Dark Embrace"],"picked":"Fiend Fire","floor":16},{"not_picked":["Perfected Strike+1"],"picked":"Cleave","floor":18},{"not_picked":["Cleave"],"picked":"Metallicize","floor":20},{"not_picked":["Berserk"],"picked":"Headbutt","floor":22}],"player_experience":494137,"relics_obtained":[{"floor":6,"key":"Bronze Scales"},{"floor":9,"key":"Omamori"}],"event_choices":[{"damage_healed":0,"gold_gain":0,"player_choice":"Grow","damage_taken":0,"max_hp_gain":0,"max_hp_loss":0,"event_name":"Living Wall","floor":2,"gold_loss":0,"cards_upgraded":["Bash"]},{"damage_healed":0,"gold_gain":69,"player_choice":"Gained Gold","damage_taken":0,"max_hp_gain":0,"max_hp_loss":0,"event_name":"Golden Wing","floor":3,"gold_loss":0},{"damage_healed":0,"gold_gain":0,"player_choice":"Forge","damage_taken":0,"max_hp_gain":0,"max_hp_loss":0,"event_name":"Accursed Blacksmith","floor":4,"gold_loss":0,"cards_upgraded":["Mind Blast"]},{"cards_removed":["Armaments"],"damage_healed":0,"gold_gain":0,"player_choice":"Gave Card","damage_taken":0,"relics_obtained":["Dodecahedron"],"max_hp_gain":0,"max_hp_loss":0,"event_name":"WeMeetAgain","floor":11,"gold_loss":0},{"damage_healed":0,"gold_gain":0,"player_choice":"Success","damage_taken":12,"relics_obtained":["Question Card"],"max_hp_gain":0,"max_hp_loss":0,"event_name":"Scrap Ooze","floor":14,"gold_loss":0},{"cards_removed":["Strike_R"],"damage_healed":0,"gold_gain":0,"player_choice":"Elegance","damage_taken":0,"max_hp_gain":0,"max_hp_loss":0,"event_name":"Back to Basics","floor":19,"gold_loss":0},{"damage_healed":21,"gold_gain":0,"player_choice":"Full Heal","damage_taken":0,"max_hp_gain":0,"max_hp_loss":0,"event_name":"Wheel of Change","floor":21,"gold_loss":0}],"is_beta":false,"boss_relics":[{"not_picked":["Eternal Feather","Empty Cage"],"picked":"Busted Crown"}],"items_purged_floors":[],"is_endless":false,"potions_floor_spawned":[5,7,10,18,22],"killed_by":"Slavers","ascension_level":11}