{"path_per_floor":["M","$","M","M","M","R","M","M","T","R","?","E","M","M","R"],"character_chosen":"THE_SILENT","items_purchased":[],"gold_per_floor":[113,38,53,67,77,77,89,106,106,106,106,150,168,186,186],"floor_reached":16,"campfire_rested":2,"playtime":1600,"current_hp_per_floor":[70,70,70,70,69,69,62,49,49,70,70,9,18,9,30],"items_purged":["Defend_G"],"gold":186,"play_id":"dc63fc44-2cd2-4a57-ab76-f5ac395c5c8c","is_prod":false,"is_daily":false,"is_ascension_mode":false,"campfire_upgraded":1,"path_taken":["M","$","M","M","?","R","M","M","T","R","?","E","M","M","R","BOSS"],"build_version":"2018-02-01-PROD3","purchased_purges":1,"victory":false,"master_deck":["Defend_G","Defend_G","Defend_G","Defend_G","Strike_G","Strike_G","Strike_G","Strike_G","Strike_G","Survivor","Neutralize","Backflip","Infinite Blades+1","Dagger Spray","Outmaneuver","Dagger Spray","Slice","Injury","Dagger Spray","Flying Knee","Dagger Throw"],"max_hp_per_floor":[70,70,70,70,70,70,70,70,70,70,70,70,70,70,70],"relics":["Ring of the Snake","Ginger","Golden Idol","Happy Flower"],"card_choices":[{"not_picked":["Sucker Punch","Escape Plan"],"picked":"Backflip"},{"not_picked":["Dodge and Roll","Calculated Gamble"],"picked":"Infinite Blades"},{"not_picked":["Leg Sweep","Infinite Blades"],"picked":"Dagger Spray"},{"not_picked":["Calculated Gamble","Crippling Poison"],"picked":"Outmaneuver"},{"not_picked":["Eviscerate","Predator"],"picked":"Dagger Spray"},{"not_picked":["Accuracy","Acrobatics"],"picked":"Slice"},{"not_picked":["Heel Hook","Tools of the Trade"],"picked":"Dagger Spray"},{"not_picked":["Deadly Poison","Escape Plan"],"picked":"Flying Knee"},{"not_picked":["Underhanded Strike","Prepared"],"picked":"Dagger Throw"}],"player_experience":83389,"potions_floor_usage":[13,16],"damage_taken":[{"damage":0,"enemies":"Blue Slaver","floor":1,"turns":8},{"damage":0,"enemies":"Jaw Worm","floor":3,"turns":5},{"damage":0,"enemies":"Small Slimes","floor":4,"turns":6},{"damage":1,"enemies":"Exordium Wildlife","floor":5,"turns":7},{"damage":7,"enemies":"3 Louse","floor":7,"turns":3},{"damage":13,"enemies":"Exordium Thugs","floor":8,"turns":7},{"damage":61,"enemies":"Gremlin Nob","floor":12,"turns":6},{"damage":3,"enemies":"Red Slaver","floor":13,"turns":5},{"damage":9,"enemies":"Exordium Wildlife","floor":14,"turns":4},{"damage":31,"enemies":"Hexaghost","floor":16,"turns":11}],"event_choices":[{"event_name":"Golden Idol","player_choice":"Take Wound","floor":11,"damage_taken":0}],"boss_relics":[],"potions_floor_spawned":[3,4],"seed_played":"-4491265475991382327","killed_by":"Hexaghost","ascension_level":0,"is_trial":false}