{"gold_per_floor":[112,112,3,16,16,16,48,62,62,74,85,85,85,120,120,120],"floor_reached":16,"playtime":436,"items_purged":[],"score":220,"play_id":"7cd6c06a-c5c5-4897-afa4-10afec050c99","local_time":"20190620004213","is_ascension_mode":true,"campfire_choices":[{"data":"Cold Snap","floor":6,"key":"SMITH"},{"floor":12,"key":"REST"},{"floor":15,"key":"REST"}],"neow_cost":"PERCENT_DAMAGE","seed_source_timestamp":594036652866378,"circlet_count":0,"master_deck":["AscendersBane","Strike_B","Strike_B","Strike_B","Defend_B","Zap","Dualcast","Cold Snap+1","Conserve Battery","Skim","Core Surge","Barrage"],"relics":["Cracked Core","Pocketwatch","Singing Bowl","Incense Burner","Happy Flower"],"potions_floor_usage":[7,14],"damage_taken":[{"damage":1,"enemies":"Cultist","floor":1,"turns":3},{"damage":0,"enemies":"2 Louse","floor":4,"turns":2},{"damage":6,"enemies":"Gremlin Nob","floor":7,"turns":3},{"damage":0,"enemies":"Small Slimes","floor":8,"turns":3},{"damage":6,"enemies":"Blue Slaver","floor":10,"turns":3},{"damage":7,"enemies":"3 Louse","floor":11,"turns":2},{"damage":21,"enemies":"3 Sentries","floor":14,"turns":7},{"damage":46,"enemies":"Hexaghost","floor":16,"turns":9}],"seed_played":"5687735953775129816","potions_obtained":[{"floor":4,"key":"AttackPotion"},{"floor":7,"key":"Swift Potion"},{"floor":10,"key":"Energy Potion"}],"is_trial":false,"path_per_floor":["M","?","?","M","$","R","E","M","T","M","M","R","?","E","R","B"],"character_chosen":"DEFECT","items_purchased":[],"campfire_rested":2,"item_purchase_floors":[],"current_hp_per_floor":[45,45,45,45,45,45,39,41,41,35,30,52,45,24,46,0],"gold":120,"neow_bonus":"REMOVE_TWO","is_prod":false,"is_daily":false,"chose_seed":false,"campfire_upgraded":1,"win_rate":0,"timestamp":1560962533,"path_taken":["M","?","?","?","$","R","E","M","T","M","M","R","?","E","R","BOSS"],"build_version":"2019-01-23","purchased_purges":0,"victory":false,"max_hp_per_floor":[71,71,71,71,71,71,71,73,73,73,75,75,75,75,75,75],"card_choices":[{"not_picked":["Compile Driver","Beam Cell"],"picked":"Cold Snap","floor":1},{"not_picked":["Aggregate","Darkness"],"picked":"Conserve Battery","floor":4},{"not_picked":["Conserve Battery","Tempest"],"picked":"Skim","floor":7},{"not_picked":["Beam Cell","Hello World","Redo"],"picked":"Singing Bowl","floor":8},{"not_picked":["Leap","Streamline"],"picked":"Core Surge","floor":10},{"not_picked":["Double Energy","Force Field","Lockon"],"picked":"Singing Bowl","floor":11},{"not_picked":["Turbo","Conserve Battery"],"picked":"Barrage","floor":14}],"player_experience":718632,"relics_obtained":[{"floor":7,"key":"Singing Bowl"},{"floor":9,"key":"Incense Burner"},{"floor":14,"key":"Happy Flower"}],"event_choices":[{"cards_removed":["Defend_B"],"damage_healed":0,"gold_gain":0,"player_choice":"Forget","damage_taken":0,"max_hp_gain":0,"max_hp_loss":0,"event_name":"Living Wall","floor":2,"gold_loss":0},{"damage_healed":0,"gold_gain":0,"player_choice":"Paid Gold","damage_taken":0,"relics_obtained":["Pocketwatch"],"max_hp_gain":0,"max_hp_loss":0,"event_name":"WeMeetAgain","floor":3,"gold_loss":109},{"cards_removed":["Defend_B"],"damage_healed":0,"gold_gain":0,"player_choice":"Card Removal","damage_taken":7,"max_hp_gain":0,"max_hp_loss":0,"event_name":"Golden Wing","floor":13,"gold_loss":0}],"is_beta":false,"boss_relics":[],"items_purged_floors":[],"is_endless":false,"potions_floor_spawned":[4,7,10],"killed_by":"Hexaghost","ascension_level":20}