{"gold_per_floor":[116,126,126,143,156,184,184,208,220,232],"floor_reached":10,"playtime":319,"items_purged":[],"score":82,"play_id":"2b0bb30a-a198-4dfd-bcae-bcd63471ab6f","local_time":"20190610173346","is_ascension_mode":true,"campfire_choices":[{"floor":7,"key":"REST"}],"neow_cost":"NONE","seed_source_timestamp":1979988695737426,"circlet_count":0,"master_deck":["Strike_B","Strike_B","Strike_B","Strike_B","Defend_B","Defend_B","Defend_B","Defend_B","Zap","Dualcast","Darkness+1","Melter","Leap","Cold Snap","Redo"],"relics":["Cracked Core","Art of War","MawBank","Ornamental Fan"],"potions_floor_usage":[6,6],"damage_taken":[{"damage":2,"enemies":"2 Louse","floor":1,"turns":2},{"damage":9,"enemies":"Jaw Worm","floor":2,"turns":3},{"damage":7,"enemies":"Small Slimes","floor":4,"turns":3},{"damage":24,"enemies":"Exordium Thugs","floor":5,"turns":5},{"damage":16,"enemies":"3 Sentries","floor":6,"turns":5},{"damage":47,"enemies":"Gremlin Nob","floor":10,"turns":4}],"seed_played":"2205858970088024749","potions_obtained":[{"floor":0,"key":"Strength Potion"},{"floor":0,"key":"Fire Potion"},{"floor":0,"key":"Fire Potion"},{"floor":6,"key":"Fire Potion"}],"is_trial":false,"path_per_floor":["M","M","?","M","M","E","R","T","T","E"],"character_chosen":"DEFECT","items_purchased":[],"campfire_rested":1,"item_purchase_floors":[],"current_hp_per_floor":[73,64,64,57,33,17,39,39,39,0],"gold":232,"neow_bonus":"THREE_SMALL_POTIONS","is_prod":false,"is_daily":false,"chose_seed":false,"campfire_upgraded":0,"win_rate":0,"timestamp":1560152026,"path_taken":["M","M","?","M","M","E","R","?","T","E"],"build_version":"2019-01-23","purchased_purges":0,"victory":false,"max_hp_per_floor":[75,75,75,75,75,75,75,75,75,75],"card_choices":[{"not_picked":["Leap","Loop"],"picked":"Darkness","floor":1},{"not_picked":["Force Field","Barrage"],"picked":"Melter","floor":2},{"not_picked":["Coolheaded","Undo"],"picked":"Leap","floor":4},{"not_picked":["Steam","Leap"],"picked":"Cold Snap","floor":5},{"not_picked":["Ball Lightning","Coolheaded"],"picked":"Redo","floor":6}],"player_experience":454282,"relics_obtained":[{"floor":6,"key":"Art of War"},{"floor":8,"key":"MawBank"},{"floor":9,"key":"Ornamental Fan"}],"event_choices":[{"damage_healed":0,"gold_gain":0,"player_choice":"Grow","damage_taken":0,"max_hp_gain":0,"max_hp_loss":0,"event_name":"Living Wall","floor":3,"gold_loss":0,"cards_upgraded":["Darkness"]}],"is_beta":false,"boss_relics":[],"items_purged_floors":[],"is_endless":false,"potions_floor_spawned":[4,5,6],"killed_by":"Gremlin Nob","ascension_level":4}