{"gold_per_floor":[113,2,17,192,192,192,227,227,250,264,298,248,258,268,268,268],"floor_reached":16,"playtime":573,"items_purged":["Writhe"],"score":116,"play_id":"a3147767-17c7-4a47-8559-6972b608f8a3","local_time":"20190123193048","is_ascension_mode":true,"campfire_choices":[{"data":"Infernal Blade","floor":6,"key":"SMITH"},{"data":"Perfected Strike","floor":8,"key":"SMITH"},{"floor":15,"key":"REST"}],"neow_cost":"CURSE","seed_source_timestamp":1123985345945760,"circlet_count":0,"master_deck":["Strike_R","Strike_R","Strike_R","Strike_R","Strike_R","Defend_R","Defend_R","Defend_R","Defend_R","Bash","Perfected Strike+1","Infernal Blade+1","Flex","Doubt","Seeing Red","Rampage","Immolate","Clash"],"relics":["Burning Blood","Torii","Vajra","Nunchaku","Bronze Scales","Dream Catcher"],"potions_floor_usage":[7,16,16],"damage_taken":[{"damage":6,"enemies":"Cultist","floor":1,"turns":3},{"damage":1,"enemies":"Small Slimes","floor":3,"turns":3},{"damage":30,"enemies":"Gremlin Nob","floor":7,"turns":4},{"damage":6,"enemies":"Jaw Worm","floor":10,"turns":2},{"damage":33,"enemies":"Lagavulin","floor":11,"turns":4},{"damage":10,"enemies":"Looter","floor":13,"turns":2},{"damage":13,"enemies":"Red Slaver","floor":14,"turns":2},{"damage":47,"enemies":"The Guardian","floor":16,"turns":7}],"seed_played":"-3778373692349405542","potions_obtained":[{"floor":1,"key":"SteroidPotion"},{"floor":7,"key":"SkillPotion"},{"floor":10,"key":"PowerPotion"}],"is_trial":false,"path_per_floor":["M","$","M","?","?","R","E","R","T","M","E","?","M","M","R","B"],"character_chosen":"IRONCLAD","items_purchased":["Infernal Blade"],"campfire_rested":1,"item_purchase_floors":[2],"current_hp_per_floor":[80,80,80,80,80,80,56,56,56,56,29,29,25,18,42,0],"gold":268,"neow_bonus":"ONE_RARE_RELIC","is_prod":false,"is_daily":false,"chose_seed":false,"campfire_upgraded":2,"win_rate":0,"timestamp":1548232248,"path_taken":["M","$","M","?","?","R","E","R","T","M","E","?","M","M","R","BOSS"],"build_version":"2019-01-17v2","purchased_purges":1,"victory":false,"max_hp_per_floor":[80,80,80,80,80,80,80,80,80,80,80,80,80,80,80,80],"card_choices":[{"not_picked":["Second Wind","Intimidate"],"picked":"Perfected Strike","floor":1},{"not_picked":["Shrug It Off","Battle Trance"],"picked":"Flex","floor":3},{"not_picked":["Battle Trance","Second Wind","Whirlwind"],"picked":"SKIP","floor":7},{"not_picked":["Dropkick","Havoc"],"picked":"Seeing Red","floor":10},{"not_picked":["Combust","Rage"],"picked":"Rampage","floor":11},{"not_picked":["Body Slam","Armaments"],"picked":"Immolate","floor":13},{"not_picked":["Burning Pact","Heavy Blade","True Grit"],"picked":"SKIP","floor":14},{"not_picked":["Combust","Wild Strike"],"picked":"Clash","floor":15}],"player_experience":94664,"relics_obtained":[{"floor":7,"key":"Nunchaku"},{"floor":9,"key":"Bronze Scales"},{"floor":11,"key":"Dream Catcher"}],"event_choices":[{"damage_healed":0,"gold_gain":175,"player_choice":"AGREE","damage_taken":0,"max_hp_gain":0,"max_hp_loss":0,"event_name":"Liars Game","floor":4,"gold_loss":0,"cards_obtained":["Doubt"]},{"damage_healed":0,"gold_gain":0,"player_choice":"Box","damage_taken":0,"relics_obtained":["Vajra"],"max_hp_gain":0,"max_hp_loss":0,"event_name":"Big Fish","floor":5,"gold_loss":0,"cards_obtained":["Regret"]},{"cards_removed":["Regret"],"damage_healed":0,"gold_gain":0,"player_choice":"Card Removal","damage_taken":0,"max_hp_gain":0,"max_hp_loss":0,"event_name":"The Cleric","floor":12,"gold_loss":50}],"is_beta":false,"boss_relics":[],"items_purged_floors":[2],"is_endless":false,"potions_floor_spawned":[1,7,10],"killed_by":"The Guardian","ascension_level":1}