{"gold_per_floor":[116,116,116,134,152,196,196,156,156,180,180,200,234,247,247,376,376,395,408,408,5,56,96,109,109,109,109,109],"floor_reached":28,"playtime":2207,"items_purged":[],"score":275,"play_id":"4f8a1139-9fed-4e3a-a642-6773ae677a6c","local_time":"20190616170607","is_ascension_mode":false,"campfire_choices":[{"data":"Inflame","floor":7,"key":"SMITH"},{"data":"Clash","floor":11,"key":"SMITH"},{"floor":15,"key":"REST"}],"neow_cost":"NONE","seed_source_timestamp":177555233251700,"circlet_count":0,"master_deck":["Defend_R+1","Defend_R","Defend_R","Defend_R+1","Bash","Clash+1","Regret","Intimidate+1","Spot Weakness+1","Inflame+1","Thunderclap","Bloodletting+1","Demon Form","Entrench+1","Berserk","Flame Barrier+1","Power Through+1","Blood for Blood","Armaments+1","Pommel Strike","Bite","Bite","Bite","Bite","Bite"],"relics":["Burning Blood","Potion Belt","Golden Idol","Toxic Egg 2","Boot","Mummified Hand","Pocketwatch","Velvet Choker","Red Skull","PreservedInsect","Orichalcum","Bag of Preparation","Pantograph","War Paint"],"potions_floor_usage":[10,13,13,13,13,16,20,20,23,24],"damage_taken":[{"damage":6,"enemies":"Jaw Worm","floor":1,"turns":4},{"damage":13,"enemies":"2 Louse","floor":4,"turns":5},{"damage":3,"enemies":"Cultist","floor":5,"turns":4},{"damage":30,"enemies":"Lagavulin","floor":6,"turns":6},{"damage":10,"enemies":"Lots of Slimes","floor":10,"turns":3},{"damage":10,"enemies":"Red Slaver","floor":12,"turns":3},{"damage":19,"enemies":"Gremlin Nob","floor":13,"turns":3},{"damage":9,"enemies":"Exordium Wildlife","floor":14,"turns":4},{"damage":24,"enemies":"Slime Boss","floor":16,"turns":6},{"damage":42,"enemies":"Spheric Guardian","floor":18,"turns":5},{"damage":18,"enemies":"3 Byrds","floor":19,"turns":5},{"damage":17,"enemies":"Centurion and Healer","floor":20,"turns":4},{"damage":16,"enemies":"Book of Stabbing","floor":23,"turns":4},{"damage":11,"enemies":"Sentry and Sphere","floor":24,"turns":4},{"damage":18,"enemies":"Snake Plant","floor":28,"turns":1}],"seed_played":"2577342056676430833","potions_obtained":[{"floor":1,"key":"AttackPotion"},{"floor":8,"key":"Explosive Potion"},{"floor":8,"key":"SmokeBomb"},{"floor":8,"key":"FearPotion"},{"floor":10,"key":"AttackPotion"},{"floor":12,"key":"AttackPotion"},{"floor":14,"key":"AttackPotion"},{"floor":16,"key":"SpeedPotion"},{"floor":18,"key":"Ancient Potion"}],"is_trial":false,"path_per_floor":["M","?","?","M","M","E","R","?","T","M","R","M","E","M","R","B",null,"M","M","M","$","T","E","M","T","T","?","M"],"character_chosen":"IRONCLAD","items_purchased":["Red Skull","Regen Potion","PreservedInsect","Blood for Blood"],"campfire_rested":1,"item_purchase_floors":[21,21,21,21],"current_hp_per_floor":[80,74,74,67,70,46,46,46,46,42,42,38,25,22,44,26,74,38,26,15,15,15,14,9,9,9,9,0],"gold":109,"neow_bonus":"RANDOM_COMMON_RELIC","is_prod":false,"is_daily":false,"chose_seed":false,"campfire_upgraded":2,"win_rate":0.0,"timestamp":1560719167,"path_taken":["M","?","?","M","M","E","R","?","T","?","R","?","E","?","R","BOSS","M","?","M","$","?","E","M","?","T","?","M"],"build_version":"2019-01-23","purchased_purges":0,"victory":false,"max_hp_per_floor":[80,74,74,74,74,74,74,74,74,74,74,74,74,74,74,74,74,74,74,74,74,74,74,74,74,74,51,51],"card_choices":[{"not_picked":["Disarm","Clothesline"],"picked":"Clash","floor":1},{"not_picked":["Anger","Headbutt"],"picked":"Intimidate+1","floor":4},{"not_picked":["Clothesline","Iron Wave"],"picked":"Spot Weakness+1","floor":5},{"not_picked":["Thunderclap","Twin Strike"],"picked":"Inflame","floor":6},{"not_picked":["Clothesline","Clash"],"picked":"Thunderclap","floor":10},{"not_picked":["Iron Wave","Anger"],"picked":"Bloodletting+1","floor":12},{"not_picked":["Shockwave+1","Heavy Blade"],"picked":"Demon Form","floor":13},{"not_picked":["Sever Soul","Headbutt"],"picked":"Entrench+1","floor":14},{"not_picked":["Bludgeon","Fiend Fire"],"picked":"Berserk","floor":16},{"not_picked":["Searing Blow","Metallicize"],"picked":"Flame Barrier+1","floor":18},{"not_picked":["Feel No Pain","Sword Boomerang"],"picked":"Power Through+1","floor":19},{"not_picked":["Anger","Sword Boomerang"],"picked":"Armaments+1","floor":23},{"not_picked":["Rampage","Twin Strike"],"picked":"Pommel Strike","floor":24}],"player_experience":68367,"relics_obtained":[{"floor":6,"key":"Boot"},{"floor":9,"key":"Mummified Hand"},{"floor":13,"key":"Pocketwatch"},{"floor":22,"key":"Orichalcum"},{"floor":23,"key":"Bag of Preparation"},{"floor":25,"key":"Pantograph"},{"floor":26,"key":"War Paint"}],"event_choices":[{"damage_healed":0,"gold_gain":0,"player_choice":"Lose Max HP","damage_taken":0,"relics_obtained":["Golden Idol"],"max_hp_gain":0,"max_hp_loss":6,"event_name":"Golden Idol","floor":2,"gold_loss":0},{"damage_healed":0,"gold_gain":0,"player_choice":"Box","damage_taken":0,"relics_obtained":["Toxic Egg 2"],"max_hp_gain":0,"max_hp_loss":0,"event_name":"Big Fish","floor":3,"gold_loss":0,"cards_obtained":["Regret"]},{"damage_healed":0,"gold_gain":0,"player_choice":"Bought 3 Potions","damage_taken":0,"max_hp_gain":0,"max_hp_loss":0,"event_name":"The Woman in Blue","floor":8,"gold_loss":0},{"damage_healed":0,"gold_gain":0,"player_choice":"Became a vampire","damage_taken":0,"max_hp_gain":0,"max_hp_loss":23,"event_name":"Vampires","floor":27,"gold_loss":0,"cards_obtained":["Bite","Bite","Bite","Bite","Bite"]}],"is_beta":false,"boss_relics":[{"not_picked":["Astrolabe","Fusion Hammer"],"picked":"Velvet Choker"}],"items_purged_floors":[],"is_endless":false,"potions_floor_spawned":[1,10,12,14,16,18,20],"killed_by":"Snake Plant","ascension_level":0}