{"gold_per_floor":[118,118,131,131,141,172,192,192,238,257,257,272,285,296,296,296],"floor_reached":16,"playtime":620,"items_purged":[],"score":117,"play_id":"367365a1-ebb7-43e7-8e46-e24729546e12","local_time":"20190602140251","is_ascension_mode":true,"campfire_choices":[{"floor":8,"key":"REST"},{"floor":11,"key":"REST"},{"floor":15,"key":"REST"}],"neow_cost":"NONE","seed_source_timestamp":1275821227748420,"circlet_count":0,"master_deck":["Defend_G","Defend_G","Defend_G","Defend_G","Defend_G","Strike_G","Strike_G","Strike_G","Strike_G","Survivor","Neutralize","Accuracy","Cloak And Dagger","Skewer","Terror","Backflip","Quick Slash"],"relics":["Ring of the Snake","NeowsBlessing","Dodecahedron","Bronze Scales"],"potions_floor_usage":[],"damage_taken":[{"damage":0,"enemies":"Jaw Worm","floor":1,"turns":1},{"damage":0,"enemies":"Cultist","floor":3,"turns":1},{"damage":0,"enemies":"2 Louse","floor":5,"turns":1},{"damage":38,"enemies":"Gremlin Nob","floor":6,"turns":6},{"damage":24,"enemies":"Large Slime","floor":7,"turns":9},{"damage":11,"enemies":"Looter","floor":10,"turns":4},{"damage":15,"enemies":"Lots of Slimes","floor":12,"turns":5},{"damage":5,"enemies":"Large Slime","floor":13,"turns":7},{"damage":5,"enemies":"Red Slaver","floor":14,"turns":4},{"damage":42,"enemies":"Slime Boss","floor":16,"turns":6}],"seed_played":"-7640737649306601911","potions_obtained":[{"floor":1,"key":"Strength Potion"},{"floor":13,"key":"Poison Potion"},{"floor":14,"key":"Ancient Potion"}],"is_trial":false,"path_per_floor":["M","?","M","$","M","E","M","R","T","M","R","M","M","M","R","B"],"character_chosen":"THE_SILENT","items_purchased":[],"campfire_rested":3,"item_purchase_floors":[],"current_hp_per_floor":[70,70,70,70,70,32,8,29,29,18,39,24,19,14,35,0],"gold":296,"neow_bonus":"THREE_ENEMY_KILL","is_prod":false,"is_daily":false,"chose_seed":false,"campfire_upgraded":0,"win_rate":0,"timestamp":1559448171,"path_taken":["M","?","M","$","?","E","M","R","T","M","R","M","M","M","R","BOSS"],"build_version":"2019-01-23","purchased_purges":0,"victory":false,"max_hp_per_floor":[70,70,70,70,70,70,70,70,70,70,70,70,70,70,70,70],"card_choices":[{"not_picked":["Tactician","Concentrate"],"picked":"Accuracy","floor":1},{"not_picked":["Sucker Punch","Blur"],"picked":"Cloak And Dagger","floor":3},{"not_picked":["PiercingWail","Cloak And Dagger"],"picked":"Skewer","floor":5},{"not_picked":["Distraction","Acrobatics"],"picked":"Terror","floor":6},{"not_picked":["PiercingWail","Outmaneuver","Bane"],"picked":"SKIP","floor":7},{"not_picked":["Sucker Punch","PiercingWail"],"picked":"Backflip","floor":10},{"not_picked":["Acrobatics","Tools of the Trade","Setup"],"picked":"SKIP","floor":12},{"not_picked":["Underhanded Strike","Poisoned Stab","Concentrate"],"picked":"SKIP","floor":13},{"not_picked":["Sucker Punch","Flying Knee"],"picked":"Quick Slash","floor":14}],"player_experience":411309,"relics_obtained":[{"floor":6,"key":"Dodecahedron"},{"floor":9,"key":"Bronze Scales"}],"event_choices":[{"cards_removed":["Strike_G"],"damage_healed":0,"gold_gain":0,"player_choice":"Offered Basic","damage_taken":0,"max_hp_gain":0,"max_hp_loss":0,"event_name":"Bonfire Elementals","floor":2,"gold_loss":0}],"is_beta":false,"boss_relics":[],"items_purged_floors":[],"is_endless":false,"potions_floor_spawned":[1,13,14],"killed_by":"Slime Boss","ascension_level":2}