{"path_per_floor":["M","M","?","?","?","R","M","R","T","?","M","M","$","M","R","B",null,"M","M","?","$","M","R","E","R","T","?","?","R","M","M","R"],"character_chosen":"THE_SILENT","items_purchased":["Dash","Dagger Spray","Distraction","Quick Slash"],"gold_per_floor":[111,130,130,130,205,205,223,223,223,280,269,289,11,28,28,130,130,143,154,154,3,17,17,50,50,101,101,101,101,119,139,139],"floor_reached":33,"campfire_rested":7,"playtime":2016,"current_hp_per_floor":[60,60,46,46,35,56,56,70,70,58,58,49,49,49,70,65,70,68,66,66,66,49,70,21,42,42,42,33,55,32,18,40],"items_purged":["Defend_G","Strike_G"],"gold":139,"play_id":"a06e16b8-e7ba-4940-9b6b-3a69ab62119f","is_prod":false,"is_daily":false,"is_ascension_mode":false,"campfire_upgraded":0,"path_taken":["M","M","?","?","?","R","M","R","T","?","M","M","$","?","R","BOSS","M","M","?","$","?","R","E","R","T","?","?","R","M","M","R","BOSS"],"build_version":"2018-02-01-PROD3","purchased_purges":2,"victory":false,"master_deck":["Defend_G","Defend_G+1","Defend_G+1","Strike_G","Strike_G","Survivor","Neutralize","Die Die Die+1","Envenom+1","Underhanded Strike+1","Bouncing Flask","Deflect","Masterful Stab","Outmaneuver","Deflect","Backflip","Backstab","PiercingWail","Dash","Dagger Spray","Distraction","Noxious Fumes","Unload","Caltrops+1","Calculated Gamble+1","Quick Slash","Glass Knife","Backstab","Pain","Slice","Bane+1"],"max_hp_per_floor":[70,70,70,70,70,70,70,70,70,70,70,70,70,70,70,70,70,70,70,70,70,70,70,70,70,70,70,75,75,75,75,75],"relics":["Astrolabe","Torii","Tough Bandages","Cursed Key","Bottled Lightning","Omamori"],"card_choices":[{"not_picked":["Quick Slash","Deflect"],"picked":"Bouncing Flask"},{"not_picked":["Finisher","Quick Slash"],"picked":"Deflect"},{"not_picked":["Dagger Throw","Dodge and Roll"],"picked":"Deflect"},{"not_picked":["Corpse Explosion","Dodge and Roll"],"picked":"Backflip"},{"not_picked":["Bouncing Flask","Acrobatics"],"picked":"Backstab"},{"not_picked":["Skewer","Terror"],"picked":"PiercingWail"},{"not_picked":["Distraction","Flying Knee"],"picked":"Noxious Fumes"},{"not_picked":["Burst","A Thousand Cuts"],"picked":"Unload"},{"not_picked":["Underhanded Strike","Dodge and Roll"],"picked":"Caltrops"},{"not_picked":["PiercingWail","Dodge and Roll"],"picked":"Calculated Gamble"},{"not_picked":["Leg Sweep","Bane"],"picked":"Glass Knife"},{"not_picked":["Underhanded Strike","Reflex"],"picked":"Backstab"},{"not_picked":["Dodge and Roll","Eviscerate"],"picked":"Slice"},{"not_picked":["Reflex","Prepared"],"picked":"Bane"}],"player_experience":55823,"potions_floor_usage":[19,31,33,33],"damage_taken":[{"damage":10,"enemies":"Jaw Worm","floor":1,"turns":5},{"damage":0,"enemies":"2 Louse","floor":2,"turns":3},{"damage":0,"enemies":"Small Slimes","floor":7,"turns":2},{"damage":12,"enemies":"Lagavulin Event","floor":10,"turns":5},{"damage":0,"enemies":"Exordium Thugs","floor":11,"turns":4},{"damage":9,"enemies":"Red Slaver","floor":12,"turns":3},{"damage":0,"enemies":"2 Fungi Beasts","floor":14,"turns":2},{"damage":5,"enemies":"The Guardian","floor":16,"turns":8},{"damage":2,"enemies":"2 Thieves","floor":18,"turns":3},{"damage":2,"enemies":"Spheric Guardian","floor":19,"turns":5},{"damage":17,"enemies":"Snecko","floor":22,"turns":6},{"damage":49,"enemies":"Slavers","floor":24,"turns":5},{"damage":23,"enemies":"Snake Plant","floor":30,"turns":3},{"damage":20,"enemies":"Sentry and Sphere","floor":31,"turns":7},{"damage":57,"enemies":"Collector","floor":33,"turns":3}],"event_choices":[{"event_name":"Shining Light","player_choice":"Entered Light","floor":3,"damage_taken":0},{"event_name":"Match and Keep!","player_choice":"2 cards matched","floor":4,"damage_taken":0},{"event_name":"World of Goop","player_choice":"Gather Gold","floor":5,"damage_taken":0},{"event_name":"Dead Adventurer","player_choice":"Searched \u00272\u0027 times","floor":10,"damage_taken":0},{"event_name":"Vampires","player_choice":"Ignored","floor":20,"damage_taken":0},{"event_name":"Drug Dealer","player_choice":"Ignored","floor":27,"damage_taken":0},{"event_name":"Forgotten Altar","player_choice":"Shed Blood","floor":28,"damage_taken":0}],"boss_relics":[{"not_picked":["Runic Dome","Black Star"],"picked":"Cursed Key"}],"potions_floor_spawned":[10,14,16,18,30],"seed_played":"-6956956142403777023","killed_by":"Collector","ascension_level":0,"is_trial":false}