{"gold_per_floor":[118,138,138,151,163,163,188,188,188,108,118,118,71,135,135,230,230,241,241,252,252,272,272,299,50,50,50,78,91,91,111,111,111],"floor_reached":33,"playtime":1282,"items_purged":[],"score":370,"play_id":"03c3e21b-a661-4fee-a2f3-605d56eab37f","local_time":"20190610162709","is_ascension_mode":true,"campfire_choices":[{"data":"Bash","floor":6,"key":"SMITH"},{"floor":12,"key":"REST"},{"floor":15,"key":"REST"},{"floor":23,"key":"REST"},{"floor":30,"key":"REST"},{"floor":32,"key":"REST"}],"neow_cost":"NONE","seed_source_timestamp":1975029226035128,"circlet_count":0,"master_deck":["Bash+1","Warcry","Disarm","Dropkick+1","Thunderclap+1","Clothesline","Pummel","Bash","Swift Strike","Double Tap","Immolate","Sword Boomerang","Armaments","Uppercut","Feed","Carnage","Barricade","Fire Breathing","Reaper","Searing Blow","Rage","True Grit","Spot Weakness","Heavy Blade","Havoc","Corruption","Havoc","Spot Weakness+1"],"relics":["Burning Blood","Whetstone","Strawberry","Gremlin Horn","Pandora\u0027s Box","Omamori","Paper Frog","Pen Nib","WarpedTongs","Bronze Scales"],"potions_floor_usage":[7,18,20,22,31],"damage_taken":[{"damage":10,"enemies":"Small Slimes","floor":1,"turns":4},{"damage":1,"enemies":"Cultist","floor":2,"turns":3},{"damage":10,"enemies":"Jaw Worm","floor":4,"turns":3},{"damage":28,"enemies":"Exordium Thugs","floor":5,"turns":6},{"damage":35,"enemies":"Lagavulin","floor":7,"turns":9},{"damage":11,"enemies":"Looter","floor":11,"turns":2},{"damage":8,"enemies":"Gremlin Nob","floor":14,"turns":3},{"damage":68,"enemies":"Hexaghost","floor":16,"turns":11},{"damage":4,"enemies":"Spheric Guardian","floor":18,"turns":3},{"damage":26,"enemies":"Shell Parasite","floor":20,"turns":4},{"damage":13,"enemies":"Snecko","floor":22,"turns":3},{"damage":43,"enemies":"Book of Stabbing","floor":28,"turns":5},{"damage":33,"enemies":"Centurion and Healer","floor":29,"turns":5},{"damage":48,"enemies":"Shelled Parasite and Fungi","floor":31,"turns":3},{"damage":64,"enemies":"Collector","floor":33,"turns":3}],"seed_played":"-5791085280494097392","potions_obtained":[{"floor":4,"key":"SkillPotion"},{"floor":5,"key":"Energy Potion"},{"floor":7,"key":"Swift Potion"},{"floor":16,"key":"AttackPotion"},{"floor":20,"key":"Fire Potion"},{"floor":31,"key":"EssenceOfSteel"}],"is_trial":false,"path_per_floor":["M","M","?","M","M","R","E","?","T","$","M","R","$","?","R","B",null,"M","?","M","?","M","R","T","$","T","?","E","M","R","M","R","B"],"character_chosen":"IRONCLAD","items_purchased":["Immolate","Armaments","Paper Frog"],"campfire_rested":5,"item_purchase_floors":[10,13,25],"current_hp_per_floor":[76,81,81,77,55,55,26,26,33,33,28,56,56,54,82,20,76,78,78,58,58,51,79,79,79,79,79,42,15,43,34,62,0],"gold":111,"neow_bonus":"TEN_PERCENT_HP_BONUS","is_prod":false,"is_daily":false,"chose_seed":false,"campfire_upgraded":1,"win_rate":0,"timestamp":1560148029,"path_taken":["M","M","?","?","M","R","E","?","T","?","M","R","$","?","R","BOSS","M","?","?","?","M","R","?","$","T","?","E","?","R","M","R","BOSS"],"build_version":"2019-01-23","purchased_purges":0,"victory":false,"max_hp_per_floor":[88,88,88,88,88,88,88,88,95,95,95,95,95,95,95,95,95,95,95,95,95,95,95,95,95,95,95,95,95,95,95,95,95],"card_choices":[{"not_picked":["Heavy Blade","Reckless Charge"],"picked":"Warcry","floor":1},{"not_picked":["Pummel","Rage"],"picked":"Disarm","floor":2},{"not_picked":["Wild Strike","Clash"],"picked":"Thunderclap","floor":4},{"not_picked":["Heavy Blade","Rupture"],"picked":"Clothesline","floor":5},{"not_picked":["Heavy Blade","Fire Breathing"],"picked":"Pummel","floor":7},{"not_picked":["Bloodletting","Heavy Blade"],"picked":"Sword Boomerang","floor":11},{"not_picked":["Shockwave","Barricade"],"picked":"Uppercut","floor":14},{"not_picked":["Barricade","Double Tap"],"picked":"Feed","floor":16},{"not_picked":["Thunderclap","Bloodletting"],"picked":"Spot Weakness","floor":18},{"not_picked":["Wild Strike","Entrench"],"picked":"Heavy Blade","floor":20},{"not_picked":["Dual Wield","Sword Boomerang"],"picked":"Havoc","floor":22},{"not_picked":["Rupture","Combust"],"picked":"Corruption","floor":28},{"not_picked":["Thunderclap","Warcry"],"picked":"Havoc","floor":29},{"not_picked":["Warcry","Clothesline"],"picked":"Spot Weakness+1","floor":31}],"player_experience":452455,"relics_obtained":[{"floor":7,"key":"Whetstone"},{"floor":9,"key":"Strawberry"},{"floor":14,"key":"Gremlin Horn"},{"floor":24,"key":"Omamori"},{"floor":26,"key":"Pen Nib"},{"floor":28,"key":"Bronze Scales"}],"event_choices":[{"damage_healed":0,"gold_gain":0,"cards_transformed":["Strike_R"],"player_choice":"Transformed","damage_taken":0,"max_hp_gain":0,"max_hp_loss":0,"event_name":"Transmorgrifier","floor":3,"gold_loss":0,"cards_obtained":["Dropkick"]},{"damage_healed":0,"gold_gain":0,"player_choice":"3 cards matched","damage_taken":0,"max_hp_gain":0,"max_hp_loss":0,"event_name":"Match and Keep!","floor":8,"gold_loss":0,"cards_obtained":["Bash","Swift Strike","Double Tap"]},{"damage_healed":0,"gold_gain":0,"player_choice":"Searched \u00271\u0027 times","damage_taken":0,"max_hp_gain":0,"max_hp_loss":0,"event_name":"Dead Adventurer","floor":14,"gold_loss":0},{"cards_removed":["Anger"],"damage_healed":0,"gold_gain":0,"player_choice":"Purged","damage_taken":0,"max_hp_gain":0,"max_hp_loss":0,"event_name":"Purifier","floor":19,"gold_loss":0},{"damage_healed":0,"gold_gain":0,"player_choice":"Ignored","damage_taken":0,"max_hp_gain":0,"max_hp_loss":0,"event_name":"Ghosts","floor":21,"gold_loss":0},{"damage_healed":0,"gold_gain":0,"player_choice":"Rummage","damage_taken":0,"relics_obtained":["WarpedTongs"],"max_hp_gain":0,"max_hp_loss":0,"event_name":"Accursed Blacksmith","floor":27,"gold_loss":0,"cards_obtained":["Pain"]}],"is_beta":false,"boss_relics":[{"not_picked":["Philosopher\u0027s Stone","Lizard Tail"],"picked":"Pandora\u0027s Box"}],"items_purged_floors":[],"is_endless":false,"potions_floor_spawned":[4,5,7,16,20,31],"killed_by":"Collector","ascension_level":6}