{"gold_per_floor":[116,129,148,168,178,178,211,64,90,90,108,12,12,27,27,130,130,143,154,154,154,172,172,172,188,188,188,188],"floor_reached":28,"playtime":1903,"items_purged":[],"score":222,"play_id":"79bbacc1-6faf-4748-ac73-296dcd1461cf","local_time":"20190205215459","is_ascension_mode":false,"campfire_choices":[{"floor":6,"key":"REST"},{"floor":13,"key":"REST"},{"floor":15,"key":"REST"},{"floor":23,"key":"REST"}],"neow_cost":"NONE","seed_source_timestamp":2254524574780762,"circlet_count":0,"master_deck":["Strike_R","Strike_R","Strike_R","Strike_R","Strike_R","Defend_R","Defend_R","Defend_R","Defend_R","Bash","Shockwave","Spot Weakness","Perfected Strike","Panacea","Spot Weakness","Limit Break","Parasite","Metallicize","Perfected Strike"],"relics":["Burning Blood","Paper Frog","Omamori","Happy Flower","Calling Bell","Anchor","Mercury Hourglass","Magic Flower","PreservedInsect","MutagenicStrength","Pantograph"],"potions_floor_usage":[11,11,16,22,25],"damage_taken":[{"damage":15,"enemies":"Cultist","floor":1,"turns":4},{"damage":6,"enemies":"2 Louse","floor":2,"turns":2},{"damage":16,"enemies":"Jaw Worm","floor":3,"turns":5},{"damage":9,"enemies":"Looter","floor":4,"turns":3},{"damage":42,"enemies":"Large Slime","floor":5,"turns":10},{"damage":47,"enemies":"3 Sentries","floor":7,"turns":9},{"damage":6,"enemies":"Exordium Wildlife","floor":11,"turns":4},{"damage":19,"enemies":"Blue Slaver","floor":14,"turns":3},{"damage":33,"enemies":"The Guardian","floor":16,"turns":8},{"damage":36,"enemies":"2 Thieves","floor":18,"turns":4},{"damage":24,"enemies":"Chosen","floor":19,"turns":6},{"damage":31,"enemies":"Centurion and Healer","floor":22,"turns":6},{"damage":15,"enemies":"Snake Plant","floor":25,"turns":3},{"damage":36,"enemies":"Sentry and Sphere","floor":28,"turns":5}],"seed_played":"-8983865249889833931","potions_obtained":[{"floor":1,"key":"BloodPotion"},{"floor":4,"key":"Block Potion"},{"floor":5,"key":"AttackPotion"},{"floor":11,"key":"Fire Potion"},{"floor":19,"key":"Explosive Potion"}],"is_trial":false,"path_per_floor":["M","M","M","M","M","R","E","$","T","?","M","$","R","M","R","B",null,"M","M","?","?","M","R","?","M","T","?","M"],"character_chosen":"IRONCLAD","items_purchased":["Omamori","Panacea"],"campfire_rested":4,"item_purchase_floors":[8,12],"current_hp_per_floor":[79,79,69,66,30,56,15,15,15,15,23,23,49,36,62,35,88,61,46,46,46,24,50,50,44,44,27,0],"gold":188,"neow_bonus":"TEN_PERCENT_HP_BONUS","is_prod":false,"is_daily":false,"chose_seed":false,"campfire_upgraded":0,"win_rate":0,"timestamp":1549364099,"path_taken":["M","M","M","?","M","R","E","$","T","?","M","$","R","M","R","BOSS","M","M","?","?","M","R","?","?","T","?","M"],"build_version":"2019-01-23","purchased_purges":0,"victory":false,"max_hp_per_floor":[88,88,88,88,88,88,88,88,88,88,88,88,88,88,88,88,88,88,88,88,88,88,88,88,88,88,93,93],"card_choices":[{"not_picked":["Shrug It Off","Rupture","Body Slam"],"picked":"SKIP","floor":1},{"not_picked":["Heavy Blade","Fire Breathing"],"picked":"Shockwave","floor":2},{"not_picked":["Entrench","Clothesline","Fire Breathing"],"picked":"SKIP","floor":3},{"not_picked":["Whirlwind","Havoc","Warcry"],"picked":"SKIP","floor":4},{"not_picked":["Berserk","Body Slam"],"picked":"Spot Weakness","floor":5},{"not_picked":["Dual Wield","Wild Strike"],"picked":"Perfected Strike","floor":7},{"not_picked":["Body Slam","Clothesline","True Grit"],"picked":"SKIP","floor":11},{"not_picked":["Warcry","Clothesline"],"picked":"Spot Weakness","floor":14},{"not_picked":["Bludgeon","Exhume"],"picked":"Limit Break","floor":16},{"not_picked":["Anger","Twin Strike+1","Sever Soul"],"picked":"SKIP","floor":18},{"not_picked":["Uppercut+1","Sever Soul","Clothesline+1"],"picked":"SKIP","floor":19},{"not_picked":["Anger","Uppercut"],"picked":"Metallicize","floor":22},{"not_picked":["Fiend Fire","Shrug It Off"],"picked":"Perfected Strike","floor":25}],"player_experience":140067,"relics_obtained":[{"floor":7,"key":"Paper Frog"},{"floor":9,"key":"Happy Flower"},{"floor":17,"key":"Anchor"},{"floor":17,"key":"Mercury Hourglass"},{"floor":17,"key":"Magic Flower"},{"floor":26,"key":"Pantograph"}],"event_choices":[{"damage_healed":0,"gold_gain":0,"player_choice":"Ignored","damage_taken":0,"max_hp_gain":0,"max_hp_loss":0,"event_name":"Shining Light","floor":10,"gold_loss":0},{"damage_healed":0,"gold_gain":0,"player_choice":"Opened","damage_taken":0,"relics_obtained":["PreservedInsect"],"max_hp_gain":0,"max_hp_loss":0,"event_name":"The Mausoleum","floor":20,"gold_loss":0},{"damage_healed":0,"gold_gain":0,"player_choice":"Inject Mutagens","damage_taken":0,"relics_obtained":["MutagenicStrength"],"max_hp_gain":0,"max_hp_loss":0,"event_name":"Drug Dealer","floor":21,"gold_loss":0},{"damage_healed":0,"gold_gain":0,"player_choice":"Ignored","damage_taken":0,"max_hp_gain":0,"max_hp_loss":0,"event_name":"Ghosts","floor":24,"gold_loss":0},{"damage_healed":0,"gold_gain":0,"player_choice":"Shed Blood","damage_taken":22,"max_hp_gain":5,"max_hp_loss":0,"event_name":"Forgotten Altar","floor":27,"gold_loss":0}],"is_beta":false,"boss_relics":[{"not_picked":["Coffee Dripper","Velvet Choker"],"picked":"Calling Bell"}],"items_purged_floors":[],"is_endless":false,"potions_floor_spawned":[1,4,5,7,11,19],"killed_by":"Sentry and Sphere","ascension_level":0}