{"gold_per_floor":[110,110,121,221,221,237,252,286,341,341,372,402,418,430,430,535,535,550,550,400,420,167,192,192,204,230,246,246,246,280,204,204,204],"floor_reached":33,"playtime":1438,"items_purged":[],"score":352,"play_id":"28a6b850-214a-4fc5-9d74-991f66d8d419","local_time":"20190207215500","is_ascension_mode":true,"campfire_choices":[{"data":"Metallicize","floor":10,"key":"SMITH"},{"floor":15,"key":"REST"},{"floor":24,"key":"REST"},{"floor":28,"key":"REST"},{"data":"Metallicize","floor":32,"key":"SMITH"}],"neow_cost":"NONE","seed_source_timestamp":97793804540579,"circlet_count":0,"master_deck":["Strike_R","Strike_R","Strike_R","Strike_R","Strike_R","Defend_R+1","Defend_R","Defend_R+1","Defend_R","Bash","Twin Strike","Cleave","Metallicize+1","Thunderclap","Flex","Immolate","RitualDagger","Feed","Thunderclap+1","Metallicize+1"],"relics":["Burning Blood","Happy Flower","Pear","Blood Vial","Oddly Smooth Stone","Letter Opener","Runic Cube","PreservedInsect","Mercury Hourglass","Bag of Marbles","Red Skull","Sundial"],"potions_floor_usage":[14,16,16,25,30,33],"damage_taken":[{"damage":7,"enemies":"Small Slimes","floor":1,"turns":4},{"damage":8,"enemies":"2 Louse","floor":3,"turns":2},{"damage":0,"enemies":"Cultist","floor":6,"turns":3},{"damage":2,"enemies":"2 Fungi Beasts","floor":7,"turns":4},{"damage":24,"enemies":"3 Sentries","floor":8,"turns":7},{"damage":12,"enemies":"Gremlin Nob","floor":11,"turns":4},{"damage":4,"enemies":"Blue Slaver","floor":13,"turns":4},{"damage":12,"enemies":"Large Slime","floor":14,"turns":2},{"damage":28,"enemies":"The Guardian","floor":16,"turns":7},{"damage":14,"enemies":"Chosen","floor":18,"turns":6},{"damage":43,"enemies":"Shell Parasite","floor":21,"turns":6},{"damage":29,"enemies":"Gremlin Leader","floor":23,"turns":4},{"damage":5,"enemies":"Chosen and Byrds","floor":25,"turns":4},{"damage":9,"enemies":"Cultist and Chosen","floor":27,"turns":4},{"damage":0,"enemies":"Slavers","floor":30,"turns":1},{"damage":88,"enemies":"Collector","floor":33,"turns":9}],"seed_played":"-5539298158401503737","potions_obtained":[{"floor":1,"key":"Energy Potion"},{"floor":6,"key":"Fire Potion"},{"floor":8,"key":"PowerPotion"},{"floor":14,"key":"FearPotion"},{"floor":16,"key":"FearPotion"},{"floor":23,"key":"Energy Potion"}],"is_trial":false,"path_per_floor":["M","?","M","?","$","M","M","E","T","R","E","?","M","M","R","B",null,"M","?","$","M","$","E","R","M","T","M","R","?","E","$","R","B"],"character_chosen":"IRONCLAD","items_purchased":["PreservedInsect","Mercury Hourglass","Metallicize"],"campfire_rested":3,"item_purchase_floors":[20,22,31],"current_hp_per_floor":[79,63,61,61,61,67,71,63,63,63,59,59,63,59,86,66,90,82,76,76,41,41,20,47,50,50,49,76,76,84,84,84,0],"gold":204,"neow_bonus":"RANDOM_COMMON_RELIC","is_prod":false,"is_daily":false,"chose_seed":false,"campfire_upgraded":2,"win_rate":0,"timestamp":1549536900,"path_taken":["M","?","M","?","$","?","M","E","T","R","E","?","M","M","R","BOSS","M","?","$","M","$","E","R","M","T","M","R","?","E","$","R","BOSS"],"build_version":"2019-01-23","purchased_purges":0,"victory":false,"max_hp_per_floor":[80,80,80,80,80,80,80,90,90,90,90,90,90,90,90,90,90,90,90,90,90,90,90,90,90,90,90,90,90,90,90,90,90],"card_choices":[{"not_picked":["Armaments","Warcry"],"picked":"Twin Strike","floor":1},{"not_picked":["Armaments","Fire Breathing","Shockwave"],"picked":"SKIP","floor":3},{"not_picked":["Ghostly Armor","Clash"],"picked":"Cleave","floor":6},{"not_picked":["Whirlwind","Twin Strike","Body Slam"],"picked":"SKIP","floor":7},{"not_picked":["Perfected Strike","Warcry"],"picked":"Metallicize","floor":8},{"not_picked":["Burning Pact","Battle Trance","Second Wind"],"picked":"SKIP","floor":11},{"not_picked":["Body Slam","Twin Strike"],"picked":"Thunderclap","floor":13},{"not_picked":["Cleave","Uppercut"],"picked":"Flex","floor":14},{"not_picked":["Offering","Reaper"],"picked":"Immolate","floor":16},{"not_picked":["Sword Boomerang","Whirlwind","Heavy Blade"],"picked":"SKIP","floor":18},{"not_picked":["Twin Strike","Wild Strike","Seeing Red+1"],"picked":"SKIP","floor":21},{"not_picked":["Dual Wield","Shockwave","Bloodletting"],"picked":"SKIP","floor":23},{"not_picked":["Intimidate","Sentinel"],"picked":"Feed","floor":25},{"not_picked":["Sword Boomerang+1","Havoc"],"picked":"Thunderclap+1","floor":27},{"not_picked":["Perfected Strike","Clash","Hemokinesis"],"picked":"SKIP","floor":30}],"player_experience":156751,"relics_obtained":[{"floor":8,"key":"Pear"},{"floor":9,"key":"Blood Vial"},{"floor":11,"key":"Oddly Smooth Stone"},{"floor":23,"key":"Bag of Marbles"},{"floor":26,"key":"Red Skull"},{"floor":30,"key":"Sundial"}],"event_choices":[{"damage_healed":0,"gold_gain":0,"player_choice":"Entered Light","damage_taken":16,"max_hp_gain":0,"max_hp_loss":0,"event_name":"Shining Light","floor":2,"gold_loss":0,"cards_upgraded":["Defend_R","Defend_R"]},{"damage_healed":0,"gold_gain":100,"player_choice":"Gold","damage_taken":0,"max_hp_gain":0,"max_hp_loss":0,"event_name":"Wheel of Change","floor":4,"gold_loss":0},{"damage_healed":0,"gold_gain":30,"player_choice":"Searched \u00272\u0027 times","damage_taken":0,"relics_obtained":["Letter Opener"],"max_hp_gain":0,"max_hp_loss":0,"event_name":"Dead Adventurer","floor":12,"gold_loss":0},{"damage_healed":0,"gold_gain":0,"player_choice":"Joined the Cult","damage_taken":6,"max_hp_gain":0,"max_hp_loss":0,"event_name":"Nest","floor":19,"gold_loss":0,"cards_obtained":["RitualDagger"]},{"damage_healed":0,"gold_gain":0,"player_choice":"Ignored","damage_taken":0,"max_hp_gain":0,"max_hp_loss":0,"event_name":"Ghosts","floor":29,"gold_loss":0}],"is_beta":false,"boss_relics":[{"not_picked":["Pandora\u0027s Box","Busted Crown"],"picked":"Runic Cube"}],"items_purged_floors":[],"is_endless":false,"potions_floor_spawned":[1,6,8,14,16,23],"killed_by":"Collector","ascension_level":2}