{"gold_per_floor":[116,116,116,37,56,81,81,114,114,134,409,425,437,456,456,456],"floor_reached":16,"playtime":1002,"items_purged":[],"score":137,"play_id":"5e645ff2-7cb3-449f-aaf5-798af71814ee","local_time":"20190321202355","is_ascension_mode":false,"campfire_choices":[{"data":"Caltrops","floor":7,"key":"SMITH"},{"floor":15,"key":"REST"}],"neow_cost":"NONE","seed_source_timestamp":5197024797365,"circlet_count":0,"master_deck":["Defend_G","Defend_G","Defend_G","Defend_G","Defend_G","Strike_G","Strike_G","Strike_G","Strike_G","Strike_G","Survivor","Neutralize","Caltrops+1","Blade Dance","Slice","Dodge and Roll","PiercingWail","Caltrops"],"relics":["Ring of the Snake","NeowsBlessing","Matryoshka","Letter Opener","Omamori","Potion Belt"],"potions_floor_usage":[8,16],"damage_taken":[{"damage":0,"enemies":"Small Slimes","floor":1,"turns":1},{"damage":0,"enemies":"2 Louse","floor":5,"turns":1},{"damage":0,"enemies":"3 Sentries","floor":6,"turns":1},{"damage":21,"enemies":"Gremlin Nob","floor":8,"turns":5},{"damage":0,"enemies":"Cultist","floor":10,"turns":4},{"damage":0,"enemies":"3 Louse","floor":12,"turns":3},{"damage":3,"enemies":"Exordium Wildlife","floor":13,"turns":4},{"damage":7,"enemies":"Large Slime","floor":14,"turns":6},{"damage":79,"enemies":"Slime Boss","floor":16,"turns":13}],"seed_played":"5744376200166473301","potions_obtained":[{"floor":6,"key":"PowerPotion"},{"floor":10,"key":"Regen Potion"},{"floor":13,"key":"GamblersBrew"}],"is_trial":false,"path_per_floor":["M","?","?","$","M","E","R","E","T","M","?","M","M","M","R","B"],"character_chosen":"THE_SILENT","items_purchased":["Caltrops"],"campfire_rested":1,"item_purchase_floors":[4],"current_hp_per_floor":[70,70,70,70,70,70,70,49,49,49,49,49,46,39,60,0],"gold":456,"neow_bonus":"THREE_ENEMY_KILL","is_prod":false,"is_daily":false,"chose_seed":false,"campfire_upgraded":1,"win_rate":0,"timestamp":1553160235,"path_taken":["M","?","?","$","M","E","R","E","T","M","?","M","M","M","R","BOSS"],"build_version":"2019-01-23","purchased_purges":0,"victory":false,"max_hp_per_floor":[70,70,70,70,70,70,70,70,70,70,70,70,70,70,70,70],"card_choices":[{"not_picked":["Outmaneuver","Distraction","Finisher"],"picked":"SKIP","floor":1},{"not_picked":["Quick Slash","Acrobatics","Bane"],"picked":"SKIP","floor":5},{"not_picked":["Prepared","Dagger Throw"],"picked":"Blade Dance","floor":6},{"not_picked":["Skewer","Doppelganger"],"picked":"Slice","floor":8},{"not_picked":["Crippling Poison","Outmaneuver"],"picked":"Dodge and Roll","floor":10},{"not_picked":["Underhanded Strike","Dodge and Roll","Dagger Spray"],"picked":"SKIP","floor":12},{"not_picked":["Phantasmal Killer","Underhanded Strike"],"picked":"PiercingWail","floor":13},{"not_picked":["Bane","Slice"],"picked":"Caltrops","floor":14}],"player_experience":255686,"relics_obtained":[{"floor":6,"key":"Matryoshka"},{"floor":8,"key":"Letter Opener"},{"floor":9,"key":"Omamori"},{"floor":9,"key":"Potion Belt"}],"event_choices":[{"damage_healed":0,"gold_gain":0,"player_choice":"Ignored","damage_taken":0,"max_hp_gain":0,"max_hp_loss":0,"event_name":"Shining Light","floor":2,"gold_loss":0},{"damage_healed":0,"gold_gain":0,"player_choice":"Ignored","damage_taken":0,"max_hp_gain":0,"max_hp_loss":0,"event_name":"Golden Wing","floor":3,"gold_loss":0},{"damage_healed":0,"gold_gain":275,"player_choice":"Desecrate","damage_taken":0,"max_hp_gain":0,"max_hp_loss":0,"event_name":"Golden Shrine","floor":11,"gold_loss":0,"cards_obtained":["Regret"]}],"is_beta":false,"boss_relics":[],"items_purged_floors":[],"is_endless":false,"potions_floor_spawned":[6,10,13],"killed_by":"Slime Boss","ascension_level":0}