{"gold_per_floor":[110,35,35,35,45,45,45,45,45,45,76,90,103,103],"floor_reached":14,"playtime":394,"items_purged":["Doubt"],"score":136,"play_id":"58fd47d0-4b57-41d6-bfc8-1976ca2af2eb","local_time":"20190623123205","is_ascension_mode":true,"campfire_choices":[{"data":"Demon Form","floor":6,"key":"SMITH"},{"data":"Bash","floor":8,"key":"SMITH"},{"data":"Pommel Strike","floor":10,"key":"SMITH"}],"neow_cost":"CURSE","seed_source_timestamp":846499188137365,"circlet_count":0,"master_deck":["AscendersBane","Strike_R","Strike_R","Strike_R","Strike_R","Strike_R","Defend_R","Defend_R","Defend_R","Defend_R","Bash+1","Demon Form+1","Pommel Strike+1","Feel No Pain","Pain","Ghostly Armor","Fire Breathing+1","Pommel Strike"],"relics":["Burning Blood","WarpedTongs","Pear","Frozen Egg 2"],"potions_floor_usage":[],"damage_taken":[{"damage":7,"enemies":"2 Louse","floor":1,"turns":4},{"damage":4,"enemies":"Small Slimes","floor":5,"turns":4},{"damage":32,"enemies":"3 Sentries","floor":11,"turns":7},{"damage":18,"enemies":"Cultist","floor":12,"turns":4},{"damage":21,"enemies":"3 Louse","floor":13,"turns":3},{"damage":41,"enemies":"Gremlin Nob","floor":14,"turns":4}],"seed_played":"8446796467018214367","potions_obtained":[{"floor":1,"key":"FearPotion"},{"floor":11,"key":"Dexterity Potion"}],"is_trial":false,"path_per_floor":["M","$","?","?","M","R","?","R","T","R","E","M","M","E"],"character_chosen":"IRONCLAD","items_purchased":[],"campfire_rested":0,"item_purchase_floors":[],"current_hp_per_floor":[71,71,71,71,73,73,73,73,83,83,57,45,30,0],"gold":103,"neow_bonus":"THREE_RARE_CARDS","is_prod":false,"is_daily":false,"chose_seed":false,"campfire_upgraded":3,"win_rate":0,"timestamp":1561257125,"path_taken":["M","$","?","?","M","R","?","R","T","R","E","?","M","E"],"build_version":"2019-01-23","purchased_purges":1,"victory":false,"max_hp_per_floor":[80,80,80,80,80,80,80,80,90,90,90,90,90,90],"card_choices":[{"not_picked":["Bludgeon","Juggernaut"],"picked":"Demon Form","floor":0},{"not_picked":["Clothesline","Body Slam"],"picked":"Pommel Strike","floor":1},{"not_picked":["Uppercut","Headbutt"],"picked":"Feel No Pain","floor":5},{"not_picked":["Impervious","Anger"],"picked":"Ghostly Armor","floor":11},{"not_picked":["Pommel Strike","Clothesline"],"picked":"Fire Breathing+1","floor":12},{"not_picked":["Carnage","Power Through"],"picked":"Pommel Strike","floor":13}],"player_experience":489066,"relics_obtained":[{"floor":9,"key":"Pear"},{"floor":11,"key":"Frozen Egg 2"}],"event_choices":[{"damage_healed":0,"gold_gain":0,"player_choice":"Ignored","damage_taken":0,"max_hp_gain":0,"max_hp_loss":0,"event_name":"Golden Wing","floor":3,"gold_loss":0},{"damage_healed":0,"gold_gain":0,"player_choice":"Leave","damage_taken":0,"max_hp_gain":0,"max_hp_loss":0,"event_name":"The Cleric","floor":4,"gold_loss":0},{"damage_healed":0,"gold_gain":0,"player_choice":"Rummage","damage_taken":0,"relics_obtained":["WarpedTongs"],"max_hp_gain":0,"max_hp_loss":0,"event_name":"Accursed Blacksmith","floor":7,"gold_loss":0,"cards_obtained":["Pain"]}],"is_beta":false,"boss_relics":[],"items_purged_floors":[2],"is_endless":false,"potions_floor_spawned":[1,11],"killed_by":"Gremlin Nob","ascension_level":11}