{"gold_per_floor":[117,80,155,172,172,203,220,395,395,422,422,422,436,466,466,466],"floor_reached":16,"playtime":432,"items_purged":[],"score":157,"play_id":"ee9f4018-792d-435f-b359-2f498f48c4a1","local_time":"20190624193049","is_ascension_mode":true,"campfire_choices":[{"floor":11,"key":"REST"},{"data":"Barricade","floor":15,"key":"SMITH"}],"neow_cost":"NONE","seed_source_timestamp":957985036268832,"circlet_count":0,"master_deck":["AscendersBane","Strike_R","Strike_R","Strike_R","Strike_R","Strike_R","Defend_R","Defend_R","Defend_R","Defend_R","Bash+1","Battle Trance","Inflame","Blood for Blood","Iron Wave","Thunderclap","Doubt","Barricade+1"],"relics":["Burning Blood","Mummified Hand","Bag of Preparation","Bag of Marbles"],"potions_floor_usage":[16,16],"damage_taken":[{"damage":7,"enemies":"Jaw Worm","floor":1,"turns":3},{"damage":8,"enemies":"2 Louse","floor":4,"turns":3},{"damage":40,"enemies":"Gremlin Nob","floor":6,"turns":5},{"damage":4,"enemies":"Small Slimes","floor":7,"turns":3},{"damage":12,"enemies":"Looter","floor":13,"turns":3},{"damage":48,"enemies":"Hexaghost","floor":16,"turns":9}],"seed_played":"-8986254769360809506","potions_obtained":[{"floor":1,"key":"Energy Potion"},{"floor":7,"key":"Swift Potion"}],"is_trial":false,"path_per_floor":["M","$","?","M","?","E","M","?","T","T","R","$","M","?","R","B"],"character_chosen":"IRONCLAD","items_purchased":["Inflame"],"campfire_rested":1,"item_purchase_floors":[2],"current_hp_per_floor":[71,71,60,58,58,24,26,26,26,26,50,50,44,44,44,0],"gold":466,"neow_bonus":"UPGRADE_CARD","is_prod":false,"is_daily":false,"chose_seed":false,"campfire_upgraded":1,"win_rate":0,"timestamp":1561368649,"path_taken":["M","$","?","M","?","E","M","?","T","?","R","$","?","?","R","BOSS"],"build_version":"2019-01-23","purchased_purges":0,"victory":false,"max_hp_per_floor":[80,80,80,80,80,80,80,80,80,80,80,80,80,80,80,80],"card_choices":[{"not_picked":["Shrug It Off","Reckless Charge"],"picked":"Battle Trance","floor":1},{"not_picked":["Infernal Blade","Rage"],"picked":"Blood for Blood","floor":4},{"not_picked":["Clash","Wild Strike"],"picked":"Iron Wave","floor":6},{"not_picked":["Perfected Strike","Bloodletting"],"picked":"Thunderclap","floor":7},{"not_picked":["Heavy Blade","Clothesline"],"picked":"Barricade","floor":13}],"player_experience":506477,"relics_obtained":[{"floor":6,"key":"Mummified Hand"},{"floor":9,"key":"Bag of Preparation"},{"floor":10,"key":"Bag of Marbles"}],"event_choices":[{"damage_healed":0,"gold_gain":75,"player_choice":"Gather Gold","damage_taken":11,"max_hp_gain":0,"max_hp_loss":0,"event_name":"World of Goop","floor":3,"gold_loss":0},{"damage_healed":0,"gold_gain":0,"player_choice":"Ignored","damage_taken":0,"max_hp_gain":0,"max_hp_loss":0,"event_name":"Shining Light","floor":5,"gold_loss":0},{"damage_healed":0,"gold_gain":175,"player_choice":"AGREE","damage_taken":0,"max_hp_gain":0,"max_hp_loss":0,"event_name":"Liars Game","floor":8,"gold_loss":0,"cards_obtained":["Doubt"]},{"damage_healed":0,"gold_gain":30,"player_choice":"Searched \u00272\u0027 times","damage_taken":0,"max_hp_gain":0,"max_hp_loss":0,"event_name":"Dead Adventurer","floor":14,"gold_loss":0}],"is_beta":false,"boss_relics":[],"items_purged_floors":[],"is_endless":false,"potions_floor_spawned":[1,7,13],"killed_by":"Hexaghost","ascension_level":12}