{"gold_per_floor":[109,127,140,158,158,192,192,243,266,277,305,324,4,4,4,102,102,114,132,132,19,38,69,69,87,112,130,157,2,2,12,12,111,111,129,129,141,159,176,208,208,254,254,30,42,42,42,142,142,142],"floor_reached":51,"playtime":2274,"items_purged":["Pain"],"score":754,"play_id":"54bc99df-18b4-45fa-b261-b39cc00ed147","local_time":"20190121192214","is_ascension_mode":false,"campfire_choices":[{"data":"Immolate","floor":7,"key":"SMITH"},{"floor":15,"key":"REST"},{"data":"Feed","floor":24,"key":"SMITH"},{"floor":32,"key":"REST"},{"floor":41,"key":"REST"},{"data":"Inflame","floor":49,"key":"SMITH"}],"neow_cost":"NONE","seed_source_timestamp":948940539798968,"circlet_count":0,"master_deck":["Strike_R","Strike_R","Strike_R","Strike_R","Strike_R","Defend_R","Defend_R","Defend_R","Defend_R","Bash","Cleave","Sword Boomerang","Immolate+1","Pommel Strike","Inflame+1","Flex","Clash","Feed+1","Perfected Strike+1","Clothesline+1","Inflame","Reaper","Sword Boomerang+1","Exhume","Rage","Flame Barrier+1","Clash+1","Inflame","Doubt"],"relics":["Burning Blood","Red Skull","Bronze Scales","Anchor","Dream Catcher","Shuriken","Sling","Lizard Tail","WarpedTongs","Self Forming Clay","Strawberry","Bag of Marbles","Vajra","Velvet Choker","Bag of Preparation","Du-Vu Doll","Pantograph","Blood Vial"],"potions_floor_usage":[6,16,22,33,33,40,42,45],"damage_taken":[{"damage":6,"enemies":"Cultist","floor":1,"turns":3},{"damage":13,"enemies":"2 Louse","floor":2,"turns":2},{"damage":6,"enemies":"Jaw Worm","floor":3,"turns":3},{"damage":10,"enemies":"2 Fungi Beasts","floor":4,"turns":3},{"damage":14,"enemies":"Gremlin Nob","floor":6,"turns":3},{"damage":0,"enemies":"Gremlin Gang","floor":10,"turns":1},{"damage":28,"enemies":"Lagavulin","floor":11,"turns":4},{"damage":10,"enemies":"Looter","floor":12,"turns":3},{"damage":7,"enemies":"Slime Boss","floor":16,"turns":5},{"damage":0,"enemies":"Chosen","floor":18,"turns":3},{"damage":10,"enemies":"Spheric Guardian","floor":19,"turns":3},{"damage":18,"enemies":"Centurion and Healer","floor":22,"turns":4},{"damage":31,"enemies":"Slavers","floor":23,"turns":3},{"damage":0,"enemies":"Cultist and Chosen","floor":25,"turns":4},{"damage":10,"enemies":"Sentry and Sphere","floor":27,"turns":3},{"damage":30,"enemies":"Book of Stabbing","floor":28,"turns":4},{"damage":7,"enemies":"Snake Plant","floor":31,"turns":2},{"damage":75,"enemies":"Collector","floor":33,"turns":7},{"damage":10,"enemies":"3 Shapes","floor":35,"turns":4},{"damage":6,"enemies":"3 Darklings","floor":37,"turns":2},{"damage":0,"enemies":"Sphere and 2 Shapes","floor":38,"turns":1},{"damage":0,"enemies":"4 Shapes","floor":39,"turns":1},{"damage":63,"enemies":"Reptomancer","floor":40,"turns":5},{"damage":68,"enemies":"2 Orb Walkers","floor":42,"turns":4},{"damage":0,"enemies":"Writhing Mass","floor":45,"turns":2},{"damage":68,"enemies":"Time Eater","floor":50,"turns":7}],"seed_played":"5927910350170349148","potions_obtained":[{"floor":2,"key":"AttackPotion"},{"floor":6,"key":"AttackPotion"},{"floor":12,"key":"LiquidBronze"},{"floor":16,"key":"SteroidPotion"},{"floor":18,"key":"BloodPotion"},{"floor":22,"key":"Swift Potion"},{"floor":27,"key":"SkillPotion"},{"floor":37,"key":"AttackPotion"},{"floor":38,"key":"AttackPotion"},{"floor":39,"key":"AttackPotion"},{"floor":40,"key":"Fire Potion"}],"is_trial":false,"path_per_floor":["M","M","M","M","?","E","R","?","T","M","E","M","$","$","R","B",null,"M","M","?","$","M","E","R","M","T","M","E","$","?","M","R","B",null,"M","$","M","M","M","E","R","?","T","$","M","$","?","?","R","B",null],"character_chosen":"IRONCLAD","items_purchased":["Inflame","Flex","Sling","Inflame","Vajra","Blood Vial","Inflame"],"campfire_rested":3,"item_purchase_floors":[13,13,13,21,29,44,44],"current_hp_per_floor":[80,73,73,69,66,58,58,58,58,64,42,38,38,38,62,61,80,80,76,76,76,68,46,46,56,63,59,35,35,35,34,63,58,98,98,98,98,102,102,45,75,13,13,13,21,21,102,102,102,40],"gold":142,"neow_bonus":"RANDOM_COMMON_RELIC","is_prod":false,"is_daily":false,"chose_seed":false,"campfire_upgraded":3,"win_rate":0.0,"timestamp":1548058934,"path_taken":["M","M","?","M","?","E","R","?","T","M","E","M","?","$","R","BOSS","M","M","?","$","?","E","R","M","T","M","E","$","?","M","R","BOSS","M","?","?","M","M","E","R","?","T","$","M","$","?","?","R","BOSS"],"build_version":"2019-01-17v2","purchased_purges":1,"victory":true,"max_hp_per_floor":[80,80,80,80,80,80,80,80,80,80,80,80,80,80,80,80,80,80,80,80,80,84,87,87,91,98,98,98,98,98,98,98,98,98,102,102,102,102,102,102,102,102,102,102,102,102,102,102,102,102],"card_choices":[{"not_picked":["True Grit","Twin Strike"],"picked":"Cleave","floor":1},{"not_picked":["Body Slam","Disarm","Cleave"],"picked":"SKIP","floor":2},{"not_picked":["Havoc","Searing Blow"],"picked":"Sword Boomerang","floor":3},{"not_picked":["Warcry","Pummel","Burning Pact"],"picked":"SKIP","floor":4},{"not_picked":["Anger","Shockwave"],"picked":"Immolate","floor":6},{"not_picked":["True Grit","Heavy Blade"],"picked":"Pommel Strike","floor":10},{"not_picked":["Anger","Havoc","Feel No Pain"],"picked":"SKIP","floor":11},{"not_picked":["Rupture","Dropkick"],"picked":"Armaments","floor":12},{"not_picked":["Rupture","Sword Boomerang"],"picked":"Clash","floor":15},{"not_picked":["Exhume","Brutality"],"picked":"Feed","floor":16},{"not_picked":["Dropkick","Feel No Pain"],"picked":"Perfected Strike+1","floor":18},{"not_picked":["Cleave+1","Disarm"],"picked":"Clothesline+1","floor":19},{"not_picked":["Sword Boomerang","Evolve","Rage"],"picked":"SKIP","floor":22},{"not_picked":["Wild Strike","Anger","Burning Pact"],"picked":"SKIP","floor":23},{"not_picked":["Twin Strike+1","Headbutt","Warcry+1"],"picked":"SKIP","floor":25},{"not_picked":["True Grit","Wild Strike+1","Clothesline"],"picked":"SKIP","floor":27},{"not_picked":["Clash","Carnage+1"],"picked":"Reaper","floor":28},{"not_picked":["Iron Wave+1","Entrench"],"picked":"Sword Boomerang+1","floor":31},{"not_picked":["Fiend Fire","Barricade"],"picked":"Exhume","floor":33},{"not_picked":["Anger","Rupture"],"picked":"Rage","floor":35},{"not_picked":["Perfected Strike","Iron Wave","Headbutt"],"picked":"SKIP","floor":37},{"not_picked":["Anger+1","Rage"],"picked":"Flame Barrier+1","floor":38},{"not_picked":["Dark Embrace","True Grit","Warcry"],"picked":"SKIP","floor":39},{"not_picked":["Armaments+1","Shrug It Off+1"],"picked":"Clash+1","floor":40},{"not_picked":["Rampage","Power Through","Heavy Blade+1"],"picked":"SKIP","floor":45}],"player_experience":78736,"relics_obtained":[{"floor":6,"key":"Anchor"},{"floor":9,"key":"Dream Catcher"},{"floor":11,"key":"Shuriken"},{"floor":23,"key":"Self Forming Clay"},{"floor":26,"key":"Strawberry"},{"floor":28,"key":"Bag of Marbles"},{"floor":40,"key":"Bag of Preparation"},{"floor":42,"key":"Du-Vu Doll"},{"floor":43,"key":"Pantograph"}],"event_choices":[{"damage_healed":0,"gold_gain":0,"player_choice":"Success","damage_taken":3,"relics_obtained":["Bronze Scales"],"max_hp_gain":0,"max_hp_loss":0,"event_name":"Scrap Ooze","floor":5,"gold_loss":0},{"damage_healed":0,"gold_gain":51,"player_choice":"Gained Gold","damage_taken":0,"max_hp_gain":0,"max_hp_loss":0,"event_name":"Golden Wing","floor":8,"gold_loss":0},{"damage_healed":0,"gold_gain":0,"player_choice":"Rummage","damage_taken":0,"relics_obtained":["WarpedTongs"],"max_hp_gain":0,"max_hp_loss":0,"event_name":"Accursed Blacksmith","floor":20,"gold_loss":0,"cards_obtained":["Pain"]},{"cards_removed":["Armaments"],"damage_healed":0,"gold_gain":0,"player_choice":"Purged","damage_taken":0,"max_hp_gain":0,"max_hp_loss":0,"event_name":"Purifier","floor":30,"gold_loss":0},{"damage_healed":0,"gold_gain":0,"player_choice":"Fight","damage_taken":0,"max_hp_gain":0,"max_hp_loss":0,"event_name":"Mysterious Sphere","floor":42,"gold_loss":0},{"damage_healed":81,"gold_gain":0,"player_choice":"Heal","damage_taken":0,"max_hp_gain":0,"max_hp_loss":0,"event_name":"MindBloom","floor":47,"gold_loss":0,"cards_obtained":["Doubt"]},{"damage_healed":0,"gold_gain":100,"player_choice":"Pray","damage_taken":0,"max_hp_gain":0,"max_hp_loss":0,"event_name":"Golden Shrine","floor":48,"gold_loss":0}],"is_beta":false,"boss_relics":[{"not_picked":["Orrery","Runic Cube"],"picked":"Lizard Tail"},{"not_picked":["Coffee Dripper","Fusion Hammer"],"picked":"Velvet Choker"}],"items_purged_floors":[21],"is_endless":false,"potions_floor_spawned":[2,6,12,16,18,22,27,37,38,39,40],"ascension_level":0}