{"gold_per_floor":[213,224,32,50,96,128,128,103,130,145,145,171,171,204,204,281,281,298,298,204,217,232,232,232,232,255,3,14,73,73,88,88,165,165,184,199,0,50,50],"floor_reached":39,"playtime":1602,"items_purged":["Writhe","Strike_B"],"score":884,"play_id":"2c685071-ccae-44b6-a57a-83dc92c55a93","local_time":"20190620013058","is_ascension_mode":true,"campfire_choices":[{"floor":7.0,"key":"REST"},{"data":"Glacier","floor":11.0,"key":"SMITH"},{"data":"Hologram","floor":13.0,"key":"SMITH"},{"data":"Hologram","floor":15.0,"key":"SMITH"},{"floor":23,"key":"REST"},{"data":"Undo","floor":25,"key":"SMITH"},{"floor":30,"key":"REST"},{"data":"Coolheaded","floor":32,"key":"SMITH"}],"neow_cost":"NONE","seed_source_timestamp":595784595285372,"circlet_count":0,"master_deck":["AscendersBane","Zap","Dualcast","Reinforced Body","Hologram+1","Gash","Gash","Cold Snap","Gash","Glacier+1","Hologram+1","Echo Form","Cold Snap","Undo+1","Beam Cell","Capacitor","Beam Cell+1","Coolheaded+1","Go for the Eyes","Biased Cognition+1","Coolheaded","Auto Shields","Heatsinks+1","Go for the Eyes","Hello World+1","Heatsinks+1","Recycle","Glacier+1"],"special_seed":0,"relics":["Cracked Core","Vajra","Regal Pillow","DataDisk","PreservedInsect","Smiling Mask","Bronze Scales","Black Star","Happy Flower","Strawberry","Boot","Tiny Chest","Frozen Egg 2","Pandora\u0027s Box","Red Mask"],"potions_floor_usage":[21,22,29],"damage_taken":[{"damage":1.0,"enemies":"Cultist","floor":1.0,"turns":3.0},{"damage":15.0,"enemies":"Small Slimes","floor":2.0,"turns":4.0},{"damage":4.0,"enemies":"Jaw Worm","floor":4.0,"turns":2.0},{"damage":21.0,"enemies":"Lagavulin","floor":6.0,"turns":7.0},{"damage":7.0,"enemies":"Lots of Slimes","floor":10.0,"turns":3.0},{"damage":0.0,"enemies":"3 Sentries","floor":12.0,"turns":7.0},{"damage":9.0,"enemies":"Lagavulin","floor":14.0,"turns":5.0},{"damage":1.0,"enemies":"The Guardian","floor":16.0,"turns":9.0},{"damage":19.0,"enemies":"3 Byrds","floor":18.0,"turns":4.0},{"damage":10,"enemies":"2 Thieves","floor":21,"turns":3},{"damage":23,"enemies":"3 Cultists","floor":22,"turns":6},{"damage":27,"enemies":"Snake Plant","floor":28,"turns":3},{"damage":14,"enemies":"Gremlin Leader","floor":29,"turns":6},{"damage":5,"enemies":"Centurion and Healer","floor":31,"turns":9},{"damage":53,"enemies":"Automaton","floor":33,"turns":12},{"damage":51,"enemies":"3 Darklings","floor":35,"turns":9},{"damage":2,"enemies":"3 Shapes","floor":36,"turns":6},{"damage":16,"enemies":"3 Darklings","floor":39,"turns":4}],"seed_played":"-4435733117911094734","potions_obtained":[{"floor":2.0,"key":"PowerPotion"},{"floor":4.0,"key":"GamblersBrew"},{"floor":12.0,"key":"SpeedPotion"},{"floor":16.0,"key":"Block Potion"},{"floor":18.0,"key":"AttackPotion"},{"floor":22,"key":"PowerPotion"}],"is_trial":false,"path_per_floor":["M","M","$","M","T","E","R","$","T","M","R","E","R","E","R","B",null,"M","?","$","M","M","R","?","R","T","$","M","E","R","M","R","B",null,"M","M","?","?","M"],"character_chosen":"DEFECT","items_purchased":["Vajra","Gash","Gash","Undo","Boot","Capacitor"],"campfire_rested":3,"item_purchase_floors":[3,3,8,20,27,27],"current_hp_per_floor":[63,48,48,44,44,23,59,59,59,52,52,52,52,43,43,42,64,45,45,45,35,12,48,71,71,78,78,51,37,75,70,70,17,63,12,10,10,10,0],"gold":50,"neow_bonus":"HUNDRED_GOLD","is_prod":false,"is_daily":false,"chose_seed":false,"campfire_upgraded":5,"win_rate":0,"timestamp":1560965458,"path_taken":["M","M","$","M","?","E","R","?","T","?","R","E","R","E","R","BOSS","M","?","$","M","M","R","?","R","T","$","M","E","R","M","R","BOSS","M","?","?","?","?"],"build_version":"2019-01-23","purchased_purges":2,"victory":false,"max_hp_per_floor":[71,71,71,71,71,71,71,71,71,71,71,71,71,71,71,71,71,71,71,71,71,71,71,71,71,78,78,78,78,78,78,78,78,78,78,78,78,78,78],"card_choices":[{"not_picked":["Beam Cell","FTL"],"picked":"Reinforced Body","floor":1.0},{"not_picked":["Lockon","Undo"],"picked":"Hologram","floor":2.0},{"not_picked":["Scrape","Go for the Eyes"],"picked":"Gash","floor":4.0},{"not_picked":["Double Energy","Tempest"],"picked":"Cold Snap","floor":6.0},{"not_picked":["Auto Shields","Sweeping Beam"],"picked":"Glacier","floor":10.0},{"not_picked":["Conserve Battery","Rebound"],"picked":"Hologram","floor":12.0},{"not_picked":["Redo","Multi-Cast","Chaos"],"picked":"SKIP","floor":14.0},{"not_picked":["Creative AI","Core Surge"],"picked":"Echo Form","floor":16.0},{"not_picked":["Leap","Compile Driver+1"],"picked":"Cold Snap","floor":18.0},{"not_picked":["Static Discharge","Streamline+1","Sweeping Beam"],"picked":"SKIP","floor":21},{"not_picked":["Streamline","Sweeping Beam"],"picked":"Beam Cell","floor":22},{"not_picked":["Turbo","Conserve Battery"],"picked":"Beam Cell+1","floor":28},{"not_picked":["Rip and Tear","Beam Cell"],"picked":"Coolheaded","floor":29},{"not_picked":["Static Discharge+1","Double Energy"],"picked":"Go for the Eyes","floor":31},{"not_picked":["Meteor Strike","Core Surge"],"picked":"Biased Cognition+1","floor":33},{"not_picked":["Ball Lightning","Sunder","Go for the Eyes+1"],"picked":"SKIP","floor":35},{"not_picked":["Barrage","Reinforced Body"],"picked":"Glacier+1","floor":36}],"player_experience":720061,"relics_obtained":[{"floor":5.0,"key":"Regal Pillow"},{"floor":6.0,"key":"DataDisk"},{"floor":9.0,"key":"PreservedInsect"},{"floor":12.0,"key":"Smiling Mask"},{"floor":14.0,"key":"Bronze Scales"},{"floor":26,"key":"Strawberry"},{"floor":29,"key":"Tiny Chest"},{"floor":29,"key":"Frozen Egg 2"}],"event_choices":[{"damage_healed":0,"gold_gain":0,"player_choice":"Opened","damage_taken":0,"relics_obtained":["Happy Flower"],"max_hp_gain":0,"max_hp_loss":0,"event_name":"The Mausoleum","floor":19,"gold_loss":0,"cards_obtained":["Writhe"]},{"damage_healed":23,"gold_gain":0,"player_choice":"Full Heal","damage_taken":0,"max_hp_gain":0,"max_hp_loss":0,"event_name":"Wheel of Change","floor":24,"gold_loss":0},{"damage_healed":0,"gold_gain":0,"player_choice":"Paid","damage_taken":0,"relics_obtained":["Red Mask"],"max_hp_gain":0,"max_hp_loss":0,"event_name":"Tomb of Lord Red Mask","floor":37,"gold_loss":199},{"damage_healed":0,"gold_gain":50,"player_choice":"Pray","damage_taken":0,"max_hp_gain":0,"max_hp_loss":0,"event_name":"Golden Shrine","floor":38,"gold_loss":0}],"is_beta":false,"boss_relics":[{"not_picked":["Orrery","Snecko Eye"],"picked":"Black Star"},{"not_picked":["Busted Crown","Empty Cage"],"picked":"Pandora\u0027s Box"}],"items_purged_floors":[20,27],"is_endless":false,"potions_floor_spawned":[2,4,12,16,18,22],"killed_by":"3 Darklings","ascension_level":20}