{"gold_per_floor":[111,127,147,147,76,76,104,104,127,167,192,204,226,413,425,539,601,632,559,589,618,268,268,299,299,369,400,420,439,191,207,207,309,309,320,330,330,341,0,0],"floor_reached":40,"playtime":2108,"items_purged":["Doubt"],"score":485,"play_id":"ea06f08d-abb1-4ea4-9760-6a2b9059df46","local_time":"20190121184329","is_ascension_mode":true,"campfire_choices":[{"data":"Zap","floor":6,"key":"SMITH"},{"data":"Ball Lightning","floor":8,"key":"SMITH"},{"floor":15,"key":"REST"},{"floor":23,"key":"REST"},{"floor":32,"key":"REST"}],"neow_cost":"NONE","seed_source_timestamp":946802015782723,"circlet_count":0,"master_deck":["Strike_B+1","Strike_B","Strike_B","Strike_B","Defend_B","Defend_B","Defend_B","Defend_B","Zap+1","Dualcast","Cold Snap","Conserve Battery","Doom and Gloom","Ball Lightning+1","Darkness","FTL","Rainbow","Gash","Melter","Sweeping Beam+1","White Noise","Gash+1","FTL+1","Cold Snap+1","Echo Form+1","Genetic Algorithm+1"],"relics":["Cracked Core","NeowsBlessing","Oddly Smooth Stone","MawBank","Bag of Marbles","Tiny House","Nunchaku","Happy Flower","Bronze Scales","Orichalcum","MutagenicStrength","Meat on the Bone","Regal Pillow","Frozen Egg 2","Black Star","Red Mask"],"potions_floor_usage":[16,21,29,33,40],"damage_taken":[{"damage":0,"enemies":"2 Louse","floor":1,"turns":1},{"damage":0,"enemies":"Cultist","floor":2,"turns":1},{"damage":0,"enemies":"Small Slimes","floor":3,"turns":1},{"damage":25,"enemies":"3 Sentries","floor":7,"turns":6},{"damage":5,"enemies":"Lagavulin","floor":10,"turns":5},{"damage":10,"enemies":"Looter","floor":11,"turns":2},{"damage":0,"enemies":"Large Slime","floor":13,"turns":3},{"damage":13,"enemies":"Slime Boss","floor":16,"turns":9},{"damage":5,"enemies":"Spheric Guardian","floor":18,"turns":4},{"damage":30,"enemies":"2 Thieves","floor":20,"turns":3},{"damage":17,"enemies":"Cultist and Chosen","floor":21,"turns":5},{"damage":30,"enemies":"Gremlin Leader","floor":24,"turns":5},{"damage":18,"enemies":"Slavers","floor":27,"turns":2},{"damage":17,"enemies":"Shelled Parasite and Fungi","floor":28,"turns":4},{"damage":4,"enemies":"Centurion and Healer","floor":29,"turns":3},{"damage":13,"enemies":"Snake Plant","floor":31,"turns":3},{"damage":58,"enemies":"Champ","floor":33,"turns":11},{"damage":2,"enemies":"Orb Walker","floor":35,"turns":3},{"damage":7,"enemies":"3 Darklings","floor":36,"turns":3},{"damage":31,"enemies":"Writhing Mass","floor":38,"turns":5},{"damage":57,"enemies":"Giant Head","floor":40,"turns":6}],"seed_played":"502169309767376985","potions_obtained":[{"floor":7,"key":"GamblersBrew"},{"floor":10,"key":"Energy Potion"},{"floor":13,"key":"GamblersBrew"},{"floor":16,"key":"Regen Potion"},{"floor":17,"key":"Regen Potion"},{"floor":21,"key":"Block Potion"},{"floor":29,"key":"SteroidPotion"},{"floor":33,"key":"Poison Potion"}],"is_trial":false,"path_per_floor":["M","M","M","?","$","R","E","R","T","E","M","$","M","?","R","B",null,"M","?","M","M","$","R","E","?","T","E","M","M","$","M","R","B",null,"M","M","?","M","?","E"],"character_chosen":"DEFECT","items_purchased":["Doom and Gloom","Happy Flower","Bronze Scales","Frozen Egg 2"],"campfire_rested":3,"item_purchase_floors":[5,22,22,30],"current_hp_per_floor":[75,75,75,75,75,75,50,50,50,45,35,35,35,35,57,44,80,75,75,45,40,40,64,34,34,34,28,23,40,40,39,78,32,80,78,71,71,52,52,0],"gold":0,"neow_bonus":"THREE_ENEMY_KILL","is_prod":false,"is_daily":false,"chose_seed":false,"campfire_upgraded":2,"win_rate":0,"timestamp":1548056609,"path_taken":["M","M","M","?","?","R","E","R","T","E","M","$","M","?","R","BOSS","M","?","M","M","$","R","E","?","T","E","?","M","?","M","R","BOSS","M","M","?","M","?","E"],"build_version":"2019-01-17v2","purchased_purges":1,"victory":false,"max_hp_per_floor":[75,75,75,75,75,75,75,75,75,75,75,75,75,75,75,75,80,80,80,80,80,80,80,80,80,80,80,80,80,80,80,80,80,80,80,80,80,80,80,80],"card_choices":[{"not_picked":["Turbo","Steam"],"picked":"Cold Snap","floor":1},{"not_picked":["Coolheaded","Redo"],"picked":"Barrage","floor":2},{"not_picked":["Hologram","Undo"],"picked":"Conserve Battery","floor":3},{"not_picked":["Hello World","Turbo"],"picked":"Ball Lightning","floor":7},{"not_picked":["Core Surge","Rebound"],"picked":"Darkness","floor":10},{"not_picked":["Rebound","Streamline","Stack"],"picked":"SKIP","floor":11},{"not_picked":["Beam Cell","Auto Shields"],"picked":"FTL","floor":13},{"not_picked":["Hyperbeam","Fission"],"picked":"Rainbow","floor":16},{"not_picked":["Coolheaded","Fusion"],"picked":"Gash","floor":17},{"not_picked":["Stack","Static Discharge"],"picked":"Melter","floor":18},{"not_picked":["Stack","Blizzard","Hologram"],"picked":"SKIP","floor":20},{"not_picked":["Undo","Leap+1"],"picked":"Sweeping Beam+1","floor":21},{"not_picked":["Turbo","Streamline"],"picked":"White Noise","floor":24},{"not_picked":["Rainbow","Turbo"],"picked":"Gash+1","floor":27},{"not_picked":["Ball Lightning","Steam Power"],"picked":"FTL+1","floor":28},{"not_picked":["Storm","Hello World","Coolheaded"],"picked":"SKIP","floor":29},{"not_picked":["Sweeping Beam","Turbo"],"picked":"Cold Snap+1","floor":31},{"not_picked":["Seek","Machine Learning+1"],"picked":"Echo Form+1","floor":33},{"not_picked":["Hologram+1","Ball Lightning","Barrage+1"],"picked":"SKIP","floor":35},{"not_picked":["Coolheaded","Rebound+1","Compile Driver"],"picked":"SKIP","floor":36},{"not_picked":["Go for the Eyes","Redo+1"],"picked":"Genetic Algorithm+1","floor":38}],"player_experience":76628,"relics_obtained":[{"floor":7,"key":"Oddly Smooth Stone"},{"floor":9,"key":"MawBank"},{"floor":10,"key":"Bag of Marbles"},{"floor":24,"key":"Orichalcum"},{"floor":26,"key":"Meat on the Bone"},{"floor":27,"key":"Regal Pillow"}],"event_choices":[{"damage_healed":0,"gold_gain":0,"cards_transformed":["Barrage"],"player_choice":"Transformed","damage_taken":0,"max_hp_gain":0,"max_hp_loss":0,"event_name":"Transmorgrifier","floor":4,"gold_loss":0,"cards_obtained":["Stack"]},{"damage_healed":0,"gold_gain":175,"player_choice":"AGREE","damage_taken":0,"max_hp_gain":0,"max_hp_loss":0,"event_name":"Liars Game","floor":14,"gold_loss":0,"cards_obtained":["Doubt"]},{"damage_healed":0,"gold_gain":0,"player_choice":"Obtained Relic","damage_taken":0,"relics_obtained":["Nunchaku"],"max_hp_gain":0,"max_hp_loss":0,"event_name":"Addict","floor":19,"gold_loss":85},{"damage_healed":0,"gold_gain":0,"player_choice":"Inject Mutagens","damage_taken":0,"relics_obtained":["MutagenicStrength"],"max_hp_gain":0,"max_hp_loss":0,"event_name":"Drug Dealer","floor":25,"gold_loss":0},{"cards_removed":["Stack"],"damage_healed":0,"gold_gain":0,"player_choice":"Removed Skill","damage_taken":0,"max_hp_gain":0,"max_hp_loss":0,"event_name":"Falling","floor":37,"gold_loss":0},{"damage_healed":0,"gold_gain":0,"player_choice":"Paid","damage_taken":0,"relics_obtained":["Red Mask"],"max_hp_gain":0,"max_hp_loss":0,"event_name":"Tomb of Lord Red Mask","floor":39,"gold_loss":341}],"is_beta":false,"boss_relics":[{"not_picked":["Snecko Eye","Empty Cage"],"picked":"Tiny House"},{"not_picked":["Eternal Feather","White Beast Statue"],"picked":"Black Star"}],"items_purged_floors":[22],"is_endless":false,"potions_floor_spawned":[7,10,13,16,20,21,27,29,33,38],"killed_by":"Giant Head","ascension_level":1}