{"gold_per_floor":[114,129,146,146,156,156,169,169,193,206,206,222,238,253,253,355,355,341,341],"floor_reached":19,"playtime":1453,"items_purged":[],"score":165,"play_id":"8100a45e-3daf-4602-a1d4-fcb6b88c8d7a","local_time":"20190131214018","is_ascension_mode":false,"campfire_choices":[{"floor":6,"key":"REST"},{"floor":8,"key":"REST"},{"floor":15,"key":"REST"}],"neow_cost":"NONE","seed_source_timestamp":1822084175211777,"circlet_count":0,"master_deck":["Defend_G","Defend_G","Defend_G","Defend_G","Defend_G","Strike_G","Strike_G","Strike_G","Strike_G","Strike_G","Survivor","Neutralize","Envenom+1","Noxious Fumes","Terror","Bane","Poisoned Stab"],"relics":["Ring of the Snake","Lantern","White Beast Statue"],"potions_floor_usage":[5,19,19,19],"damage_taken":[{"damage":2,"enemies":"Small Slimes","floor":1,"turns":4},{"damage":3,"enemies":"2 Louse","floor":2,"turns":3},{"damage":0,"enemies":"Jaw Worm","floor":3,"turns":5},{"damage":30,"enemies":"Gremlin Gang","floor":5,"turns":6},{"damage":2,"enemies":"Large Slime","floor":7,"turns":8},{"damage":12,"enemies":"Exordium Thugs","floor":10,"turns":7},{"damage":12,"enemies":"Looter","floor":12,"turns":3},{"damage":0,"enemies":"Large Slime","floor":13,"turns":5},{"damage":4,"enemies":"2 Fungi Beasts","floor":14,"turns":3},{"damage":50,"enemies":"Hexaghost","floor":16,"turns":10},{"damage":31,"enemies":"2 Thieves","floor":18,"turns":5},{"damage":46,"enemies":"3 Byrds","floor":19,"turns":6}],"seed_played":"-3135552646733553951","potions_obtained":[{"floor":2,"key":"SteroidPotion"},{"floor":3,"key":"Fire Potion"},{"floor":13,"key":"Energy Potion"},{"floor":16,"key":"Dexterity Potion"},{"floor":18,"key":"EssenceOfSteel"}],"is_trial":false,"path_per_floor":["M","M","M","?","M","R","M","R","T","M","?","M","M","M","R","B",null,"M","M"],"character_chosen":"THE_SILENT","items_purchased":[],"campfire_rested":3,"item_purchase_floors":[],"current_hp_per_floor":[68,65,65,65,35,56,54,70,70,58,58,46,46,42,63,13,70,39,0],"gold":341,"neow_bonus":"ONE_RANDOM_RARE_CARD","is_prod":false,"is_daily":false,"chose_seed":false,"campfire_upgraded":0,"win_rate":0.0,"timestamp":1548931218,"path_taken":["M","M","M","?","M","R","M","R","T","M","?","M","M","M","R","BOSS","M","M"],"build_version":"2019-01-23","purchased_purges":0,"victory":false,"max_hp_per_floor":[70,70,70,70,70,70,70,70,70,70,70,70,70,70,70,70,70,70,70],"card_choices":[{"not_picked":["Sucker Punch","Dash","Backflip"],"picked":"SKIP","floor":1},{"not_picked":["Cloak And Dagger","Quick Slash","After Image"],"picked":"SKIP","floor":2},{"not_picked":["Predator","Backflip","All Out Attack"],"picked":"SKIP","floor":3},{"not_picked":["Deflect","Dagger Throw"],"picked":"Noxious Fumes","floor":5},{"not_picked":["Flying Knee","Skewer","Finisher"],"picked":"SKIP","floor":7},{"not_picked":["Deflect","Poisoned Stab"],"picked":"Terror","floor":10},{"not_picked":["All Out Attack","Escape Plan","Acrobatics"],"picked":"SKIP","floor":12},{"not_picked":["Blade Dance","Deflect","Concentrate"],"picked":"SKIP","floor":13},{"not_picked":["PiercingWail","Accuracy"],"picked":"Bane","floor":14},{"not_picked":["Calculated Gamble","Acrobatics+1"],"picked":"Poisoned Stab","floor":18}],"player_experience":122658,"relics_obtained":[{"floor":9,"key":"Lantern"}],"event_choices":[{"damage_healed":0,"gold_gain":0,"player_choice":"Leave","damage_taken":0,"max_hp_gain":0,"max_hp_loss":0,"event_name":"The Cleric","floor":4,"gold_loss":0},{"damage_healed":0,"gold_gain":0,"player_choice":"Grow","damage_taken":0,"max_hp_gain":0,"max_hp_loss":0,"event_name":"Living Wall","floor":11,"gold_loss":0,"cards_upgraded":["Envenom"]}],"is_beta":false,"boss_relics":[{"not_picked":["Runic Pyramid","Ring of the Serpent"],"picked":"White Beast Statue"}],"items_purged_floors":[],"is_endless":false,"potions_floor_spawned":[2,3,13,16,18],"killed_by":"3 Byrds","ascension_level":0}