{"gold_per_floor":[115,115,115,128,53,82,102,121,121,48,48,63,77,77,77,174,174,189,189,203,203],"floor_reached":21,"playtime":1677,"items_purged":["Regret"],"score":206,"play_id":"d9dcdb2e-7008-4222-b70f-7e7bcb5b085c","local_time":"20190319181614","is_ascension_mode":false,"campfire_choices":[{"floor":11,"key":"REST"},{"floor":15,"key":"REST"}],"neow_cost":"NONE","seed_source_timestamp":346242523410318,"circlet_count":0,"master_deck":["Defend_G","Defend_G","Defend_G","Defend_G","Defend_G","Strike_G","Strike_G","Strike_G","Strike_G","Strike_G","Survivor","Neutralize","Backflip","Burst","Outmaneuver","Noxious Fumes","Caltrops","Deflect","Flying Knee","Noxious Fumes"],"relics":["Ring of the Snake","Centennial Puzzle","Singing Bowl","Matryoshka","Dodecahedron","Bronze Scales","Pantograph","Orrery"],"potions_floor_usage":[],"damage_taken":[{"damage":3,"enemies":"Jaw Worm","floor":1,"turns":5},{"damage":20,"enemies":"Small Slimes","floor":4,"turns":5},{"damage":28,"enemies":"3 Sentries","floor":6,"turns":15},{"damage":0,"enemies":"Cultist","floor":7,"turns":4},{"damage":3,"enemies":"2 Fungi Beasts","floor":8,"turns":4},{"damage":3,"enemies":"Red Slaver","floor":12,"turns":5},{"damage":2,"enemies":"Looter","floor":13,"turns":4},{"damage":71,"enemies":"Slime Boss","floor":16,"turns":15},{"damage":7,"enemies":"Chosen","floor":18,"turns":6},{"damage":25,"enemies":"Spheric Guardian","floor":20,"turns":6},{"damage":38,"enemies":"Cultist and Chosen","floor":21,"turns":5}],"seed_played":"77611590606278257","potions_obtained":[{"floor":1,"key":"Poison Potion"},{"floor":8,"key":"FairyPotion"}],"is_trial":false,"path_per_floor":["M","?","?","M","$","E","M","M","T","$","R","M","M","?","R","B",null,"M","?","M","M"],"character_chosen":"THE_SILENT","items_purchased":["Noxious Fumes"],"campfire_rested":2,"item_purchase_floors":[10],"current_hp_per_floor":[67,67,67,47,47,21,21,18,18,18,39,36,36,36,58,5,82,77,77,54,16],"gold":203,"neow_bonus":"RANDOM_COMMON_RELIC","is_prod":false,"is_daily":false,"chose_seed":false,"campfire_upgraded":0,"win_rate":0,"timestamp":1552979774,"path_taken":["M","?","?","M","$","E","M","M","T","$","R","?","M","?","R","BOSS","M","?","M","?"],"build_version":"2019-01-23","purchased_purges":1,"victory":false,"max_hp_per_floor":[70,70,70,70,70,72,72,72,72,72,72,72,74,74,74,76,82,84,84,86,86],"card_choices":[{"not_picked":["Concentrate","Dagger Spray","Prepared"],"picked":"SKIP","floor":1},{"not_picked":["Dagger Throw","Underhanded Strike"],"picked":"Backflip","floor":4},{"not_picked":["Bane","Outmaneuver","Slice"],"picked":"Singing Bowl","floor":6},{"not_picked":["Acrobatics","Deadly Poison"],"picked":"Burst","floor":7},{"not_picked":["Deadly Poison","PiercingWail"],"picked":"Outmaneuver","floor":8},{"not_picked":["Outmaneuver","Skewer"],"picked":"Caltrops","floor":12},{"not_picked":["Backflip","Slice","Prepared"],"picked":"Singing Bowl","floor":13},{"not_picked":["Unload","Burst","Night Terror"],"picked":"Singing Bowl","floor":16},{"not_picked":["Outmaneuver","Eviscerate","Setup"],"picked":"Singing Bowl","floor":17},{"not_picked":["Deadly Poison","Poisoned Stab"],"picked":"Deflect","floor":17},{"not_picked":["Dodge and Roll","Blur","Sucker Punch"],"picked":"Singing Bowl","floor":17},{"not_picked":["Underhanded Strike","Deadly Poison","Dash"],"picked":"Singing Bowl","floor":17},{"not_picked":["Crippling Poison","Slice"],"picked":"Flying Knee","floor":17},{"not_picked":["Blur+1","Endless Agony","Grand Finale"],"picked":"Singing Bowl","floor":18},{"not_picked":["Underhanded Strike","Flying Knee","Reflex"],"picked":"Singing Bowl","floor":20}],"player_experience":239754,"relics_obtained":[{"floor":3,"key":"Matryoshka"},{"floor":6,"key":"Dodecahedron"},{"floor":9,"key":"Bronze Scales"},{"floor":9,"key":"Pantograph"}],"event_choices":[{"damage_healed":0,"gold_gain":0,"player_choice":"Box","damage_taken":0,"relics_obtained":["Singing Bowl"],"max_hp_gain":0,"max_hp_loss":0,"event_name":"Big Fish","floor":2,"gold_loss":0,"cards_obtained":["Regret"]},{"damage_healed":0,"gold_gain":0,"player_choice":"Relic","damage_taken":0,"max_hp_gain":0,"max_hp_loss":0,"event_name":"Wheel of Change","floor":3,"gold_loss":0},{"damage_healed":0,"gold_gain":0,"player_choice":"Ignored","damage_taken":0,"max_hp_gain":0,"max_hp_loss":0,"event_name":"Shining Light","floor":14,"gold_loss":0},{"damage_healed":0,"gold_gain":0,"player_choice":"Copied","damage_taken":0,"max_hp_gain":0,"max_hp_loss":0,"event_name":"Duplicator","floor":19,"gold_loss":0,"cards_obtained":["Noxious Fumes"]}],"is_beta":false,"boss_relics":[{"not_picked":["Philosopher\u0027s Stone","Lizard Tail"],"picked":"Orrery"}],"items_purged_floors":[5],"is_endless":false,"potions_floor_spawned":[1,8],"killed_by":"Cultist and Chosen","ascension_level":0}