{"gold_per_floor":[112,125,125,202,202,233,233,262,262,290,290,305,326,345,345,474,474,490,589,504,519,519,519,560,320,346,346,365,365,365,386,386,386],"floor_reached":33,"playtime":2127,"items_purged":[],"score":365,"play_id":"918078bd-be62-43ff-ac67-deac2de33be0","local_time":"20190609152544","is_ascension_mode":true,"campfire_choices":[{"data":"Shockwave","floor":7,"key":"SMITH"},{"data":"Feed","floor":15,"key":"SMITH"},{"data":"Dark Embrace","floor":23,"key":"SMITH"},{"floor":27,"key":"REST"},{"floor":29,"key":"REST"},{"floor":32,"key":"REST"}],"neow_cost":"NONE","seed_source_timestamp":1884100381325881,"circlet_count":0,"master_deck":["Strike_R","Strike_R","Strike_R","Strike_R","Defend_R+1","Defend_R","Defend_R","Defend_R","Bash+1","Carnage","Cleave","Heavy Blade","Shockwave+1","Evolve","Feed+1","Injury","True Grit","Dark Embrace+1","Blood for Blood","Battle Trance+1","Regret","Cleave+1","Havoc","Burning Pact","Seeing Red"],"relics":["Burning Blood","Gambling Chip","Matryoshka","Bag of Preparation","Pocketwatch","Meat on the Bone","Golden Idol","Mark of Pain","Art of War","Shuriken","Toolbox","Singing Bowl","War Paint","Enchiridion"],"potions_floor_usage":[10,33,33,33,33,33,33],"damage_taken":[{"damage":6,"enemies":"Cultist","floor":1,"turns":3},{"damage":7,"enemies":"Jaw Worm","floor":2,"turns":3},{"damage":44,"enemies":"Lagavulin","floor":6,"turns":5},{"damage":16,"enemies":"Gremlin Nob","floor":8,"turns":3},{"damage":20,"enemies":"3 Sentries","floor":10,"turns":4},{"damage":0,"enemies":"Small Slimes","floor":12,"turns":2},{"damage":11,"enemies":"Blue Slaver","floor":13,"turns":3},{"damage":14,"enemies":"Lots of Slimes","floor":14,"turns":2},{"damage":52,"enemies":"Slime Boss","floor":16,"turns":13},{"damage":13,"enemies":"3 Byrds","floor":18,"turns":5},{"damage":12,"enemies":"Chosen","floor":21,"turns":4},{"damage":78,"enemies":"Slavers","floor":24,"turns":5},{"damage":42,"enemies":"Sentry and Sphere","floor":28,"turns":6},{"damage":23,"enemies":"Centurion and Healer","floor":31,"turns":5},{"damage":96,"enemies":"Collector","floor":33,"turns":7}],"seed_played":"2636340807993987858","potions_obtained":[{"floor":1,"key":"Swift Potion"},{"floor":6,"key":"Regen Potion"},{"floor":14,"key":"EssenceOfSteel"},{"floor":28,"key":"EntropicBrew"}],"is_trial":false,"path_per_floor":["M","M","$","?","?","E","R","E","T","E","?","M","M","M","R","B",null,"M","?","?","M","?","R","E","$","T","R","M","R","?","M","R","B"],"character_chosen":"IRONCLAD","items_purchased":["Toolbox","Havoc"],"campfire_rested":3,"item_purchase_floors":[25,25],"current_hp_per_floor":[80,79,79,79,79,41,41,31,31,29,29,50,57,52,52,22,90,87,87,87,81,81,81,25,25,25,54,34,64,48,43,73,0],"gold":386,"neow_bonus":"TRANSFORM_CARD","is_prod":false,"is_daily":false,"chose_seed":false,"campfire_upgraded":3,"win_rate":0,"timestamp":1560057944,"path_taken":["M","M","$","?","?","E","R","E","T","E","?","M","?","M","R","BOSS","M","?","?","M","?","R","E","$","T","R","?","R","?","M","R","BOSS"],"build_version":"2019-01-23","purchased_purges":0,"victory":false,"max_hp_per_floor":[80,80,80,80,80,80,80,80,80,80,80,83,83,86,86,90,90,94,94,94,94,94,94,98,98,98,98,102,102,102,102,102,102],"card_choices":[{"not_picked":["Carnage","Body Slam"],"picked":"Cleave","floor":1},{"not_picked":["Sword Boomerang","Bloodletting"],"picked":"Heavy Blade","floor":2},{"not_picked":["Whirlwind","Body Slam"],"picked":"Shockwave","floor":6},{"not_picked":["Sword Boomerang","Carnage"],"picked":"Evolve","floor":8},{"not_picked":["Sword Boomerang","Cleave"],"picked":"Feed","floor":10},{"not_picked":["Anger","Heavy Blade","Combust"],"picked":"SKIP","floor":12},{"not_picked":["Headbutt","Thunderclap"],"picked":"True Grit","floor":13},{"not_picked":["Anger","Heavy Blade","Body Slam"],"picked":"SKIP","floor":14},{"not_picked":["Bludgeon","Juggernaut"],"picked":"Dark Embrace","floor":16},{"not_picked":["Sword Boomerang","Cleave"],"picked":"Blood for Blood","floor":18},{"not_picked":["Entrench","Thunderclap"],"picked":"Battle Trance","floor":21},{"not_picked":["Evolve","Sword Boomerang"],"picked":"Cleave+1","floor":24},{"not_picked":["Inflame","Warcry"],"picked":"Burning Pact","floor":28},{"not_picked":["Body Slam+1","Sword Boomerang+1"],"picked":"Seeing Red","floor":31}],"player_experience":438510,"relics_obtained":[{"floor":6,"key":"Gambling Chip"},{"floor":8,"key":"Matryoshka"},{"floor":9,"key":"Bag of Preparation"},{"floor":9,"key":"Pocketwatch"},{"floor":10,"key":"Meat on the Bone"},{"floor":24,"key":"Shuriken"},{"floor":26,"key":"Singing Bowl"},{"floor":26,"key":"War Paint"},{"floor":30,"key":"Enchiridion"}],"event_choices":[{"damage_healed":0,"gold_gain":77,"player_choice":"Gained Gold","damage_taken":0,"max_hp_gain":0,"max_hp_loss":0,"event_name":"Golden Wing","floor":4,"gold_loss":0},{"damage_healed":0,"gold_gain":0,"player_choice":"Grow","damage_taken":0,"max_hp_gain":0,"max_hp_loss":0,"event_name":"Living Wall","floor":5,"gold_loss":0,"cards_upgraded":["Bash"]},{"damage_healed":0,"gold_gain":0,"player_choice":"Take Wound","damage_taken":0,"relics_obtained":["Golden Idol"],"max_hp_gain":0,"max_hp_loss":0,"event_name":"Golden Idol","floor":11,"gold_loss":0,"cards_obtained":["Injury"]},{"damage_healed":0,"gold_gain":99,"player_choice":"Stole From Cult","damage_taken":0,"max_hp_gain":0,"max_hp_loss":0,"event_name":"Nest","floor":19,"gold_loss":0},{"damage_healed":0,"gold_gain":0,"player_choice":"Obtained Relic","damage_taken":0,"relics_obtained":["Art of War"],"max_hp_gain":0,"max_hp_loss":0,"event_name":"Addict","floor":20,"gold_loss":85},{"damage_healed":0,"gold_gain":0,"player_choice":"1 cards matched","damage_taken":0,"max_hp_gain":0,"max_hp_loss":0,"event_name":"Match and Keep!","floor":22,"gold_loss":0,"cards_obtained":["Regret"]},{"damage_healed":0,"gold_gain":0,"player_choice":"Obtained Book","damage_taken":16,"max_hp_gain":0,"max_hp_loss":0,"event_name":"Cursed Tome","floor":30,"gold_loss":0}],"is_beta":false,"boss_relics":[{"not_picked":["Calling Bell","Astrolabe"],"picked":"Mark of Pain"}],"items_purged_floors":[],"is_endless":false,"potions_floor_spawned":[1,6,14,28],"killed_by":"Collector","ascension_level":4}