{"gold_per_floor":[111,41,56,71,71,71,97,111,138,62,78,78,98,110,110,187,187,197,197,209,209,209],"floor_reached":22,"playtime":1547,"items_purged":[],"score":376,"play_id":"97577a12-ca8e-4bb0-8d48-cae9ef378952","local_time":"20190623104618","is_ascension_mode":true,"campfire_choices":[{"floor":12.0,"key":"REST"},{"floor":15.0,"key":"REST"}],"neow_cost":"NONE","seed_source_timestamp":0,"circlet_count":0,"master_deck":["AscendersBane","Survivor","Neutralize+1","Poisoned Stab","Deadly Poison","Bouncing Flask","Backflip","Dagger Spray","Noxious Fumes","Dodge and Roll","Poisoned Stab","Corpse Explosion","PiercingWail","Dagger Spray","Predator","Cloak And Dagger","Backstab","Terror","Flechettes","Masterful Stab","Backflip","PiercingWail+1","Deflect","Dagger Spray"],"special_seed":0,"relics":["Ring of the Snake","Boot","Omamori","Pandora\u0027s Box","Nloth\u0027s Gift"],"potions_floor_usage":[],"damage_taken":[{"damage":10.0,"enemies":"Small Slimes","floor":1.0,"turns":6.0},{"damage":0.0,"enemies":"Cultist","floor":3.0,"turns":4.0},{"damage":10.0,"enemies":"2 Louse","floor":4.0,"turns":3.0},{"damage":26.0,"enemies":"Gremlin Nob","floor":7.0,"turns":4.0},{"damage":14.0,"enemies":"Exordium Thugs","floor":8.0,"turns":5.0},{"damage":4.0,"enemies":"Blue Slaver","floor":11.0,"turns":5.0},{"damage":5.0,"enemies":"Lots of Slimes","floor":13.0,"turns":3.0},{"damage":0.0,"enemies":"Large Slime","floor":14.0,"turns":6.0},{"damage":36.0,"enemies":"Hexaghost","floor":16.0,"turns":8.0},{"damage":34.0,"enemies":"Shell Parasite","floor":18.0,"turns":4.0},{"damage":8.0,"enemies":"Chosen","floor":20.0,"turns":3.0},{"damage":23,"enemies":"Shelled Parasite and Fungi","floor":22,"turns":1}],"seed_played":"-246251313818502988","potions_obtained":[{"floor":3.0,"key":"Regen Potion"},{"floor":7.0,"key":"Dexterity Potion"},{"floor":8.0,"key":"FearPotion"},{"floor":14.0,"key":"GamblersBrew"},{"floor":18.0,"key":"FearPotion"}],"is_trial":false,"path_per_floor":["M","?","M","M","?","$","E","M","T","$","M","R","M","M","R","B",null,"M","?","M","?","M"],"character_chosen":"THE_SILENT","items_purchased":["Noxious Fumes"],"campfire_rested":2,"item_purchase_floors":[10],"current_hp_per_floor":[55,55,55,45,45,45,31,17,17,17,13,34,29,29,50,14,58,24,24,16,16,0],"gold":209,"neow_bonus":"TEN_PERCENT_HP_BONUS","is_prod":false,"is_daily":false,"chose_seed":false,"campfire_upgraded":0,"win_rate":0,"timestamp":1561301178,"path_taken":["M","?","?","M","?","$","E","M","T","?","M","R","M","M","R","BOSS","M","?","?","?","M"],"build_version":"2019-01-23","purchased_purges":0,"victory":false,"max_hp_per_floor":[72,72,72,72,72,72,72,72,72,72,72,72,72,72,72,72,72,72,72,72,72,72],"card_choices":[{"not_picked":["Cloak And Dagger","Acrobatics"],"picked":"Poisoned Stab","floor":1.0},{"not_picked":["Sucker Punch","Heel Hook"],"picked":"Deadly Poison","floor":3.0},{"not_picked":["Tools of the Trade","Escape Plan"],"picked":"Bouncing Flask","floor":4.0},{"not_picked":["Bane","Underhanded Strike"],"picked":"Backflip","floor":7.0},{"not_picked":["Dagger Throw","Quick Slash"],"picked":"Dagger Spray","floor":8.0},{"not_picked":["Underhanded Strike","Distraction","Reflex"],"picked":"SKIP","floor":11.0},{"not_picked":["Acrobatics","Endless Agony"],"picked":"Dodge and Roll","floor":13.0},{"not_picked":["Blade Dance","Endless Agony"],"picked":"Poisoned Stab","floor":14.0},{"not_picked":["A Thousand Cuts","Glass Knife"],"picked":"Corpse Explosion","floor":16.0},{"not_picked":["Poisoned Stab","Acrobatics"],"picked":"Backflip","floor":18.0},{"not_picked":["Flying Knee","Underhanded Strike"],"picked":"PiercingWail+1","floor":20.0}],"player_experience":864155,"relics_obtained":[{"floor":7.0,"key":"Boot"},{"floor":9.0,"key":"Omamori"}],"event_choices":[{"damage_healed":0.0,"max_hp_gain":0.0,"max_hp_loss":0.0,"gold_gain":0.0,"event_name":"WeMeetAgain","player_choice":"Paid Gold","floor":2.0,"gold_loss":70.0,"damage_taken":0.0,"relics_obtained":["Potion Belt"]},{"damage_healed":0.0,"max_hp_gain":0.0,"max_hp_loss":0.0,"gold_gain":0.0,"event_name":"Upgrade Shrine","player_choice":"Upgraded","floor":5.0,"gold_loss":0.0,"damage_taken":0.0,"cards_upgraded":["Neutralize"]},{"damage_healed":0.0,"max_hp_gain":0.0,"max_hp_loss":0.0,"gold_gain":0.0,"event_name":"N\u0027loth","player_choice":"Traded Relic","floor":19.0,"relics_lost":["Potion Belt"],"gold_loss":0.0,"damage_taken":0.0,"relics_obtained":["Nloth\u0027s Gift"]},{"damage_healed":0.0,"max_hp_gain":0.0,"max_hp_loss":0.0,"gold_gain":0.0,"cards_transformed":["Expertise","Tools of the Trade"],"event_name":"Drug Dealer","player_choice":"Became Test Subject","floor":21.0,"gold_loss":0.0,"damage_taken":0.0,"cards_obtained":["Deflect","Dagger Spray"]}],"is_beta":false,"boss_relics":[{"not_picked":["Eternal Feather","Lizard Tail"],"picked":"Pandora\u0027s Box"}],"items_purged_floors":[],"is_endless":false,"potions_floor_spawned":[3,7,8,14,18],"killed_by":"Shelled Parasite and Fungi","ascension_level":20}