{"gold_per_floor":[114,114,114,133,145,145,177,177,177,135,165,191,52,65,65,65],"floor_reached":16,"playtime":539,"items_purged":[],"score":216,"play_id":"c3e51816-b6df-4f0f-ac73-b48c8082b038","local_time":"20190620003448","is_ascension_mode":true,"campfire_choices":[{"floor":6,"key":"REST"},{"floor":8,"key":"REST"},{"floor":15,"key":"REST"}],"neow_cost":"NONE","seed_source_timestamp":593488928872152,"circlet_count":0,"master_deck":["AscendersBane","Strike_B","Strike_B","Strike_B","Strike_B+1","Defend_B","Defend_B","Defend_B+1","Zap","Dualcast","Cold Snap","Go for the Eyes","Go for the Eyes","Blizzard","Blizzard","Consume","Ball Lightning"],"relics":["Cracked Core","Orichalcum","Turnip","Ornamental Fan","Juzu Bracelet","Odd Mushroom","Tiny Chest"],"potions_floor_usage":[7,11,16,16],"damage_taken":[{"damage":0,"enemies":"2 Louse","floor":1,"turns":2},{"damage":4,"enemies":"Jaw Worm","floor":4,"turns":3},{"damage":0,"enemies":"Cultist","floor":5,"turns":3},{"damage":9,"enemies":"3 Sentries","floor":7,"turns":12},{"damage":22,"enemies":"Lagavulin","floor":11,"turns":7},{"damage":19,"enemies":"The Mushroom Lair","floor":12,"turns":4},{"damage":8,"enemies":"3 Louse","floor":14,"turns":3},{"damage":37,"enemies":"The Guardian","floor":16,"turns":9}],"seed_played":"-624873479568218049","potions_obtained":[{"floor":4,"key":"Dexterity Potion"},{"floor":5,"key":"SteroidPotion"},{"floor":7,"key":"GamblersBrew"},{"floor":12,"key":"Block Potion"}],"is_trial":false,"path_per_floor":["M","?","?","M","M","R","E","R","T","$","E","?","$","M","R","B"],"character_chosen":"DEFECT","items_purchased":["Blizzard","Tiny Chest"],"campfire_rested":3,"item_purchase_floors":[10,13],"current_hp_per_floor":[64,57,36,32,32,53,44,65,65,65,43,24,24,16,37,0],"gold":65,"neow_bonus":"RANDOM_COMMON_RELIC","is_prod":false,"is_daily":false,"chose_seed":false,"campfire_upgraded":0,"win_rate":0,"timestamp":1560962088,"path_taken":["M","?","?","M","M","R","E","R","T","$","E","?","?","M","R","BOSS"],"build_version":"2019-01-23","purchased_purges":0,"victory":false,"max_hp_per_floor":[71,71,71,71,71,71,71,71,71,71,71,71,71,71,71,71],"card_choices":[{"not_picked":["Undo","Tempest"],"picked":"Cold Snap","floor":1},{"not_picked":["Storm","Reprogram"],"picked":"Go for the Eyes","floor":4},{"not_picked":["Streamline","Redo"],"picked":"Go for the Eyes","floor":5},{"not_picked":["Hello World","Sweeping Beam","Go for the Eyes"],"picked":"SKIP","floor":7},{"not_picked":["Rebound","Doom and Gloom"],"picked":"Blizzard","floor":11},{"not_picked":["Sweeping Beam","Beam Cell"],"picked":"Consume","floor":12},{"not_picked":["Conserve Battery","Auto Shields"],"picked":"Ball Lightning","floor":14}],"player_experience":718093,"relics_obtained":[{"floor":7,"key":"Turnip"},{"floor":9,"key":"Ornamental Fan"},{"floor":11,"key":"Juzu Bracelet"},{"floor":12,"key":"Odd Mushroom"}],"event_choices":[{"cards_removed":["Defend_B"],"damage_healed":0,"gold_gain":0,"player_choice":"Card Removal","damage_taken":7,"max_hp_gain":0,"max_hp_loss":0,"event_name":"Golden Wing","floor":2,"gold_loss":0},{"damage_healed":0,"gold_gain":0,"player_choice":"Entered Light","damage_taken":21,"max_hp_gain":0,"max_hp_loss":0,"event_name":"Shining Light","floor":3,"gold_loss":0,"cards_upgraded":["Strike_B","Defend_B"]},{"damage_healed":0,"gold_gain":0,"player_choice":"Fought Mushrooms","damage_taken":0,"max_hp_gain":0,"max_hp_loss":0,"event_name":"Mushrooms","floor":12,"gold_loss":0}],"is_beta":false,"boss_relics":[],"items_purged_floors":[],"is_endless":false,"potions_floor_spawned":[4,5,7,12],"killed_by":"The Guardian","ascension_level":20}