{"gold_per_floor":[110,130,150,150,19,19,48,48,73,111,111,111,134,149,149,245,245,268,268,268,164,164,164,184,184,184,184,210,222,250,262,274,359,421,445,34,44,58,0,0,0],"floor_reached":41,"playtime":1704,"items_purged":["Strike_R","Strike_R"],"score":834,"play_id":"afa03118-7073-4104-8e44-8316ea844251","local_time":"20190125000403","is_ascension_mode":true,"campfire_choices":[{"data":"Body Slam","floor":6.0,"key":"SMITH"},{"data":"Brutality","floor":11.0,"key":"SMITH"},{"data":"Heavy Blade","floor":15.0,"key":"SMITH"},{"data":"Rupture","floor":23.0,"key":"SMITH"},{"data":"Sword Boomerang","floor":25.0,"key":"SMITH"},{"data":"Immolate","floor":27.0,"key":"SMITH"},{"data":"Flame Barrier","floor":29.0,"key":"SMITH"},{"data":"Armaments","floor":32.0,"key":"SMITH"},{"data":"Bash","floor":40.0,"key":"SMITH"}],"neow_cost":"NONE","seed_source_timestamp":0,"circlet_count":0,"master_deck":["AscendersBane","Strike_R","Strike_R","Defend_R","Defend_R","Defend_R","Defend_R","Bash+1","Flame Barrier+1","Body Slam+1","Shrug It Off","Brutality+1","Pommel Strike","Rupture+1","Anger","Heavy Blade+1","Offering","Clothesline","Sword Boomerang+1","Ghostly","Ghostly","Ghostly","Immolate+1","Offering+1","Armaments+1","Reaper"],"special_seed":0,"relics":["Burning Blood","NeowsBlessing","Smiling Mask","Bloody Idol","Oddly Smooth Stone","Mercury Hourglass","Runic Cube","Letter Opener","MawBank","Thread and Needle","Tiny House","Bag of Preparation","Pear","Red Mask"],"potions_floor_usage":[],"damage_taken":[{"damage":0.0,"enemies":"Cultist","floor":1.0,"turns":1.0},{"damage":0.0,"enemies":"2 Louse","floor":2.0,"turns":2.0},{"damage":0.0,"enemies":"Small Slimes","floor":3.0,"turns":1.0},{"damage":22.0,"enemies":"Lagavulin","floor":7.0,"turns":7.0},{"damage":48.0,"enemies":"Gremlin Nob","floor":10.0,"turns":5.0},{"damage":9.0,"enemies":"Blue Slaver","floor":13.0,"turns":3.0},{"damage":2.0,"enemies":"Large Slime","floor":14.0,"turns":3.0},{"damage":11.0,"enemies":"Hexaghost","floor":16.0,"turns":7.0},{"damage":9.0,"enemies":"Spheric Guardian","floor":18.0,"turns":4.0},{"damage":7.0,"enemies":"Shell Parasite","floor":24.0,"turns":4.0},{"damage":20.0,"enemies":"Book of Stabbing","floor":28.0,"turns":5.0},{"damage":5.0,"enemies":"Chosen and Byrds","floor":30.0,"turns":4.0},{"damage":22.0,"enemies":"Champ","floor":33.0,"turns":14.0},{"damage":10.0,"enemies":"3 Shapes","floor":35.0,"turns":4.0},{"damage":15.0,"enemies":"Orb Walker","floor":37.0,"turns":4.0},{"damage":4.0,"enemies":"4 Shapes","floor":38.0,"turns":3.0},{"damage":0,"enemies":"Giant Head","floor":41,"turns":1}],"seed_played":"7852871879623001980","potions_obtained":[{"floor":3.0,"key":"AttackPotion"},{"floor":10.0,"key":"AttackPotion"},{"floor":13.0,"key":"LiquidBronze"},{"floor":14.0,"key":"Fire Potion"},{"floor":28.0,"key":"SneckoOil"},{"floor":33.0,"key":"SteroidPotion"}],"is_trial":false,"path_per_floor":["M","M","M","?","$","R","E","?","T","E","R","?","M","M","R","B",null,"M","?","?","$","?","R","M","R","T","R","E","R","M","T","R","B",null,"M","$","M","M","?","R","E"],"character_chosen":"IRONCLAD","items_purchased":["Fire Potion","Sword Boomerang","Bag of Preparation","Pear"],"campfire_rested":0,"item_purchase_floors":[5,21,36,36],"current_hp_per_floor":[74,75,75,75,75,75,59,59,59,17,17,39,36,40,40,35,60,57,57,57,57,34,34,34,34,34,34,25,30,34,34,34,23,39,39,49,49,49,49,49,49],"gold":0,"neow_bonus":"THREE_ENEMY_KILL","is_prod":false,"is_daily":false,"chose_seed":false,"campfire_upgraded":9,"win_rate":0,"timestamp":1548392643,"path_taken":["M","M","M","?","$","R","E","?","T","E","R","?","M","M","R","BOSS","M","?","?","$","?","R","M","R","T","R","E","R","M","?","R","BOSS","M","$","M","M","?","R","E"],"build_version":"2019-01-23","purchased_purges":2,"victory":false,"max_hp_per_floor":[75,75,75,75,75,75,75,68,68,68,68,68,68,68,68,68,68,68,68,68,68,34,34,34,34,34,34,34,34,34,34,34,34,39,39,49,49,49,49,49,49],"card_choices":[{"not_picked":["Shrug It Off","Battle Trance"],"picked":"Flame Barrier","floor":1.0},{"not_picked":["Warcry","Havoc"],"picked":"Body Slam","floor":2.0},{"not_picked":["Bloodletting","Twin Strike"],"picked":"Shrug It Off","floor":3.0},{"not_picked":["Fire Breathing","True Grit"],"picked":"Pommel Strike","floor":7.0},{"not_picked":["Pummel","Infernal Blade"],"picked":"Rupture","floor":10.0},{"not_picked":["Impervious","Clothesline"],"picked":"Anger","floor":13.0},{"not_picked":["Carnage","Dropkick"],"picked":"Heavy Blade","floor":14.0},{"not_picked":["Feed","Berserk"],"picked":"Offering","floor":16.0},{"not_picked":["Wild Strike","Headbutt"],"picked":"Clothesline","floor":18.0},{"not_picked":["Twin Strike+1","Iron Wave"],"picked":"Immolate","floor":24.0},{"not_picked":["Evolve+1","Wild Strike"],"picked":"Offering","floor":28.0},{"not_picked":["Body Slam","Headbutt"],"picked":"Armaments","floor":30.0},{"not_picked":["Brutality","Bludgeon"],"picked":"Reaper","floor":33.0},{"not_picked":["Thunderclap","Clothesline+1","Metallicize"],"picked":"SKIP","floor":35.0},{"not_picked":["Thunderclap","Warcry","Havoc"],"picked":"SKIP","floor":37.0},{"not_picked":["Ghostly Armor","Iron Wave+1","Burning Pact"],"picked":"SKIP","floor":38.0}],"player_experience":838981,"relics_obtained":[{"floor":7.0,"key":"Smiling Mask"},{"floor":9.0,"key":"Oddly Smooth Stone"},{"floor":10.0,"key":"Mercury Hourglass"},{"floor":26.0,"key":"Letter Opener"},{"floor":28.0,"key":"MawBank"},{"floor":31.0,"key":"Thread and Needle"}],"event_choices":[{"damage_healed":0.0,"max_hp_gain":0.0,"max_hp_loss":0.0,"gold_gain":0.0,"cards_transformed":["Strike_R"],"event_name":"Living Wall","player_choice":"Change","floor":4.0,"gold_loss":0.0,"damage_taken":0.0,"cards_obtained":["Brutality"]},{"damage_healed":0.0,"max_hp_gain":0.0,"max_hp_loss":7.0,"gold_gain":0.0,"event_name":"Golden Idol","player_choice":"Lose Max HP","floor":8.0,"gold_loss":0.0,"damage_taken":0.0,"relics_obtained":["Golden Idol"]},{"damage_healed":22.0,"max_hp_gain":0.0,"max_hp_loss":0.0,"gold_gain":0.0,"event_name":"Big Fish","player_choice":"Banana","floor":12.0,"gold_loss":0.0,"damage_taken":0.0},{"damage_healed":0.0,"max_hp_gain":0.0,"max_hp_loss":0.0,"gold_gain":0.0,"event_name":"Beggar","player_choice":"Ignored","floor":19.0,"gold_loss":0.0,"damage_taken":0.0},{"damage_healed":0.0,"max_hp_gain":0.0,"max_hp_loss":0.0,"gold_gain":0.0,"event_name":"Forgotten Altar","player_choice":"Gave Idol","floor":20.0,"relics_lost":["Golden Idol"],"gold_loss":0.0,"damage_taken":0.0,"relics_obtained":["Bloody Idol"]},{"damage_healed":0.0,"max_hp_gain":0.0,"max_hp_loss":34.0,"gold_gain":0.0,"event_name":"Ghosts","player_choice":"Became a Ghost","floor":22.0,"gold_loss":0.0,"damage_taken":0.0,"cards_obtained":["Ghostly","Ghostly","Ghostly"]},{"damage_healed":0.0,"max_hp_gain":0.0,"max_hp_loss":0.0,"gold_gain":0.0,"event_name":"Tomb of Lord Red Mask","player_choice":"Paid","floor":39.0,"gold_loss":58.0,"damage_taken":0.0,"relics_obtained":["Red Mask"]}],"is_beta":true,"boss_relics":[{"not_picked":["Busted Crown","Pandora\u0027s Box"],"picked":"Runic Cube"},{"not_picked":["Black Blood","Empty Cage"],"picked":"Tiny House"}],"items_purged_floors":[5,21],"is_endless":false,"potions_floor_spawned":[3,10,13,14,28,33,37],"killed_by":"Giant Head","ascension_level":20}