{"path_per_floor":["M","M","M","?","M","R","$","R","T","M","M","R","M","M","R","B",null,"M","$","M","?","$","R","?","R","T","M","M","E","M","E","R","B",null,"M","M","$","M","M","R","M","M","T","R"],"character_chosen":"THE_SILENT","items_purchased":["Footwork","Vajra","Well Laid Plans","Oddly Smooth Stone"],"gold_per_floor":[117,131,151,151,175,175,32,32,32,55,73,73,89,107,107,233,233,249,55,78,78,78,78,78,78,78,96,107,142,162,195,195,298,298,311,327,76,96,108,108,124,144,219,219],"floor_reached":45,"campfire_rested":1,"playtime":3038,"current_hp_per_floor":[61,58,58,43,41,41,41,41,41,41,38,38,38,37,37,17,63,61,61,61,61,61,61,61,61,61,61,49,42,35,29,47,31,63,62,42,42,47,33,33,26,29,34,34],"items_purged":["Strike_G","Defend_G"],"gold":219,"score":403,"play_id":"a2a9bc6f-fa08-477a-8ef4-e01c80d925a6","is_prod":false,"is_daily":false,"is_ascension_mode":false,"campfire_upgraded":8,"path_taken":["M","M","M","?","?","R","$","R","T","M","M","R","M","M","R","BOSS","M","$","?","?","?","R","?","R","T","M","M","E","?","E","R","BOSS","M","?","$","M","M","R","M","M","T","R","M"],"build_version":"2018-02-22-PROD1","purchased_purges":2,"victory":false,"master_deck":["Defend_G","Defend_G","Defend_G","Survivor","Neutralize+1","Finisher","A Thousand Cuts+1","Footwork+1","Sucker Punch","Infinite Blades","PiercingWail","Footwork+1","Tactician","Escape Plan","Backflip+1","Caltrops","Bullet Time+1","Underhanded Strike+1","All Out Attack+1","Corpse Explosion+1","Dagger Throw+1","Well Laid Plans","Footwork+1","Infinite Blades","Escape Plan","Backstab","Blade Dance+1","Noxious Fumes","Burst+1","Sucker Punch+1","Malaise","Bouncing Flask+1","Backstab+1","Outmaneuver+1"],"max_hp_per_floor":[63,63,63,63,63,63,63,63,63,63,63,63,63,63,63,63,63,63,63,63,63,63,63,63,63,63,63,63,63,63,63,63,63,63,63,63,63,63,63,63,63,63,63,63],"relics":["Ring of the Snake","Bloody Idol","Gambling Chip","Astrolabe","Vajra","Ice Cream","Ancient Tea Set","Orichalcum","Sozu","Oddly Smooth Stone","Bottled Tornado"],"card_choices":[{"not_picked":["Poisoned Stab","Backflip"],"picked":"Footwork"},{"not_picked":["Bane","Deflect"],"picked":"Sucker Punch"},{"not_picked":["Dodge and Roll","Bouncing Flask"],"picked":"Infinite Blades"},{"not_picked":["Slice","Backflip"],"picked":"PiercingWail"},{"not_picked":["Flying Knee","Dodge and Roll"],"picked":"Tactician"},{"not_picked":["Dagger Throw","Eviscerate"],"picked":"Escape Plan"},{"not_picked":["Underhanded Strike","Leg Sweep"],"picked":"Backflip"},{"not_picked":["Deflect","Calculated Gamble"],"picked":"Caltrops"},{"not_picked":["Glass Knife","Doppelganger"],"picked":"Bullet Time"},{"not_picked":["Bane","Slice"],"picked":"Dagger Throw"},{"not_picked":["Sucker Punch","Poisoned Stab"],"picked":"Footwork"},{"not_picked":["Dagger Throw","All Out Attack"],"picked":"Infinite Blades"},{"not_picked":["Dash","Flying Knee"],"picked":"Escape Plan"},{"not_picked":["Slice","Backflip"],"picked":"Backstab"},{"not_picked":["Deadly Poison","Poisoned Stab"],"picked":"Blade Dance"},{"not_picked":["Acrobatics","Tools of the Trade"],"picked":"Noxious Fumes"},{"not_picked":["Glass Knife","Tools of the Trade"],"picked":"Burst"},{"not_picked":["Underhanded Strike","Dodge and Roll"],"picked":"Sucker Punch"},{"not_picked":["Dagger Spray","Sucker Punch"],"picked":"Malaise"},{"not_picked":["Quick Slash","Crippling Poison"],"picked":"Bouncing Flask"},{"not_picked":["Underhanded Strike","PiercingWail"],"picked":"Backstab"},{"not_picked":["PiercingWail","Backflip"],"picked":"Outmaneuver"}],"player_experience":23047,"potions_floor_usage":[5,29,29,33,33],"damage_taken":[{"damage":2,"enemies":"Small Slimes","floor":1,"turns":4},{"damage":3,"enemies":"Jaw Worm","floor":2,"turns":5},{"damage":0,"enemies":"Cultist","floor":3,"turns":4},{"damage":2,"enemies":"Lots of Slimes","floor":5,"turns":3},{"damage":0,"enemies":"Large Slime","floor":10,"turns":5},{"damage":3,"enemies":"Exordium Wildlife","floor":11,"turns":5},{"damage":0,"enemies":"Looter","floor":13,"turns":4},{"damage":1,"enemies":"Exordium Thugs","floor":14,"turns":7},{"damage":20,"enemies":"The Guardian","floor":16,"turns":12},{"damage":2,"enemies":"3 Byrds","floor":18,"turns":3},{"damage":0,"enemies":"Chosen","floor":20,"turns":4},{"damage":5,"enemies":"Snecko","floor":27,"turns":5},{"damage":17,"enemies":"Snake Plant","floor":28,"turns":5},{"damage":12,"enemies":"Slavers","floor":29,"turns":3},{"damage":12,"enemies":"Sentry and Sphere","floor":30,"turns":6},{"damage":11,"enemies":"Gremlin Leader","floor":31,"turns":6},{"damage":21,"enemies":"Automaton","floor":33,"turns":9},{"damage":6,"enemies":"Orb Walker","floor":35,"turns":6},{"damage":25,"enemies":"3 Darklings","floor":36,"turns":4},{"damage":0,"enemies":"Maw","floor":38,"turns":8},{"damage":19,"enemies":"Sphere and 2 Shapes","floor":39,"turns":4},{"damage":12,"enemies":"3 Darklings","floor":41,"turns":3},{"damage":2,"enemies":"Maw","floor":42,"turns":7},{"damage":43,"enemies":"Sphere and 2 Shapes","floor":45,"turns":3}],"event_choices":[{"event_name":"Golden Idol","player_choice":"Take Damage","floor":4,"damage_taken":0},{"event_name":"Forgotten Altar","player_choice":"Gave Idol","floor":21,"damage_taken":0},{"event_name":"Drug Dealer","player_choice":"Ignored","floor":24,"damage_taken":0}],"boss_relics":[{"not_picked":["Runic Pyramid","Cursed Key"],"picked":"Astrolabe"},{"not_picked":["Tiny House","Velvet Choker"],"picked":"Sozu"}],"potions_floor_spawned":[3,10,14,16,20,30,35,38,41],"seed_played":"-387043112752394759","killed_by":"Sphere and 2 Shapes","ascension_level":0,"is_trial":false}