{"gold_per_floor":[117,18,36,50,62,96,96,123,176,176],"floor_reached":10,"playtime":321,"items_purged":[],"score":156,"play_id":"3ee6ef3a-0d9b-4908-af06-c3c03579abba","local_time":"20190204000514","is_ascension_mode":true,"campfire_choices":[{"floor":7,"key":"REST"}],"neow_cost":"NONE","seed_source_timestamp":364609871997400,"circlet_count":0,"master_deck":["AscendersBane","Defend_G","Defend_G","Defend_G","Defend_G","Defend_G","Strike_G","Strike_G","Strike_G","Strike_G","Strike_G","Survivor","Neutralize","Deep Breath","Cloak And Dagger","Bouncing Flask","Poisoned Stab","Crippling Poison","Flechettes","Deadly Poison","Cloak And Dagger","Deflect"],"relics":["Ring of the Snake","Oddly Smooth Stone","Ninja Scroll","Ancient Tea Set"],"potions_floor_usage":[6,8],"damage_taken":[{"damage":8,"enemies":"Cultist","floor":1,"turns":4},{"damage":4,"enemies":"Small Slimes","floor":3,"turns":4},{"damage":3,"enemies":"Jaw Worm","floor":4,"turns":4},{"damage":0,"enemies":"3 Louse","floor":5,"turns":3},{"damage":22,"enemies":"Lagavulin","floor":6,"turns":6},{"damage":32,"enemies":"Gremlin Nob","floor":8,"turns":4},{"damage":16,"enemies":"3 Sentries","floor":10,"turns":8}],"seed_played":"450788379768001797","potions_obtained":[{"floor":1,"key":"Dexterity Potion"},{"floor":3,"key":"AttackPotion"}],"is_trial":false,"path_per_floor":["M","$","M","M","M","E","R","E","T","E"],"character_chosen":"THE_SILENT","items_purchased":["Bouncing Flask","Poisoned Stab"],"campfire_rested":1,"item_purchase_floors":[2,2],"current_hp_per_floor":[51,51,47,44,44,22,41,9,9,0],"gold":176,"neow_bonus":"RANDOM_COLORLESS","is_prod":false,"is_daily":false,"chose_seed":false,"campfire_upgraded":0,"win_rate":0,"timestamp":1549206314,"path_taken":["M","?","M","M","M","E","R","E","T","E"],"build_version":"2019-01-23","purchased_purges":0,"victory":false,"max_hp_per_floor":[66,66,66,66,66,66,66,66,66,66],"card_choices":[{"not_picked":["Expertise","Slice"],"picked":"Cloak And Dagger","floor":1},{"not_picked":["Poisoned Stab","Deadly Poison"],"picked":"Crippling Poison","floor":3},{"not_picked":["Underhanded Strike","Blade Dance"],"picked":"Flechettes","floor":4},{"not_picked":["Acrobatics","Reflex"],"picked":"Deadly Poison","floor":5},{"not_picked":["Calculated Gamble","Choke"],"picked":"Cloak And Dagger","floor":6},{"not_picked":["Blade Dance","Heel Hook"],"picked":"Deflect","floor":8}],"player_experience":4202551,"relics_obtained":[{"floor":6,"key":"Oddly Smooth Stone"},{"floor":8,"key":"Ninja Scroll"},{"floor":9,"key":"Ancient Tea Set"}],"event_choices":[],"is_beta":false,"boss_relics":[],"items_purged_floors":[],"is_endless":false,"potions_floor_spawned":[1,3],"killed_by":"3 Sentries","ascension_level":20}