{"gold_per_floor":[110,64,64,74,87,115,129,39,39,58,58,58,58,83,83,178,178,196,50,69,86,86,86,106,136,136,148,163,163,163,88,88,188,238,253,253,6,22,22,22,37,37,37,48,48,60,85,85,85,85],"floor_reached":50,"playtime":1959,"items_purged":["Strike_R"],"score":775,"play_id":"88ea04b3-e4d2-45eb-b481-35675798c420","local_time":"20190317141917","is_ascension_mode":true,"campfire_choices":[{"floor":11,"key":"REST"},{"data":"Limit Break","floor":15,"key":"SMITH"},{"floor":32,"key":"REST"},{"floor":40,"key":"REST"},{"data":"Trip","floor":42,"key":"SMITH"},{"floor":49,"key":"REST"}],"neow_cost":"NONE","seed_source_timestamp":680737676180074,"circlet_count":0,"master_deck":["Defend_R","Defend_R","Defend_R","Defend_R","Bash","Limit Break+1","Cleave","Iron Wave","Inflame+1","Pommel Strike","Heavy Blade","Spot Weakness","Discovery","Power Through","Impervious","Ghostly Armor","Warcry","Bite","Bite","Bite","Bite+1","Bite","Trip+1","Heavy Blade+1","Flex","Offering"],"relics":["Burning Blood","Bottled Tornado","Self Forming Clay","Mercury Hourglass","Dodecahedron","Busted Crown","Ornamental Fan","Kunai","Enchiridion","Tiny House","Singing Bowl","Pocketwatch"],"potions_floor_usage":[14,16,24,25,46,47,47,50,50],"damage_taken":[{"damage":1,"enemies":"Cultist","floor":1,"turns":4},{"damage":0,"enemies":"Small Slimes","floor":4,"turns":3},{"damage":10,"enemies":"2 Louse","floor":5,"turns":2},{"damage":43,"enemies":"Gremlin Nob","floor":6,"turns":5},{"damage":19,"enemies":"Large Slime","floor":7,"turns":4},{"damage":10,"enemies":"2 Fungi Beasts","floor":10,"turns":3},{"damage":17,"enemies":"3 Sentries","floor":14,"turns":4},{"damage":0,"enemies":"Slime Boss","floor":16,"turns":5},{"damage":22,"enemies":"3 Byrds","floor":18,"turns":4},{"damage":7,"enemies":"Chosen","floor":20,"turns":4},{"damage":19,"enemies":"Snake Plant","floor":21,"turns":4},{"damage":0,"enemies":"3 Cultists","floor":24,"turns":3},{"damage":7,"enemies":"Slavers","floor":25,"turns":4},{"damage":13,"enemies":"Centurion and Healer","floor":27,"turns":5},{"damage":18,"enemies":"Snecko","floor":28,"turns":4},{"damage":16,"enemies":"Automaton","floor":33,"turns":6},{"damage":12,"enemies":"3 Shapes","floor":35,"turns":4},{"damage":22,"enemies":"Orb Walker","floor":38,"turns":3},{"damage":7,"enemies":"Sphere and 2 Shapes","floor":41,"turns":4},{"damage":30,"enemies":"Maw","floor":44,"turns":6},{"damage":8,"enemies":"4 Shapes","floor":46,"turns":5},{"damage":54,"enemies":"Nemesis","floor":47,"turns":5},{"damage":53,"enemies":"Donu and Deca","floor":50,"turns":5}],"seed_played":"-7020839733096958998","potions_obtained":[{"floor":6,"key":"Energy Potion"},{"floor":10,"key":"Regen Potion"},{"floor":14,"key":"Fire Potion"},{"floor":18,"key":"GamblersBrew"},{"floor":21,"key":"AttackPotion"},{"floor":24,"key":"Poison Potion"},{"floor":28,"key":"Ancient Potion"},{"floor":34,"key":"EntropicBrew"}],"is_trial":false,"path_per_floor":["M","$","?","M","M","E","M","$","T","M","R","?","?","E","R","B",null,"M","$","M","M","?","?","M","E","T","M","M","?","?","?","R","B",null,"M","?","$","M","?","R","M","R","T","M","?","M","E","$","R","B"],"character_chosen":"IRONCLAD","items_purchased":["Iron Wave","Discovery","Ghostly Armor","Singing Bowl"],"campfire_rested":4,"item_purchase_floors":[2,8,19,37],"current_hp_per_floor":[77,77,77,80,76,39,26,26,26,22,46,39,39,40,40,46,72,56,56,55,42,42,42,56,56,56,55,48,32,32,32,48,52,60,59,59,59,52,52,63,65,65,65,52,52,61,24,24,45,0],"gold":85,"neow_bonus":"ONE_RANDOM_RARE_CARD","is_prod":false,"is_daily":false,"chose_seed":false,"campfire_upgraded":2,"win_rate":0,"timestamp":1552846757,"path_taken":["M","?","?","M","M","E","M","$","T","M","R","?","?","E","R","BOSS","M","$","M","M","?","?","?","E","T","M","M","?","?","?","R","BOSS","M","?","$","M","?","R","M","R","T","M","?","M","E","$","R","BOSS"],"build_version":"2019-01-23","purchased_purges":1,"victory":false,"max_hp_per_floor":[80,80,80,80,80,80,80,80,80,80,80,80,80,80,80,80,80,80,80,80,80,56,56,56,56,56,56,56,56,56,56,56,56,61,61,61,61,63,63,63,65,65,65,67,67,69,71,71,71,71],"card_choices":[{"not_picked":["Reckless Charge","Sever Soul"],"picked":"Cleave","floor":1},{"not_picked":["Wild Strike","Blood for Blood"],"picked":"Inflame","floor":4},{"not_picked":["Warcry","Infernal Blade"],"picked":"Pommel Strike","floor":5},{"not_picked":["Pommel Strike","Headbutt"],"picked":"Heavy Blade","floor":6},{"not_picked":["Warcry","Corruption"],"picked":"Spot Weakness","floor":7},{"not_picked":["Combust","Rupture"],"picked":"Power Through","floor":10},{"not_picked":["Blood for Blood","Havoc"],"picked":"Impervious","floor":14},{"not_picked":["Thunderclap"],"picked":"SKIP","floor":18},{"not_picked":["Body Slam+1"],"picked":"SKIP","floor":20},{"not_picked":[],"picked":"Warcry","floor":21},{"not_picked":[],"picked":"Heavy Blade+1","floor":24},{"not_picked":["Corruption"],"picked":"SKIP","floor":25},{"not_picked":["Hemokinesis"],"picked":"SKIP","floor":27},{"not_picked":["Anger"],"picked":"SKIP","floor":28},{"not_picked":[],"picked":"Offering","floor":33},{"not_picked":["Body Slam+1"],"picked":"SKIP","floor":35},{"not_picked":["Thunderclap+1"],"picked":"Singing Bowl","floor":38},{"not_picked":[],"picked":"Panache","floor":39},{"not_picked":["Clash"],"picked":"Singing Bowl","floor":41},{"not_picked":["Body Slam"],"picked":"Singing Bowl","floor":44},{"not_picked":["Uppercut"],"picked":"Singing Bowl","floor":46},{"not_picked":["Berserk"],"picked":"Singing Bowl","floor":47}],"player_experience":303520,"relics_obtained":[{"floor":6,"key":"Bottled Tornado"},{"floor":9,"key":"Self Forming Clay"},{"floor":14,"key":"Dodecahedron"},{"floor":25,"key":"Ornamental Fan"},{"floor":26,"key":"Kunai"},{"floor":29,"key":"Enchiridion"},{"floor":47,"key":"Pocketwatch"}],"event_choices":[{"damage_healed":0,"gold_gain":0,"player_choice":"Ignored","damage_taken":0,"max_hp_gain":0,"max_hp_loss":0,"event_name":"Liars Game","floor":3,"gold_loss":0},{"damage_healed":0,"gold_gain":0,"player_choice":"Success","damage_taken":7,"relics_obtained":["Mercury Hourglass"],"max_hp_gain":0,"max_hp_loss":0,"event_name":"Scrap Ooze","floor":12,"gold_loss":0},{"damage_healed":0,"gold_gain":0,"player_choice":"Grow","damage_taken":0,"max_hp_gain":0,"max_hp_loss":0,"event_name":"Living Wall","floor":13,"gold_loss":0,"cards_upgraded":["Inflame"]},{"damage_healed":0,"gold_gain":0,"player_choice":"Became a vampire","damage_taken":0,"max_hp_gain":0,"max_hp_loss":24,"event_name":"Vampires","floor":22,"gold_loss":0,"cards_obtained":["Bite","Bite","Bite","Bite","Bite"]},{"damage_healed":0,"gold_gain":0,"player_choice":"2 cards matched","damage_taken":0,"max_hp_gain":0,"max_hp_loss":0,"event_name":"Match and Keep!","floor":23,"gold_loss":0,"cards_obtained":["Normality","Trip"]},{"damage_healed":0,"gold_gain":0,"player_choice":"Obtained Book","damage_taken":16,"max_hp_gain":0,"max_hp_loss":0,"event_name":"Cursed Tome","floor":29,"gold_loss":0},{"damage_healed":0,"gold_gain":0,"player_choice":"Read","damage_taken":0,"max_hp_gain":0,"max_hp_loss":0,"event_name":"The Library","floor":30,"gold_loss":0,"cards_obtained":["Flex"]},{"cards_removed":["Normality"],"damage_healed":0,"gold_gain":0,"player_choice":"Gave Gold","damage_taken":0,"max_hp_gain":0,"max_hp_loss":0,"event_name":"Beggar","floor":31,"gold_loss":75},{"damage_healed":0,"gold_gain":0,"player_choice":"Ignored","damage_taken":0,"max_hp_gain":0,"max_hp_loss":0,"event_name":"Tomb of Lord Red Mask","floor":36,"gold_loss":0},{"damage_healed":0,"gold_gain":0,"player_choice":"Memory 1","damage_taken":0,"max_hp_gain":0,"max_hp_loss":0,"event_name":"SensoryStone","floor":39,"gold_loss":0},{"cards_removed":["Panache"],"damage_healed":0,"gold_gain":0,"player_choice":"Removed Power","damage_taken":0,"max_hp_gain":0,"max_hp_loss":0,"event_name":"Falling","floor":45,"gold_loss":0}],"is_beta":false,"boss_relics":[{"not_picked":["Calling Bell","Fusion Hammer"],"picked":"Busted Crown"},{"not_picked":["Orrery","Lizard Tail"],"picked":"Tiny House"}],"items_purged_floors":[19],"is_endless":false,"potions_floor_spawned":[6,10,14,18,21,24,28,35],"killed_by":"Donu and Deca","ascension_level":6}