{"gold_per_floor":[118,135,145,160,173,201,213,213,213,277,295,313,313,326,326,403,403,423,423,38,38,38,72,72,105,131,149,149],"floor_reached":28,"playtime":963,"items_purged":["Strike_G"],"score":619,"play_id":"7e704560-7858-4fba-b45f-5cdfc1b06d67","local_time":"20190203235843","is_ascension_mode":true,"campfire_choices":[{"floor":8.0,"key":"REST"},{"floor":15.0,"key":"REST"},{"floor":24.0,"key":"REST"}],"neow_cost":"NONE","seed_source_timestamp":363441988019800,"circlet_count":0,"master_deck":["AscendersBane","Defend_G","Defend_G","Defend_G","Defend_G","Strike_G","Strike_G","Strike_G","Survivor","Neutralize","Dagger Spray","Dagger Spray","Infinite Blades","Deflect","Infinite Blades","Leg Sweep+1","Backflip+1","Dagger Throw+1","PiercingWail+1","Slice+1","Dash+1","Corpse Explosion+1","Dodge and Roll+1","Dagger Throw+1","Concentrate+1","Prepared+1","Tactician+1"],"special_seed":0,"relics":["Ring of the Snake","Toxic Egg 2","Molten Egg 2","Tiny Chest","Pear","Empty Cage","Frozen Egg 2","Mummified Hand","Tough Bandages","Kunai"],"potions_floor_usage":[25],"damage_taken":[{"damage":4.0,"enemies":"Cultist","floor":1.0,"turns":5.0},{"damage":0.0,"enemies":"2 Louse","floor":2.0,"turns":3.0},{"damage":2.0,"enemies":"Jaw Worm","floor":3.0,"turns":4.0},{"damage":1.0,"enemies":"Looter","floor":4.0,"turns":4.0},{"damage":0.0,"enemies":"Lots of Slimes","floor":5.0,"turns":2.0},{"damage":48.0,"enemies":"Gremlin Nob","floor":6.0,"turns":5.0},{"damage":8.0,"enemies":"Red Slaver","floor":7.0,"turns":5.0},{"damage":12.0,"enemies":"3 Sentries","floor":10.0,"turns":8.0},{"damage":1.0,"enemies":"2 Fungi Beasts","floor":11.0,"turns":4.0},{"damage":4.0,"enemies":"Looter","floor":12.0,"turns":4.0},{"damage":0.0,"enemies":"Blue Slaver","floor":14.0,"turns":5.0},{"damage":15.0,"enemies":"Slime Boss","floor":16.0,"turns":7.0},{"damage":4.0,"enemies":"3 Byrds","floor":18.0,"turns":2.0},{"damage":38.0,"enemies":"Book of Stabbing","floor":23.0,"turns":7.0},{"damage":35,"enemies":"Gremlin Leader","floor":25,"turns":9},{"damage":7,"enemies":"Spheric Guardian","floor":27,"turns":5},{"damage":11,"enemies":"Snake Plant","floor":28,"turns":1}],"seed_played":"-112612379640884173","potions_obtained":[{"floor":1.0,"key":"GamblersBrew"},{"floor":2.0,"key":"Regen Potion"},{"floor":6.0,"key":"EssenceOfSteel"},{"floor":7.0,"key":"GhostInAJar"},{"floor":10.0,"key":"Strength Potion"},{"floor":12.0,"key":"Dexterity Potion"},{"floor":23.0,"key":"Regen Potion"}],"is_trial":false,"path_per_floor":["M","M","M","M","M","E","M","R","T","E","M","M","?","M","R","B",null,"M","?","$","T","?","E","R","E","T","M","M"],"character_chosen":"THE_SILENT","items_purchased":["Frozen Egg 2","Dagger Throw+1"],"campfire_rested":3,"item_purchase_floors":[20,20],"current_hp_per_floor":[61,61,71,70,70,22,14,35,35,23,22,18,28,28,52,37,71,67,43,43,43,43,5,31,11,11,4,0],"gold":149,"neow_bonus":"TEN_PERCENT_HP_BONUS","is_prod":false,"is_daily":false,"chose_seed":false,"campfire_upgraded":0,"win_rate":0,"timestamp":1549205923,"path_taken":["M","?","M","M","M","E","M","R","T","E","M","M","?","?","R","BOSS","M","?","$","?","?","E","R","E","T","M","M"],"build_version":"2019-01-23","purchased_purges":1,"victory":false,"max_hp_per_floor":[72,72,72,72,72,72,72,72,72,72,72,72,82,82,82,82,82,82,87,87,87,87,87,87,87,87,87,87],"card_choices":[{"not_picked":["Footwork","Sucker Punch"],"picked":"Dagger Spray","floor":1.0},{"not_picked":["Tactician","Finisher"],"picked":"Dagger Spray","floor":2.0},{"not_picked":["Concentrate","Dagger Throw"],"picked":"Infinite Blades","floor":3.0},{"not_picked":["Acrobatics","Accuracy"],"picked":"Deflect","floor":4.0},{"not_picked":["Poisoned Stab","Outmaneuver"],"picked":"Infinite Blades","floor":5.0},{"not_picked":["All Out Attack","Skewer"],"picked":"Leg Sweep","floor":6.0},{"not_picked":["Sucker Punch","Dagger Spray"],"picked":"Backflip+1","floor":7.0},{"not_picked":["Expertise+1","Dodge and Roll+1"],"picked":"Dagger Throw+1","floor":10.0},{"not_picked":["Outmaneuver+1","Bane+1"],"picked":"PiercingWail+1","floor":11.0},{"not_picked":["Expertise+1","Tools of the Trade"],"picked":"Slice+1","floor":12.0},{"not_picked":["Tactician+1","Underhanded Strike+1"],"picked":"Dash+1","floor":14.0},{"not_picked":["Malaise+1","Storm of Steel+1"],"picked":"Corpse Explosion+1","floor":16.0},{"not_picked":["Choke+1","Noxious Fumes"],"picked":"Dodge and Roll+1","floor":18.0},{"not_picked":["Caltrops+1","Underhanded Strike+1"],"picked":"Concentrate+1","floor":23.0},{"not_picked":["Underhanded Strike+1","Catalyst+1"],"picked":"Prepared+1","floor":25},{"not_picked":["Concentrate+1","Sucker Punch+1"],"picked":"Tactician+1","floor":27}],"player_experience":4201588,"relics_obtained":[{"floor":6.0,"key":"Toxic Egg 2"},{"floor":9.0,"key":"Molten Egg 2"},{"floor":10.0,"key":"Tiny Chest"},{"floor":13.0,"key":"Pear"},{"floor":21.0,"key":"Mummified Hand"},{"floor":23.0,"key":"Tough Bandages"},{"floor":25,"key":"Kunai"}],"event_choices":[{"damage_healed":0.0,"max_hp_gain":0.0,"max_hp_loss":0.0,"gold_gain":0.0,"event_name":"Wheel of Change","player_choice":"Relic","floor":13.0,"gold_loss":0.0,"damage_taken":0.0},{"damage_healed":0.0,"max_hp_gain":5.0,"max_hp_loss":0.0,"gold_gain":0.0,"event_name":"Forgotten Altar","player_choice":"Shed Blood","floor":19.0,"gold_loss":0.0,"damage_taken":29.0},{"damage_healed":0.0,"max_hp_gain":0.0,"max_hp_loss":0.0,"gold_gain":0.0,"event_name":"Ghosts","player_choice":"Ignored","floor":22.0,"gold_loss":0.0,"damage_taken":0.0}],"is_beta":false,"boss_relics":[{"not_picked":["Tiny House","HoveringKite"],"picked":"Empty Cage"}],"items_purged_floors":[20],"is_endless":false,"potions_floor_spawned":[1,2,6,7,10,12,23],"killed_by":"Snake Plant","ascension_level":20}