{"path_per_floor":["M","?","M","?","?","R","M","M","T","$","$","M","R","T","R","B",null,"M","M","$","M","?","R","?","?","T","M","$","M","M","?","R","B",null,"M","?","?","M","M","R","?","M","T","?","?","M","R","M","R","B"],"character_chosen":"THE_SILENT","items_purchased":["Mummified Hand","Dramatic Entrance"],"gold_per_floor":[110,110,125,200,200,200,216,237,537,131,31,1,1,54,54,179,179,192,217,92,116,116,116,116,31,31,44,44,67,91,91,91,222,222,246,246,246,271,294,294,294,318,318,374,374,394,394,408,408,408],"floor_reached":51,"campfire_rested":0,"playtime":4802,"current_hp_per_floor":[70,53,53,42,35,35,35,30,30,30,30,30,30,30,30,28,70,70,70,70,39,39,39,39,39,39,39,39,39,38,22,22,22,70,51,57,57,57,33,33,33,25,25,25,66,55,55,55,55,50],"items_purged":["Strike_G","Strike_G","Defend_G"],"gold":408,"play_id":"18f8a8d0-938a-4709-b2e1-cb9b9b5c8483","is_prod":false,"is_daily":false,"is_ascension_mode":false,"campfire_upgraded":8,"path_taken":["M","?","M","?","?","R","?","M","T","?","$","M","R","?","R","BOSS","M","M","$","M","?","R","?","?","T","M","?","M","M","?","R","BOSS","M","?","?","M","M","R","?","M","T","?","?","M","R","M","R","BOSS"],"build_version":"2018-01-25-PROD2","purchased_purges":3,"victory":true,"master_deck":["Defend_G","Defend_G","Survivor","Neutralize+1","Backflip","Blur","Backflip","A Thousand Cuts+1","Dramatic Entrance","Outmaneuver+1","Adrenaline+1","A Thousand Cuts+1","Sucker Punch+1","Well Laid Plans+1","Terror","After Image+1","All Out Attack+1","Outmaneuver+1","Envenom+1","Escape Plan+1","Decay","Backflip+1","Backflip","Acrobatics+1","Acrobatics+1","Quick Slash"],"max_hp_per_floor":[70,70,70,70,70,70,70,70,70,70,70,70,70,70,70,70,70,70,70,70,70,70,70,70,70,70,70,70,70,70,70,70,70,70,70,76,76,76,76,76,76,76,76,76,66,66,66,66,66,66],"relics":["Ring of the Snake","Golden Idol","Darkstone Periapt","Old Coin","Mummified Hand","Juzu Bracelet","Astrolabe","Tough Bandages","Orichalcum","Nilry\u0027s Codex","Lizard Tail","Ice Cream","Gambling Chip"],"card_choices":[{"not_picked":["Bouncing Flask","Deflect"],"picked":"Backflip"},{"not_picked":["Poisoned Stab","Prepared"],"picked":"Blur"},{"not_picked":["Acrobatics","Finisher"],"picked":"Backflip"},{"not_picked":["Acrobatics","Backflip"],"picked":"A Thousand Cuts"},{"not_picked":["Deadly Poison","Sucker Punch"],"picked":"Outmaneuver"},{"not_picked":["Venomology","Unload"],"picked":"Adrenaline"},{"not_picked":["Flying Knee","Sucker Punch"],"picked":"Slice"},{"not_picked":["Skewer","Poisoned Stab"],"picked":"Terror"},{"not_picked":["Slice","Deadly Poison"],"picked":"After Image"},{"not_picked":["Flying Knee","Dagger Throw"],"picked":"All Out Attack"},{"not_picked":["Eviscerate","Blade Dance"],"picked":"Outmaneuver"},{"not_picked":["Glass Knife","Die Die Die"],"picked":"Envenom"},{"not_picked":["Heel Hook","Bouncing Flask"],"picked":"Escape Plan"},{"not_picked":["Poisoned Stab","Blade Dance"],"picked":"Backflip"},{"not_picked":["Distraction","Dodge and Roll"],"picked":"Backflip"},{"not_picked":["Backstab","Blade Dance"],"picked":"Acrobatics"},{"not_picked":["Dodge and Roll","Flying Knee"],"picked":"Acrobatics"},{"not_picked":["Dagger Spray","All Out Attack"],"picked":"Quick Slash"}],"player_experience":21744,"potions_floor_usage":[27,39,39,50,50,50],"damage_taken":[{"damage":0,"enemies":"Small Slimes","floor":1,"turns":5},{"damage":0,"enemies":"Jaw Worm","floor":3,"turns":8},{"damage":0,"enemies":"2 Louse","floor":7,"turns":4},{"damage":5,"enemies":"Red Slaver","floor":8,"turns":6},{"damage":0,"enemies":"Looter","floor":12,"turns":4},{"damage":2,"enemies":"The Guardian","floor":16,"turns":15},{"damage":0,"enemies":"Spheric Guardian","floor":18,"turns":3},{"damage":0,"enemies":"Shell Parasite","floor":19,"turns":4},{"damage":31,"enemies":"Chosen and Byrds","floor":21,"turns":10},{"damage":0,"enemies":"3 Cultists","floor":27,"turns":3},{"damage":0,"enemies":"Snecko","floor":29,"turns":5},{"damage":1,"enemies":"Centurion and Healer","floor":30,"turns":3},{"damage":0,"enemies":"Automaton","floor":33,"turns":8},{"damage":19,"enemies":"3 Darklings","floor":35,"turns":2},{"damage":0,"enemies":"Orb Walker","floor":38,"turns":4},{"damage":24,"enemies":"3 Darklings","floor":39,"turns":4},{"damage":8,"enemies":"4 Shapes","floor":42,"turns":2},{"damage":0,"enemies":"Mysterious Sphere","floor":44,"turns":3},{"damage":11,"enemies":"Sphere and 2 Shapes","floor":46,"turns":4},{"damage":0,"enemies":"Maw","floor":48,"turns":6},{"damage":5,"enemies":"Time Eater","floor":50,"turns":9}],"event_choices":[{"event_name":"Golden Idol","player_choice":"Take Damage","floor":2,"damage_taken":0},{"event_name":"World of Goop","player_choice":"Gather Gold","floor":4,"damage_taken":0},{"event_name":"Scrap Ooze","player_choice":"success","floor":5,"damage_taken":7},{"event_name":"Bonfire Elementals","player_choice":"BASIC","floor":22,"damage_taken":0},{"event_name":"Drug Dealer","player_choice":"Ignored","floor":24,"damage_taken":0},{"event_name":"Addict","player_choice":"Obtained Relic","floor":25,"damage_taken":0},{"event_name":"Cursed Tome","player_choice":"Obtained Book","floor":31,"damage_taken":0},{"event_name":"Wheel of Change","player_choice":"Curse","floor":36,"damage_taken":0},{"event_name":"Tomb of Lord Red Mask","player_choice":"Ignored","floor":41,"damage_taken":0},{"event_name":"Mysterious Sphere","player_choice":"Fight","floor":44,"damage_taken":0},{"event_name":"The Moai Head","player_choice":"Heal","floor":45,"damage_taken":0}],"boss_relics":[{"not_picked":["White Beast Statue","Philosopher\u0027s Stone"],"picked":"Astrolabe"},{"not_picked":["Snecko Eye","Orrery"],"picked":"Lizard Tail"}],"potions_floor_spawned":[1,7,19,21,29,39,44,48],"seed_played":"8637967508471595559","ascension_level":0,"is_trial":false}