{"gold_per_floor":[109,129,129,129,140,140,152,152,152,2,17,17,17,32,32,151,151,171,96,96,96,171,171,19,40,109,132,175,200,215,215,215,340,403,424,445,345,404,25,68,93,133,180,205,31,55,55,55],"floor_reached":48,"playtime":2097,"items_purged":["Pain","Defend_G","All Out Attack+1"],"score":626,"play_id":"976d4147-a764-47d3-bb22-3bb5ae31b54d","local_time":"20190126023536","is_ascension_mode":false,"campfire_choices":[{"data":"All Out Attack","floor":6,"key":"SMITH"},{"data":"Bouncing Flask","floor":8,"key":"SMITH"},{"data":"Noxious Fumes","floor":15,"key":"SMITH"},{"data":"Well Laid Plans","floor":23,"key":"SMITH"},{"floor":32,"key":"REST"}],"neow_cost":"NONE","seed_source_timestamp":551203391849846,"circlet_count":0,"master_deck":["Defend_G","Defend_G","Survivor","Neutralize","Underhanded Strike","Bouncing Flask+1","Noxious Fumes+1","Dash","Masterful Stab","PiercingWail","Reflex+1","Blade Dance+1","Underhanded Strike+1","Dash+1","Well Laid Plans+1","Noxious Fumes+1","Night Terror","Caltrops","Crippling Poison+1","Evolve","After Image","Crippling Poison+1","Well Laid Plans","Tools of the Trade","Acrobatics+1","Terror+1","Backflip","Calculated Gamble","Apotheosis"],"relics":["White Beast Statue","WarpedTongs","Mummified Hand","Golden Idol","Astrolabe","theJungle:SneckoAutograph","theJungle:SpiritDisease","Snake Skull","Bag of Preparation","Spirit Poop","Pear","Tiny House","Prayer Wheel","Gambling Chip","Incense Burner","Omamori"],"potions_floor_usage":[16,16,16,29,33,36,38,41,48,48,48],"damage_taken":[{"damage":1,"enemies":"Cultist","floor":1,"turns":4},{"damage":0,"enemies":"Small Slimes","floor":2,"turns":3},{"damage":1,"enemies":"2 Louse","floor":5,"turns":3},{"damage":9,"enemies":"2 Fungi Beasts","floor":7,"turns":3},{"damage":0,"enemies":"Lots of Slimes","floor":11,"turns":1},{"damage":5,"enemies":"Large Slime","floor":14,"turns":6},{"damage":0,"enemies":"Slime Boss","floor":16,"turns":5},{"damage":2,"enemies":"theJungle:GiantWrat","floor":18,"turns":6},{"damage":5,"enemies":"Shell Parasite","floor":25,"turns":4},{"damage":0,"enemies":"theJungle:2_Snecko_Cultists","floor":27,"turns":4},{"damage":17,"enemies":"theJungle:2_Phrogs","floor":28,"turns":5},{"damage":12,"enemies":"theJungle:Snecko_Cultist_And_Trap","floor":29,"turns":5},{"damage":2,"enemies":"theJungle:JungleHuntersEncounter","floor":30,"turns":5},{"damage":31,"enemies":"theJungle:TotemBoss","floor":33,"turns":7},{"damage":2,"enemies":"3 Shapes","floor":35,"turns":5},{"damage":2,"enemies":"3 Darklings","floor":36,"turns":5},{"damage":36,"enemies":"2 Orb Walkers","floor":38,"turns":5},{"damage":31,"enemies":"Giant Head","floor":40,"turns":8},{"damage":4,"enemies":"Jaw Worm Horde","floor":41,"turns":3},{"damage":6,"enemies":"Reptomancer","floor":42,"turns":5},{"damage":0,"enemies":"Sphere and 2 Shapes","floor":44,"turns":4},{"damage":3,"enemies":"Maw","floor":46,"turns":6},{"damage":6,"enemies":"Jaw Worm Horde","floor":48,"turns":3}],"seed_played":"9220772489646898058","potions_obtained":[{"floor":1,"key":"Dexterity Potion"},{"floor":2,"key":"Fire Potion"},{"floor":5,"key":"SteroidPotion"},{"floor":11,"key":"PowerPotion"},{"floor":14,"key":"Strength Potion"},{"floor":16,"key":"GhostInAJar"},{"floor":18,"key":"FearPotion"},{"floor":25,"key":"SpeedPotion"},{"floor":27,"key":"AttackPotion"},{"floor":29,"key":"SkillPotion"},{"floor":33,"key":"SteroidPotion"},{"floor":34,"key":"GhostInAJar"},{"floor":36,"key":"Weak Potion"},{"floor":38,"key":"PowerPotion"},{"floor":40,"key":"GamblersBrew"},{"floor":41,"key":"GhostInAJar"},{"floor":42,"key":"Fire Potion"}],"is_trial":false,"path_per_floor":["M","M","?","?","M","R","M","R","T","$","M","?","?","M","R","B",null,"M","$","?","?","?","R","$","M","T","M","E","M","M","?","R","B",null,"M","M","$","?","$","E","M","E","T","M","$","M","?","M"],"character_chosen":"THE_SILENT","items_purchased":["Noxious Fumes","Well Laid Plans","Bag of Preparation","Gambling Chip","Well Laid Plans","Backflip"],"campfire_rested":1,"item_purchase_floors":[10,19,24,39,39,45],"current_hp_per_floor":[69,69,69,69,68,68,59,59,59,59,59,42,42,37,37,37,70,68,68,68,68,61,61,61,56,56,56,49,37,35,35,59,28,85,83,81,81,45,45,14,10,4,4,4,4,1,1,0],"gold":55,"neow_bonus":"BOSS_RELIC","is_prod":false,"is_daily":false,"chose_seed":false,"campfire_upgraded":4,"win_rate":0,"timestamp":1548437736,"path_taken":["M","?","?","?","?","R","M","R","T","$","M","?","?","?","R","BOSS","M","$","?","?","?","R","$","M","T","M","E","?","M","?","R","BOSS","M","M","?","?","$","E","M","E","T","M","$","M","?","M"],"build_version":"2019-01-23","purchased_purges":3,"victory":false,"max_hp_per_floor":[70,70,70,70,70,70,70,70,70,70,70,70,70,70,70,70,70,70,70,70,70,70,70,70,70,70,70,80,80,80,80,80,80,85,85,85,85,85,85,85,85,85,85,85,85,85,85,85],"card_choices":[{"not_picked":["Acrobatics","Outmaneuver"],"picked":"Underhanded Strike","floor":1},{"not_picked":["Skewer","Setup"],"picked":"All Out Attack","floor":2},{"not_picked":["Dagger Throw","Setup"],"picked":"Bouncing Flask","floor":5},{"not_picked":["Blade Dance","Setup","Deflect"],"picked":"SKIP","floor":7},{"not_picked":["Blade Dance","Cloak And Dagger"],"picked":"Dash","floor":11},{"not_picked":["Masterful Stab","Bouncing Flask"],"picked":"PiercingWail","floor":14},{"not_picked":["A Thousand Cuts","Venomology"],"picked":"Night Terror","floor":16},{"not_picked":["Caltrops","Prepared"],"picked":"Dash+1","floor":18},{"not_picked":["Sucker Punch","Blade Dance+1"],"picked":"Noxious Fumes","floor":25},{"not_picked":["Bane+1","Cloak And Dagger","Blade Dance+1"],"picked":"SKIP","floor":27},{"not_picked":["Bane+1","Cloak And Dagger","Blade Dance+1"],"picked":"SKIP","floor":27},{"not_picked":["Bane+1","Cloak And Dagger","Blade Dance+1"],"picked":"SKIP","floor":27},{"not_picked":["Deflect","Masterful Stab"],"picked":"Night Terror","floor":28},{"not_picked":["Blade Dance","Poisoned Stab+1"],"picked":"Caltrops","floor":29},{"not_picked":["Deadly Poison","Outmaneuver+1"],"picked":"Crippling Poison+1","floor":30},{"not_picked":["Die Die Die","Glass Knife"],"picked":"After Image","floor":33},{"not_picked":["Deflect+1","Dagger Throw+1"],"picked":"Crippling Poison+1","floor":35},{"not_picked":["Deadly Poison","Quick Slash","Distraction"],"picked":"SKIP","floor":36},{"not_picked":["Acrobatics","Dash"],"picked":"Tools of the Trade","floor":40},{"not_picked":["Underhanded Strike+1","Deadly Poison"],"picked":"Acrobatics+1","floor":41},{"not_picked":["Sucker Punch+1","Masterful Stab+1","Concentrate"],"picked":"SKIP","floor":41},{"not_picked":["Endless Agony+1","Deadly Poison+1","Cloak And Dagger+1"],"picked":"SKIP","floor":42},{"not_picked":["Endless Agony","Acrobatics"],"picked":"Terror+1","floor":44},{"not_picked":["Poisoned Stab+1","Backstab","Masterful Stab"],"picked":"SKIP","floor":44},{"not_picked":["Dodge and Roll","Outmaneuver"],"picked":"Calculated Gamble","floor":46},{"not_picked":["Finisher+1","Cloak And Dagger","Blade Dance+1"],"picked":"SKIP","floor":46},{"not_picked":["Impatience","Flash of Steel"],"picked":"Apotheosis","floor":47}],"player_experience":4153081,"relics_obtained":[{"floor":9,"key":"Mummified Hand"},{"floor":26,"key":"Spirit Poop"},{"floor":28,"key":"Pear"},{"floor":38,"key":"Prayer Wheel"},{"floor":40,"key":"Incense Burner"},{"floor":42,"key":"Omamori"}],"event_choices":[{"cards_removed":["Strike_G"],"damage_healed":0,"gold_gain":0,"player_choice":"Forget","damage_taken":0,"max_hp_gain":0,"max_hp_loss":0,"event_name":"Living Wall","floor":3,"gold_loss":0},{"damage_healed":0,"gold_gain":0,"player_choice":"Rummage","damage_taken":0,"relics_obtained":["WarpedTongs"],"max_hp_gain":0,"max_hp_loss":0,"event_name":"Accursed Blacksmith","floor":4,"gold_loss":0,"cards_obtained":["Pain"]},{"damage_healed":0,"gold_gain":0,"player_choice":"Take Damage","damage_taken":17,"relics_obtained":["Golden Idol"],"max_hp_gain":0,"max_hp_loss":0,"event_name":"Golden Idol","floor":12,"gold_loss":0},{"damage_healed":0,"gold_gain":0,"cards_transformed":["Strike_G"],"player_choice":"Transformed","damage_taken":0,"max_hp_gain":0,"max_hp_loss":0,"event_name":"Transmorgrifier","floor":13,"gold_loss":0,"cards_obtained":["Masterful Stab"]},{"damage_healed":0,"gold_gain":75,"player_choice":"Touch","damage_taken":7,"max_hp_gain":0,"max_hp_loss":0,"event_name":"FaceTrader","floor":22,"gold_loss":0},{"cards_removed":["Night Terror"],"damage_healed":0,"gold_gain":0,"player_choice":"Took Card","damage_taken":0,"max_hp_gain":0,"max_hp_loss":0,"event_name":"NoteForYourself","floor":31,"gold_loss":0,"cards_obtained":["Evolve"]},{"damage_healed":0,"gold_gain":0,"player_choice":"Fight","damage_taken":0,"max_hp_gain":0,"max_hp_loss":0,"event_name":"Mysterious Sphere","floor":38,"gold_loss":0},{"damage_healed":0,"gold_gain":0,"player_choice":"Memory 1","damage_taken":0,"max_hp_gain":0,"max_hp_loss":0,"event_name":"SensoryStone","floor":47,"gold_loss":0}],"is_beta":false,"boss_relics":[{"not_picked":["Lizard Tail","Fusion Hammer"],"picked":"Astrolabe"},{"not_picked":["Velvet Choker","Calling Bell"],"picked":"Tiny House"}],"items_purged_floors":[10,37,45],"is_endless":false,"potions_floor_spawned":[1,2,5,7,11,14,16,18,25,27,28,29,30,33,35,36,38,40,41,42,44,46],"killed_by":"Jaw Worm Horde","ascension_level":0}