{"gold_per_floor":[117,136,136,136,136,136,162,162,189,189,200,5,5,38,38,138,138,150,183,108,16,16,16,47,47,47,76,76,88,166,182,182,279,279,292,12,12,12,26,26,42,42,42,55,55,84,97,126,126,126],"floor_reached":51,"playtime":2789,"items_purged":["Strike_G"],"score":1067,"play_id":"350dc21b-c75d-4189-9241-106b746aea25","local_time":"20190322220202","is_ascension_mode":true,"campfire_choices":[{"data":"Footwork","floor":6,"key":"SMITH"},{"data":"Dodge and Roll","floor":8,"key":"SMITH"},{"data":"Neutralize","floor":10,"key":"SMITH"},{"floor":15,"key":"REST"},{"data":"Footwork","floor":23,"key":"SMITH"},{"data":"Night Terror","floor":28,"key":"SMITH"},{"floor":32,"key":"REST"},{"data":"Reflex","floor":40,"key":"SMITH"},{"data":"Footwork","floor":42,"key":"SMITH"},{"floor":45,"key":"REST"},{"data":"Catalyst","floor":49,"key":"SMITH"}],"neow_cost":"NONE","seed_source_timestamp":1139662976709831,"circlet_count":0,"master_deck":["Defend_G","Defend_G","Defend_G","Defend_G","Defend_G","Strike_G","Strike_G","Survivor","Neutralize+1","Tools of the Trade","Footwork+1","Dodge and Roll+1","Dagger Spray","Terror","Footwork+1","Corpse Explosion","Well Laid Plans","Cloak And Dagger","Footwork+1","Backflip","Catalyst+1","Predator","Night Terror+1","Deadly Poison","Reflex+1","Escape Plan+1","Leg Sweep","Dodge and Roll+1","Catalyst+1","Quick Slash","Dash+1","Backflip+1","Reflex+1"],"relics":["Ring of the Snake","StoneCalendar","Bag of Marbles","MealTicket","Mercury Hourglass","Art of War","HoveringKite","Red Mask","Smiling Mask","Vajra","Snake Skull","Tiny Chest","Orrery","Happy Flower","Bottled Flame","Anchor","Regal Pillow","Kunai"],"potions_floor_usage":[7,14,33,33,33,33,33,35,50,50],"damage_taken":[{"damage":0,"enemies":"2 Louse","floor":1,"turns":2},{"damage":10,"enemies":"Jaw Worm","floor":2,"turns":7},{"damage":25,"enemies":"Lagavulin","floor":7,"turns":8},{"damage":1,"enemies":"Small Slimes","floor":11,"turns":5},{"damage":18,"enemies":"Gremlin Nob","floor":14,"turns":5},{"damage":4,"enemies":"Hexaghost","floor":16,"turns":12},{"damage":0,"enemies":"2 Thieves","floor":18,"turns":3},{"damage":6,"enemies":"Masked Bandits","floor":19,"turns":2},{"damage":31,"enemies":"Slavers","floor":24,"turns":4},{"damage":28,"enemies":"Gremlin Leader","floor":27,"turns":7},{"damage":14,"enemies":"3 Byrds","floor":29,"turns":3},{"damage":4,"enemies":"Snecko","floor":31,"turns":5},{"damage":20,"enemies":"Collector","floor":33,"turns":12},{"damage":9,"enemies":"3 Shapes","floor":35,"turns":5},{"damage":0,"enemies":"Orb Walker","floor":39,"turns":7},{"damage":11,"enemies":"Jaw Worm Horde","floor":41,"turns":2},{"damage":11,"enemies":"Transient","floor":44,"turns":5},{"damage":0,"enemies":"Nemesis","floor":46,"turns":5},{"damage":0,"enemies":"Sphere and 2 Shapes","floor":47,"turns":6},{"damage":0,"enemies":"Giant Head","floor":48,"turns":3},{"damage":19,"enemies":"Donu and Deca","floor":50,"turns":6}],"seed_played":"3298787430575688608","potions_obtained":[{"floor":1,"key":"Ancient Potion"},{"floor":2,"key":"AttackPotion"},{"floor":16,"key":"EssenceOfSteel"},{"floor":18,"key":"Ancient Potion"},{"floor":19,"key":"LiquidBronze"},{"floor":31,"key":"EntropicBrew"},{"floor":33,"key":"Swift Potion"},{"floor":35,"key":"Poison Potion"}],"is_trial":false,"path_per_floor":["M","M","?","$","?","R","E","R","T","R","M","$","?","E","R","B",null,"M","?","?","$","?","R","E","$","T","E","R","M","T","M","R","B",null,"M","$","T","$","M","R","M","R","T","M","R","E","M","E","R","B",null],"character_chosen":"THE_SILENT","items_purchased":["MealTicket","Footwork","Backflip","Swift Potion","Quick Slash","Happy Flower"],"campfire_rested":3,"item_purchase_floors":[12,21,21,36,36,36],"current_hp_per_floor":[63,53,46,46,69,69,44,44,44,44,43,43,31,13,34,30,60,60,54,54,69,69,69,38,53,53,25,25,11,11,7,28,8,55,46,61,61,61,61,61,50,50,50,39,60,60,60,60,60,41],"gold":126,"neow_bonus":"ONE_RANDOM_RARE_CARD","is_prod":false,"is_daily":false,"chose_seed":false,"campfire_upgraded":8,"win_rate":0,"timestamp":1553306522,"path_taken":["M","M","?","$","?","R","E","R","T","R","M","$","?","E","R","BOSS","M","?","?","$","?","R","E","$","T","E","R","M","?","M","R","BOSS","M","$","?","?","M","R","?","R","T","M","R","E","M","E","R","BOSS"],"build_version":"2019-01-23","purchased_purges":1,"victory":true,"max_hp_per_floor":[70,70,70,70,70,70,70,70,70,70,70,70,70,70,70,70,70,70,70,70,70,70,70,70,70,70,70,70,70,70,70,70,70,70,70,70,70,70,70,70,70,70,70,70,70,70,70,70,70,70],"card_choices":[{"not_picked":["Reflex","Poisoned Stab"],"picked":"Footwork","floor":1},{"not_picked":["Calculated Gamble","Outmaneuver"],"picked":"Dodge and Roll","floor":2},{"not_picked":["Acrobatics","Outmaneuver"],"picked":"Dagger Spray","floor":7},{"not_picked":["Blade Dance","Flying Knee"],"picked":"Terror","floor":11},{"not_picked":["Flechettes","Deadly Poison"],"picked":"Footwork","floor":14},{"not_picked":["Die Die Die","Phantasmal Killer"],"picked":"Corpse Explosion","floor":16},{"not_picked":["Bane","Cloak And Dagger"],"picked":"Well Laid Plans","floor":18},{"not_picked":["Slice","Poisoned Stab"],"picked":"Cloak And Dagger","floor":19},{"not_picked":["Dash","Blade Dance"],"picked":"Predator","floor":24},{"not_picked":["Escape Plan","Outmaneuver"],"picked":"Night Terror","floor":27},{"not_picked":["Cloak And Dagger","Dagger Throw","Dagger Spray"],"picked":"SKIP","floor":29},{"not_picked":["Blade Dance","Underhanded Strike"],"picked":"Deadly Poison","floor":31},{"not_picked":["Blade Dance","Prepared"],"picked":"Reflex","floor":34},{"not_picked":["Sucker Punch","Skewer"],"picked":"Escape Plan+1","floor":34},{"not_picked":["Acrobatics","Dagger Throw+1"],"picked":"Leg Sweep","floor":34},{"not_picked":["Prepared","Crippling Poison"],"picked":"Dodge and Roll+1","floor":34},{"not_picked":["Caltrops","Underhanded Strike+1"],"picked":"Catalyst+1","floor":35},{"not_picked":["Backflip+1","Setup"],"picked":"Dash+1","floor":39},{"not_picked":["Slice+1","Quick Slash","Corpse Explosion"],"picked":"SKIP","floor":41},{"not_picked":["Bouncing Flask+1","Concentrate+1","Slice"],"picked":"SKIP","floor":44},{"not_picked":["After Image","All Out Attack"],"picked":"Backflip+1","floor":46},{"not_picked":["Catalyst+1","Flying Knee"],"picked":"Reflex+1","floor":47},{"not_picked":["Underhanded Strike","Prepared+1","Dagger Throw+1"],"picked":"SKIP","floor":48}],"player_experience":322443,"relics_obtained":[{"floor":7,"key":"StoneCalendar"},{"floor":9,"key":"Bag of Marbles"},{"floor":14,"key":"Art of War"},{"floor":19,"key":"Red Mask"},{"floor":24,"key":"Smiling Mask"},{"floor":26,"key":"Vajra"},{"floor":27,"key":"Snake Skull"},{"floor":30,"key":"Tiny Chest"},{"floor":37,"key":"Bottled Flame"},{"floor":43,"key":"Anchor"},{"floor":46,"key":"Regal Pillow"},{"floor":48,"key":"Kunai"}],"event_choices":[{"cards_removed":["Strike_G"],"damage_healed":0,"gold_gain":0,"player_choice":"Card Removal","damage_taken":7,"max_hp_gain":0,"max_hp_loss":0,"event_name":"Golden Wing","floor":3,"gold_loss":0},{"damage_healed":23,"gold_gain":0,"player_choice":"Banana","damage_taken":0,"max_hp_gain":0,"max_hp_loss":0,"event_name":"Big Fish","floor":5,"gold_loss":0},{"damage_healed":0,"gold_gain":0,"player_choice":"Success","damage_taken":12,"relics_obtained":["Mercury Hourglass"],"max_hp_gain":0,"max_hp_loss":0,"event_name":"Scrap Ooze","floor":13,"gold_loss":0},{"damage_healed":0,"gold_gain":0,"player_choice":"Fought Bandits","damage_taken":0,"max_hp_gain":0,"max_hp_loss":0,"event_name":"Masked Bandits","floor":19,"gold_loss":0},{"cards_removed":["Strike_G"],"damage_healed":0,"gold_gain":0,"player_choice":"Gave Gold","damage_taken":0,"max_hp_gain":0,"max_hp_loss":0,"event_name":"Beggar","floor":20,"gold_loss":75},{"damage_healed":0,"gold_gain":0,"player_choice":"Read","damage_taken":0,"max_hp_gain":0,"max_hp_loss":0,"event_name":"The Library","floor":22,"gold_loss":0,"cards_obtained":["Catalyst"]}],"is_beta":false,"boss_relics":[{"not_picked":["Lizard Tail","Velvet Choker"],"picked":"HoveringKite"},{"not_picked":["Eternal Feather","Snecko Eye"],"picked":"Orrery"}],"items_purged_floors":[36],"is_endless":false,"potions_floor_spawned":[1,2,16,18,19,31,33,35,46,48],"ascension_level":7}