{"gold_per_floor":[114,189,201,213,223,249,249,249,249,249,262,292,292,302,302,376,376,393,393,393,406,406,440,440,100,100,110,128,163,176,101,101,179,179,197,297,314,330,384,384,416,427,427,427,455,468,48,67,67,67,67],"floor_reached":52,"playtime":2871,"items_purged":["Bite+1","Defend_G"],"score":1903,"play_id":"9ab3d8ca-6f66-40c0-810d-6a2325dc36c8","local_time":"20190131025933","is_ascension_mode":true,"campfire_choices":[{"floor":7,"key":"REST"},{"data":"Die Die Die","floor":10,"key":"SMITH"},{"data":"All Out Attack","floor":13,"key":"SMITH"},{"floor":15,"key":"REST"},{"floor":24,"key":"REST"},{"data":"Noxious Fumes","floor":32,"key":"SMITH"},{"data":"Calculated Gamble","floor":40,"key":"SMITH"},{"data":"Well Laid Plans","floor":44,"key":"SMITH"},{"data":"Calculated Gamble","floor":49,"key":"SMITH"}],"neow_cost":"NONE","seed_source_timestamp":26903325546500,"circlet_count":0,"master_deck":["AscendersBane","Defend_G","Defend_G","Defend_G","Defend_G","Survivor","Neutralize","Die Die Die+1","Dash","All Out Attack+1","Backflip","Endless Agony","Poisoned Stab+1","Sucker Punch+1","Escape Plan","Well Laid Plans+1","Glass Knife+1","Poisoned Stab+1","Bite+1","Bite+1","Bite+1","Bite+1","Footwork","Dash+1","Noxious Fumes+1","Acrobatics","Wraith Form v2","Night Terror","Calculated Gamble+1","Terror+1","Acrobatics","Acrobatics","Calculated Gamble+1","Reflex","Apotheosis"],"relics":["Ring of the Snake","Molten Egg 2","Torii","Turnip","Sozu","Orichalcum","Tough Bandages","Ninja Scroll","Pear","Eternal Feather","Nunchaku","Bag of Preparation","Tingsha","Meat on the Bone","Ancient Tea Set"],"potions_floor_usage":[6,6,12],"damage_taken":[{"damage":2,"enemies":"2 Louse","floor":1,"turns":3},{"damage":4,"enemies":"Jaw Worm","floor":3,"turns":5},{"damage":1,"enemies":"Cultist","floor":4,"turns":4},{"damage":4,"enemies":"3 Louse","floor":5,"turns":3},{"damage":43,"enemies":"Lagavulin","floor":6,"turns":10},{"damage":7,"enemies":"Exordium Wildlife","floor":11,"turns":4},{"damage":9,"enemies":"3 Sentries","floor":12,"turns":5},{"damage":0,"enemies":"Lots of Slimes","floor":14,"turns":1},{"damage":29,"enemies":"Slime Boss","floor":16,"turns":14},{"damage":13,"enemies":"2 Thieves","floor":18,"turns":4},{"damage":1,"enemies":"Spheric Guardian","floor":21,"turns":3},{"damage":35,"enemies":"Slavers","floor":23,"turns":6},{"damage":17,"enemies":"Centurion and Healer","floor":27,"turns":14},{"damage":0,"enemies":"Chosen and Byrds","floor":28,"turns":3},{"damage":17,"enemies":"Gremlin Leader","floor":29,"turns":5},{"damage":29,"enemies":"Cultist and Chosen","floor":30,"turns":5},{"damage":55,"enemies":"Automaton","floor":33,"turns":11},{"damage":28,"enemies":"3 Darklings","floor":35,"turns":5},{"damage":0,"enemies":"Mind Bloom Boss Battle","floor":36,"turns":5},{"damage":3,"enemies":"3 Shapes","floor":37,"turns":9},{"damage":35,"enemies":"Maw","floor":38,"turns":8},{"damage":52,"enemies":"Reptomancer","floor":41,"turns":6},{"damage":1,"enemies":"4 Shapes","floor":42,"turns":7},{"damage":1,"enemies":"Giant Head","floor":45,"turns":8},{"damage":1,"enemies":"Spire Growth","floor":46,"turns":4},{"damage":0,"enemies":"Sphere and 2 Shapes","floor":48,"turns":3},{"damage":18,"enemies":"Donu and Deca","floor":50,"turns":13},{"damage":15,"enemies":"Awakened One","floor":51,"turns":8}],"seed_played":"-8247686513446425724","potions_obtained":[{"floor":1,"key":"LiquidBronze"},{"floor":4,"key":"EssenceOfSteel"},{"floor":5,"key":"Regen Potion"},{"floor":11,"key":"Block Potion"}],"is_trial":false,"path_per_floor":["M","?","M","M","M","E","R","T","T","R","M","E","R","M","R","B",null,"M","?","?","M","?","E","R","$","T","M","M","E","M","$","R","B",null,"M","?","M","M","T","R","E","M","T","R","E","M","$","M","R","B","B",null],"character_chosen":"THE_SILENT","items_purchased":["Tough Bandages","Calculated Gamble","Reflex","Apotheosis"],"campfire_rested":3,"item_purchase_floors":[25,47,47,47],"current_hp_per_floor":[57,46,42,41,37,9,28,28,28,28,23,16,16,18,37,10,52,41,23,23,31,31,11,32,32,32,71,71,70,56,56,56,37,70,54,69,81,58,58,76,36,47,47,65,81,81,81,81,81,81,81],"gold":67,"neow_bonus":"ONE_RANDOM_RARE_CARD","is_prod":false,"is_daily":false,"chose_seed":false,"campfire_upgraded":6,"win_rate":0,"timestamp":1548871173,"path_taken":["M","?","M","M","M","E","R","?","T","R","M","E","R","M","R","BOSS","M","?","?","M","?","E","R","?","T","M","?","E","M","$","R","BOSS","M","?","M","M","?","R","E","M","T","R","E","M","$","M","R","BOSS","BOSS"],"build_version":"2019-01-23","purchased_purges":2,"victory":true,"max_hp_per_floor":[66,66,66,66,66,66,66,66,66,66,66,66,66,66,66,66,66,66,71,71,71,71,71,71,71,71,71,71,81,81,81,81,81,81,81,81,81,81,81,81,81,81,81,81,81,81,81,81,81,81,81],"card_choices":[{"not_picked":["Catalyst","Predator"],"picked":"Dash","floor":1},{"not_picked":["Blade Dance","Dagger Throw"],"picked":"All Out Attack","floor":3},{"not_picked":["Tactician","Dodge and Roll"],"picked":"Backflip","floor":4},{"not_picked":["Calculated Gamble","Slice"],"picked":"Endless Agony","floor":5},{"not_picked":["Terror","Prepared"],"picked":"Poisoned Stab","floor":6},{"not_picked":["Backflip","Footwork"],"picked":"Sucker Punch+1","floor":11},{"not_picked":["Accuracy","Deflect"],"picked":"Escape Plan","floor":12},{"not_picked":["Setup","Acrobatics"],"picked":"Well Laid Plans","floor":14},{"not_picked":["Tools of the Trade","Bullet Time"],"picked":"Glass Knife+1","floor":16},{"not_picked":["Deadly Poison","Dodge and Roll"],"picked":"Poisoned Stab+1","floor":18},{"not_picked":["Infinite Blades","Underhanded Strike+1"],"picked":"Footwork","floor":21},{"not_picked":["Tactician","Flying Knee+1"],"picked":"Dash+1","floor":23},{"not_picked":["Deadly Poison","Bullet Time"],"picked":"Noxious Fumes","floor":27},{"not_picked":["Poisoned Stab+1","Flying Knee+1","Outmaneuver"],"picked":"SKIP","floor":28},{"not_picked":["Masterful Stab+1","Quick Slash+1"],"picked":"Acrobatics","floor":29},{"not_picked":["Riddle With Holes+1","Flying Knee+1"],"picked":"Wraith Form v2","floor":30},{"not_picked":["Glass Knife+1","Phantasmal Killer"],"picked":"Night Terror","floor":33},{"not_picked":["Acrobatics","Slice+1"],"picked":"Calculated Gamble","floor":35},{"not_picked":["Finisher+1","Bane+1"],"picked":"Terror+1","floor":37},{"not_picked":["Flying Knee+1","Cloak And Dagger+1"],"picked":"Acrobatics","floor":38},{"not_picked":["Endless Agony+1","Dagger Spray+1"],"picked":"Acrobatics","floor":41},{"not_picked":["Underhanded Strike+1","Predator+1","Doppelganger"],"picked":"SKIP","floor":42},{"not_picked":["Noxious Fumes","Poisoned Stab+1","Leg Sweep+1"],"picked":"SKIP","floor":45},{"not_picked":["Deflect+1","Crippling Poison","All Out Attack+1"],"picked":"SKIP","floor":46},{"not_picked":["Endless Agony+1","Flying Knee+1","Slice+1"],"picked":"SKIP","floor":48}],"player_experience":4179750,"relics_obtained":[{"floor":6,"key":"Molten Egg 2"},{"floor":8,"key":"Torii"},{"floor":9,"key":"Blood Vial"},{"floor":12,"key":"Turnip"},{"floor":23,"key":"Orichalcum"},{"floor":26,"key":"Ninja Scroll"},{"floor":29,"key":"Pear"},{"floor":36,"key":"Nunchaku"},{"floor":39,"key":"Bag of Preparation"},{"floor":41,"key":"Tingsha"},{"floor":43,"key":"Meat on the Bone"},{"floor":45,"key":"Ancient Tea Set"}],"event_choices":[{"damage_healed":0,"gold_gain":75,"player_choice":"Gather Gold","damage_taken":11,"max_hp_gain":0,"max_hp_loss":0,"event_name":"World of Goop","floor":2,"gold_loss":0},{"damage_healed":0,"gold_gain":0,"player_choice":"Shed Blood","damage_taken":23,"max_hp_gain":5,"max_hp_loss":0,"event_name":"Forgotten Altar","floor":19,"gold_loss":0},{"damage_healed":0,"gold_gain":0,"player_choice":"Became a vampire (Vial)","damage_taken":0,"max_hp_gain":0,"max_hp_loss":0,"event_name":"Vampires","floor":20,"relics_lost":["Blood Vial"],"gold_loss":0,"cards_obtained":["Bite","Bite","Bite","Bite","Bite"]},{"damage_healed":0,"gold_gain":0,"player_choice":"Ignored","damage_taken":0,"max_hp_gain":0,"max_hp_loss":0,"event_name":"The Mausoleum","floor":22,"gold_loss":0},{"damage_healed":0,"gold_gain":0,"player_choice":"Fight","damage_taken":0,"max_hp_gain":0,"max_hp_loss":0,"event_name":"MindBloom","floor":36,"gold_loss":0}],"is_beta":false,"boss_relics":[{"not_picked":["Cursed Key","Lizard Tail"],"picked":"Sozu"},{"not_picked":["Busted Crown","Astrolabe"],"picked":"Eternal Feather"}],"items_purged_floors":[31,47],"is_endless":false,"potions_floor_spawned":[1,4,5,11,21,29,30,33,38,42,45,48],"ascension_level":20}