{"gold_per_floor":[361,377,377,396,396,396,435,435,459,503,51,11,11,11,11,104,104,124,124,18,23,23,23,59,77,104,104],"floor_reached":27,"playtime":885,"items_purged":["Strike_R"],"score":594,"play_id":"e7646c1c-af3f-452f-9077-6d24f429f8e7","local_time":"20181110053658","is_ascension_mode":true,"campfire_choices":[{"data":"Bash","floor":6.0,"key":"SMITH"},{"floor":15.0,"key":"DIG"},{"floor":23.0,"key":"DIG"}],"neow_cost":"PERCENT_DAMAGE","seed_source_timestamp":1399289346838276,"circlet_count":0,"master_deck":["AscendersBane","Strike_R","Strike_R","Strike_R","Strike_R","Defend_R","Defend_R","Defend_R","Defend_R","Bash+1","Sword Boomerang","Feel No Pain","Twin Strike","True Grit+1","Impervious","Corruption","Inflame","Havoc","Limit Break","Spot Weakness","Ghostly+1","Ghostly","Ghostly+1","Feel No Pain","Ghostly Armor","Whirlwind","Corruption"],"special_seed":0,"relics":["Burning Blood","Golden Idol","Strawberry","Happy Flower","Shovel","Membership Card","Vajra","MawBank","Ancient Tea Set","Velvet Choker","DollysMirror","Champion Belt","Blood Vial","Regal Pillow","War Paint"],"potions_floor_usage":[27],"damage_taken":[{"damage":9.0,"enemies":"Jaw Worm","floor":1.0,"turns":6.0},{"damage":8.0,"enemies":"2 Louse","floor":2.0,"turns":3.0},{"damage":8.0,"enemies":"Small Slimes","floor":4.0,"turns":4.0},{"damage":25.0,"enemies":"Lagavulin","floor":7.0,"turns":6.0},{"damage":15.0,"enemies":"3 Sentries","floor":10.0,"turns":13.0},{"damage":0.0,"enemies":"Gremlin Nob","floor":13.0,"turns":1.0},{"damage":0.0,"enemies":"The Guardian","floor":16.0,"turns":1.0},{"damage":23.0,"enemies":"Shell Parasite","floor":18.0,"turns":5.0},{"damage":13.0,"enemies":"2 Thieves","floor":21.0,"turns":5.0},{"damage":17.0,"enemies":"Book of Stabbing","floor":24.0,"turns":7.0},{"damage":0.0,"enemies":"Snecko","floor":25.0,"turns":5.0},{"damage":0,"enemies":"Slavers","floor":27,"turns":3}],"seed_played":"4642502732127370749","potions_obtained":[{"floor":2.0,"key":"SteroidPotion"},{"floor":4.0,"key":"Swift Potion"},{"floor":10.0,"key":"SmokeBomb"},{"floor":18.0,"key":"Strength Potion"},{"floor":24.0,"key":"Swift Potion"}],"is_trial":false,"path_per_floor":["M","M","?","M","?","R","E","?","T","E","$","$","E","$","R","B",null,"M","?","$","M","?","R","E","M","T","E"],"character_chosen":"IRONCLAD","items_purchased":["Membership Card","Corruption","Vajra","MawBank","Inflame","Havoc","DollysMirror"],"campfire_rested":0,"item_purchase_floors":[11,11,11,11,12,12,20],"current_hp_per_floor":[47,45,45,43,43,43,31,31,31,22,22,22,28,28,28,34,65,48,37,37,30,30,30,21,29,29,31],"gold":104,"neow_bonus":"TWO_FIFTY_GOLD","is_prod":false,"is_daily":false,"chose_seed":false,"campfire_upgraded":1,"win_rate":0,"timestamp":1541846218,"path_taken":["M","M","?","M","?","R","E","?","T","E","?","$","E","$","R","BOSS","M","?","$","M","?","R","E","M","T","E"],"build_version":"2018-11-08","purchased_purges":1,"victory":false,"max_hp_per_floor":[75,75,75,75,68,68,75,75,75,75,75,75,75,75,75,75,75,75,37,37,37,37,37,37,37,37,37],"card_choices":[{"not_picked":["Perfected Strike","Rupture"],"picked":"Sword Boomerang","floor":1.0},{"not_picked":["Flex","Anger"],"picked":"Feel No Pain","floor":2.0},{"not_picked":["Hemokinesis","Iron Wave"],"picked":"Twin Strike","floor":4.0},{"not_picked":["Sword Boomerang","Feel No Pain"],"picked":"True Grit","floor":7.0},{"not_picked":["Evolve","Offering"],"picked":"Impervious","floor":10.0},{"not_picked":["Double Tap","Berserk"],"picked":"Limit Break","floor":16.0},{"not_picked":["Cleave","Perfected Strike"],"picked":"Spot Weakness","floor":18.0},{"not_picked":["Warcry+1","Cleave"],"picked":"Ghostly Armor","floor":21.0},{"not_picked":["Pommel Strike","Perfected Strike"],"picked":"Whirlwind","floor":24.0},{"not_picked":["Armaments","Body Slam"],"picked":"Corruption","floor":25.0}],"player_experience":792276,"relics_obtained":[{"floor":7.0,"key":"Strawberry"},{"floor":9.0,"key":"Happy Flower"},{"floor":10.0,"key":"Shovel"},{"floor":15.0,"key":"Ancient Tea Set"},{"floor":23.0,"key":"Blood Vial"},{"floor":24.0,"key":"Regal Pillow"},{"floor":26.0,"key":"War Paint"}],"event_choices":[{"damage_healed":0.0,"max_hp_gain":0.0,"max_hp_loss":0.0,"gold_gain":0.0,"event_name":"Liars Game","player_choice":"Ignored","floor":3.0,"gold_loss":0.0,"damage_taken":0.0},{"damage_healed":0.0,"max_hp_gain":0.0,"max_hp_loss":7.0,"gold_gain":0.0,"event_name":"Golden Idol","player_choice":"Lose Max HP","floor":5.0,"gold_loss":0.0,"damage_taken":0.0,"relics_obtained":["Golden Idol"]},{"damage_healed":0.0,"max_hp_gain":0.0,"max_hp_loss":0.0,"gold_gain":0.0,"event_name":"Living Wall","player_choice":"Grow","floor":8.0,"gold_loss":0.0,"damage_taken":0.0,"cards_upgraded":["True Grit"]},{"damage_healed":0.0,"max_hp_gain":0.0,"max_hp_loss":38.0,"gold_gain":0.0,"event_name":"Ghosts","player_choice":"Became a Ghost","floor":19.0,"gold_loss":0.0,"damage_taken":0.0,"cards_obtained":["Ghostly","Ghostly","Ghostly"]},{"damage_healed":0.0,"max_hp_gain":0.0,"max_hp_loss":0.0,"gold_gain":0.0,"event_name":"WeMeetAgain","player_choice":"Gave Potion","floor":22.0,"gold_loss":0.0,"damage_taken":0.0,"relics_obtained":["Champion Belt"]}],"is_beta":true,"boss_relics":[{"not_picked":["Eternal Feather","Black Blood"],"picked":"Velvet Choker"}],"items_purged_floors":[11],"is_endless":false,"potions_floor_spawned":[2,4,10,18,24],"killed_by":"Slavers","ascension_level":20}