{"gold_per_floor":[216,233,233,244,224,224,4,38,38,64,75,75,75,90,90,165,165,181,181,63,78,4,65,65,65,91,91,91,121,136,136,136,210,210,226,226,244,97,97,125,166,166,166,183,183,183,183,224,224,224,249],"floor_reached":52,"playtime":3147,"items_purged":["Strike_R","Defend_R"],"score":1927,"play_id":"7725afaa-0060-49be-abc3-9f64ce0a561f","local_time":"20190210014533","is_ascension_mode":true,"campfire_choices":[{"data":"Spot Weakness","floor":6.0,"key":"SMITH"},{"data":"Uppercut","floor":15.0,"key":"SMITH"},{"data":"Offering","floor":24.0,"key":"SMITH"},{"data":"Flame Barrier","floor":27.0,"key":"SMITH"},{"data":"Disarm","floor":32,"key":"SMITH"},{"data":"Feel No Pain","floor":42,"key":"SMITH"},{"data":"Feel No Pain","floor":46,"key":"SMITH"},{"data":"Flame Barrier","floor":49,"key":"SMITH"}],"neow_cost":"NONE","seed_source_timestamp":33241672577103,"circlet_count":0,"master_deck":["AscendersBane","Defend_R","Defend_R","Defend_R","Bash","Feel No Pain+1","Spot Weakness+1","Uppercut+1","Reaper","Disarm+1","Sword Boomerang+1","Offering+1","Shockwave+1","Whirlwind+1","Disarm+1","Flame Barrier+1","Bite+1","Bite+1","Bite+1","Bite+1","Bite+1","Heavy Blade+1","Exhume","Flame Barrier","Flame Barrier+1","HandOfGreed+1","Feel No Pain+1","Twin Strike+1","Headbutt+1"],"special_seed":0,"relics":["Burning Blood","Mercury Hourglass","Molten Egg 2","Pen Nib","Snecko Eye","Tiny Chest","Anchor","MutagenicStrength","The Courier","Coffee Dripper","Smiling Mask","Lantern"],"potions_floor_usage":[33,40,40,50,51],"damage_taken":[{"damage":5.0,"enemies":"Small Slimes","floor":1.0,"turns":4.0},{"damage":10.0,"enemies":"2 Louse","floor":2.0,"turns":4.0},{"damage":2.0,"enemies":"Cultist","floor":4.0,"turns":4.0},{"damage":25.0,"enemies":"Lagavulin","floor":8.0,"turns":6.0},{"damage":29.0,"enemies":"Gremlin Nob","floor":10.0,"turns":4.0},{"damage":13.0,"enemies":"Blue Slaver","floor":11.0,"turns":4.0},{"damage":12.0,"enemies":"Large Slime","floor":14.0,"turns":5.0},{"damage":34.0,"enemies":"The Guardian","floor":16.0,"turns":11.0},{"damage":6.0,"enemies":"3 Byrds","floor":18.0,"turns":3.0},{"damage":17.0,"enemies":"Chosen","floor":21.0,"turns":5.0},{"damage":10.0,"enemies":"Book of Stabbing","floor":23.0,"turns":5.0},{"damage":6,"enemies":"Slavers","floor":29,"turns":1},{"damage":26,"enemies":"Snecko","floor":30,"turns":4},{"damage":39,"enemies":"Collector","floor":33,"turns":7},{"damage":31,"enemies":"3 Shapes","floor":35,"turns":9},{"damage":1,"enemies":"Orb Walker","floor":37,"turns":2},{"damage":69,"enemies":"Giant Head","floor":40,"turns":7},{"damage":17,"enemies":"Sphere and 2 Shapes","floor":41,"turns":4},{"damage":0,"enemies":"3 Darklings","floor":44,"turns":2},{"damage":38,"enemies":"Spire Growth","floor":48,"turns":5},{"damage":55,"enemies":"Time Eater","floor":50,"turns":13},{"damage":55,"enemies":"Awakened One","floor":51,"turns":18}],"seed_played":"3138083072922654646","potions_obtained":[{"floor":2.0,"key":"Swift Potion"},{"floor":5.0,"key":"Poison Potion"},{"floor":8.0,"key":"LiquidBronze"},{"floor":11.0,"key":"Block Potion"},{"floor":16.0,"key":"Block Potion"},{"floor":21.0,"key":"Dexterity Potion"},{"floor":33,"key":"Fire Potion"},{"floor":40,"key":"Regen Potion"},{"floor":41,"key":"PowerPotion"}],"is_trial":false,"path_per_floor":["M","M","?","M","?","R","$","E","T","E","M","?","?","M","R","B",null,"M","?","$","M","$","E","R","?","T","R","?","E","M","?","R","B",null,"M","$","M","$","?","E","M","R","T","M","?","R","?","M","R","B","B",null],"character_chosen":"IRONCLAD","items_purchased":["Uppercut","Fire Potion","Shockwave","Whirlwind+1","Flame Barrier","Flame Barrier"],"campfire_rested":0,"item_purchase_floors":[7,7,20,20,22,38],"current_hp_per_floor":[69,65,70,74,74,74,74,55,55,32,25,25,25,29,29,9,62,68,68,68,75,75,80,80,56,56,56,56,56,52,52,52,34,51,56,56,56,56,46,24,48,48,48,56,53,53,53,37,37,33,23],"gold":249,"neow_bonus":"HUNDRED_GOLD","is_prod":false,"is_daily":false,"chose_seed":false,"campfire_upgraded":8,"win_rate":0,"timestamp":1549781133,"path_taken":["M","M","?","M","?","R","$","E","T","E","?","?","?","M","R","BOSS","M","?","$","?","?","E","R","?","T","R","?","E","M","?","R","BOSS","M","?","?","$","?","E","M","R","T","M","?","R","?","?","R","BOSS","BOSS"],"build_version":"2019-02-06","purchased_purges":2,"victory":true,"max_hp_per_floor":[75,75,80,80,80,80,80,80,80,80,80,80,80,80,80,80,80,80,80,80,80,80,80,80,56,56,56,56,56,56,56,56,56,56,56,56,56,56,56,56,56,56,56,56,53,53,53,53,53,53,53],"card_choices":[{"not_picked":["Burning Pact","Perfected Strike"],"picked":"Thunderclap","floor":1.0},{"not_picked":["Metallicize","Disarm"],"picked":"Feel No Pain","floor":2.0},{"not_picked":["Power Through","Clash"],"picked":"Spot Weakness","floor":4.0},{"not_picked":["Pummel","Rupture"],"picked":"Reaper","floor":8.0},{"not_picked":["Warcry","Second Wind"],"picked":"Disarm","floor":10.0},{"not_picked":["Heavy Blade+1","Havoc"],"picked":"Sword Boomerang+1","floor":11.0},{"not_picked":["Sword Boomerang+1","Pommel Strike+1","Bloodletting"],"picked":"SKIP","floor":14.0},{"not_picked":["Bludgeon+1","Brutality"],"picked":"Offering","floor":16.0},{"not_picked":["Anger+1","Armaments","Searing Blow+1"],"picked":"SKIP","floor":18.0},{"not_picked":["Thunderclap+1","True Grit"],"picked":"Disarm+1","floor":21.0},{"not_picked":["Berserk","Bloodletting+1","Rupture"],"picked":"SKIP","floor":23.0},{"not_picked":["Rampage+1","Havoc","Twin Strike+1"],"picked":"SKIP","floor":29},{"not_picked":["Warcry+1","Anger+1"],"picked":"Heavy Blade+1","floor":30},{"not_picked":["Double Tap","Juggernaut"],"picked":"Exhume","floor":33},{"not_picked":["Dropkick+1","Clash+1","Rupture"],"picked":"SKIP","floor":35},{"not_picked":["Cleave+1","Clothesline+1"],"picked":"Flame Barrier","floor":37},{"not_picked":["Discovery","Jack Of All Trades"],"picked":"HandOfGreed+1","floor":39},{"not_picked":["Thunderclap+1","Iron Wave+1"],"picked":"Feel No Pain","floor":40},{"not_picked":["Heavy Blade+1","Wild Strike+1","Anger+1"],"picked":"SKIP","floor":41},{"not_picked":["Heavy Blade+1","Wild Strike+1","Anger+1"],"picked":"SKIP","floor":41},{"not_picked":["Heavy Blade+1","Wild Strike+1","Anger+1"],"picked":"SKIP","floor":41},{"not_picked":["Heavy Blade+1","Wild Strike+1","Anger+1"],"picked":"SKIP","floor":41},{"not_picked":["Heavy Blade+1","Wild Strike+1","Anger+1"],"picked":"SKIP","floor":41},{"not_picked":["Cleave+1","Evolve","Pummel+1"],"picked":"SKIP","floor":44},{"not_picked":["Uppercut+1","Combust"],"picked":"Headbutt+1","floor":48}],"player_experience":860175,"relics_obtained":[{"floor":8.0,"key":"Mercury Hourglass"},{"floor":9.0,"key":"Molten Egg 2"},{"floor":10.0,"key":"Pen Nib"},{"floor":23.0,"key":"Tiny Chest"},{"floor":26.0,"key":"Anchor"},{"floor":29,"key":"The Courier"},{"floor":40,"key":"Smiling Mask"},{"floor":43,"key":"Lantern"}],"event_choices":[{"damage_healed":0.0,"max_hp_gain":5.0,"max_hp_loss":0.0,"gold_gain":0.0,"event_name":"Big Fish","player_choice":"Donut","floor":3.0,"gold_loss":0.0,"damage_taken":0.0},{"damage_healed":0.0,"max_hp_gain":0.0,"max_hp_loss":0.0,"gold_gain":0.0,"event_name":"The Woman in Blue","player_choice":"Bought 1 Potion","floor":5.0,"gold_loss":0.0,"damage_taken":0.0},{"damage_healed":0.0,"max_hp_gain":0.0,"max_hp_loss":0.0,"gold_gain":0.0,"event_name":"Scrap Ooze","player_choice":"Fled","floor":12.0,"gold_loss":0.0,"damage_taken":0.0},{"damage_healed":0.0,"max_hp_gain":0.0,"max_hp_loss":0.0,"gold_gain":0.0,"event_name":"Liars Game","player_choice":"Ignored","floor":13.0,"gold_loss":0.0,"damage_taken":0.0},{"damage_healed":0.0,"max_hp_gain":0.0,"max_hp_loss":0.0,"gold_gain":0.0,"event_name":"N\u0027loth","player_choice":"Ignored","floor":19.0,"gold_loss":0.0,"damage_taken":0.0},{"damage_healed":0.0,"max_hp_gain":0.0,"max_hp_loss":24.0,"gold_gain":0.0,"event_name":"Vampires","player_choice":"Became a vampire","floor":25.0,"gold_loss":0.0,"damage_taken":0.0,"cards_obtained":["Bite","Bite","Bite","Bite","Bite"]},{"damage_healed":0,"gold_gain":0,"player_choice":"Inject Mutagens","damage_taken":0,"relics_obtained":["MutagenicStrength"],"max_hp_gain":0,"max_hp_loss":0,"event_name":"Drug Dealer","floor":28,"gold_loss":0},{"damage_healed":0,"gold_gain":0,"player_choice":"Upgraded","damage_taken":0,"max_hp_gain":0,"max_hp_loss":0,"event_name":"Upgrade Shrine","floor":31,"gold_loss":0,"cards_upgraded":["Shockwave"]},{"damage_healed":0,"gold_gain":0,"player_choice":"Memory 3","damage_taken":10,"max_hp_gain":0,"max_hp_loss":0,"event_name":"SensoryStone","floor":39,"gold_loss":0},{"damage_healed":0,"gold_gain":0,"player_choice":"Max HP","damage_taken":0,"max_hp_gain":0,"max_hp_loss":3,"event_name":"Winding Halls","floor":45,"gold_loss":0},{"damage_healed":0,"gold_gain":0,"cards_transformed":["Thunderclap"],"player_choice":"Transformed","damage_taken":0,"max_hp_gain":0,"max_hp_loss":0,"event_name":"Transmorgrifier","floor":47,"gold_loss":0,"cards_obtained":["Twin Strike"]}],"is_beta":true,"boss_relics":[{"not_picked":["Mark of Pain","Runic Dome"],"picked":"Snecko Eye"},{"not_picked":["Sozu","Tiny House"],"picked":"Coffee Dripper"}],"items_purged_floors":[7,38],"is_endless":false,"potions_floor_spawned":[2,8,11,16,21,23,33,37,40,41],"ascension_level":20}