{"gold_per_floor":[118,135,115,125,145,145,179,179,248,187,201,201,201,228,228,305,305,319,319,329,329,352,390,402],"floor_reached":24,"playtime":683,"items_purged":[],"score":452,"play_id":"ac43feb6-7c76-4bf3-8e96-4a354479e34c","local_time":"20190318013038","is_ascension_mode":true,"campfire_choices":[{"data":"Flex","floor":6,"key":"SMITH"},{"floor":8,"key":"REST"},{"data":"Limit Break","floor":12,"key":"SMITH"},{"floor":15,"key":"REST"}],"neow_cost":"NONE","seed_source_timestamp":174937236210900,"circlet_count":0,"master_deck":["AscendersBane","Strike_R+1","Strike_R+1","Strike_R+1","Strike_R+1","Strike_R+1","Defend_R+1","Defend_R+1","Defend_R+1","Defend_R+1","Bash+1","Limit Break+1","Flex+1","Cleave","Headbutt","Battle Trance","Double Tap","Twin Strike+1","Offering","Thunderclap","Armaments","Disarm","Intimidate"],"relics":["Burning Blood","Magic Flower","Mummified Hand","Bag of Preparation","Mark of Pain","MawBank","Whetstone"],"potions_floor_usage":[7],"damage_taken":[{"damage":6,"enemies":"Cultist","floor":1,"turns":3},{"damage":12,"enemies":"Jaw Worm","floor":2,"turns":2},{"damage":7,"enemies":"Small Slimes","floor":4,"turns":3},{"damage":21,"enemies":"3 Louse","floor":5,"turns":3},{"damage":35,"enemies":"Lagavulin","floor":7,"turns":4},{"damage":0,"enemies":"Large Slime","floor":11,"turns":2},{"damage":64,"enemies":"Gremlin Nob","floor":14,"turns":6},{"damage":20,"enemies":"Slime Boss","floor":16,"turns":6},{"damage":6,"enemies":"Chosen","floor":18,"turns":2},{"damage":3,"enemies":"Spheric Guardian","floor":20,"turns":3},{"damage":24,"enemies":"3 Cultists","floor":22,"turns":5},{"damage":39,"enemies":"Gremlin Leader","floor":23,"turns":6},{"damage":41,"enemies":"Chosen and Byrds","floor":24,"turns":5}],"seed_played":"1785496997646021099","potions_obtained":[{"floor":1,"key":"FairyPotion"},{"floor":2,"key":"Fire Potion"},{"floor":3,"key":"SteroidPotion"},{"floor":11,"key":"Poison Potion"}],"is_trial":false,"path_per_floor":["M","M","?","M","M","R","E","R","T","?","M","R","?","E","R","B",null,"M","?","M","?","M","E","M"],"character_chosen":"IRONCLAD","items_purchased":[],"campfire_rested":2,"item_purchase_floors":[],"current_hp_per_floor":[68,62,62,61,46,46,17,39,39,39,48,48,73,18,40,29,64,67,67,73,73,58,28,0],"gold":402,"neow_bonus":"ONE_RANDOM_RARE_CARD","is_prod":false,"is_daily":false,"chose_seed":false,"campfire_upgraded":2,"win_rate":0,"timestamp":1552887038,"path_taken":["M","?","?","M","?","R","E","R","T","?","M","R","?","E","R","BOSS","M","?","M","?","?","E","M"],"build_version":"2019-03-15","purchased_purges":0,"victory":false,"max_hp_per_floor":[75,75,75,75,75,75,75,75,75,75,75,75,75,75,75,75,75,75,75,75,75,75,75,75],"card_choices":[{"not_picked":["Evolve","Headbutt"],"picked":"Flex","floor":1},{"not_picked":["True Grit","Shrug It Off"],"picked":"Cleave","floor":2},{"not_picked":["Havoc","True Grit","Body Slam"],"picked":"SKIP","floor":4},{"not_picked":["Flex","Body Slam"],"picked":"Headbutt","floor":5},{"not_picked":["Cleave","Power Through"],"picked":"Battle Trance","floor":7},{"not_picked":["Anger","Seeing Red"],"picked":"Double Tap","floor":11},{"not_picked":["Exhume","Whirlwind"],"picked":"Twin Strike","floor":14},{"not_picked":["Limit Break","Double Tap"],"picked":"Offering","floor":16},{"not_picked":["Carnage","Bloodletting"],"picked":"Thunderclap","floor":18},{"not_picked":["Clothesline","True Grit"],"picked":"Armaments","floor":20},{"not_picked":["Clothesline","Perfected Strike"],"picked":"Disarm","floor":22},{"not_picked":["Clothesline","Rampage"],"picked":"Intimidate","floor":23}],"player_experience":669390,"relics_obtained":[{"floor":7,"key":"Magic Flower"},{"floor":9,"key":"Mummified Hand"},{"floor":14,"key":"Bag of Preparation"},{"floor":21,"key":"MawBank"},{"floor":23,"key":"Whetstone"}],"event_choices":[{"damage_healed":0,"gold_gain":0,"player_choice":"Bought 1 Potion","damage_taken":0,"max_hp_gain":0,"max_hp_loss":0,"event_name":"The Woman in Blue","floor":3,"gold_loss":0},{"damage_healed":0,"gold_gain":0,"player_choice":"Left Gold","damage_taken":0,"max_hp_gain":0,"max_hp_loss":0,"event_name":"World of Goop","floor":10,"gold_loss":61},{"damage_healed":25,"gold_gain":0,"player_choice":"Banana","damage_taken":0,"max_hp_gain":0,"max_hp_loss":0,"event_name":"Big Fish","floor":13,"gold_loss":0},{"damage_healed":0,"gold_gain":0,"player_choice":"Simplicity","damage_taken":0,"max_hp_gain":0,"max_hp_loss":0,"event_name":"Back to Basics","floor":19,"gold_loss":0,"cards_upgraded":["Strike_R","Strike_R","Strike_R","Strike_R","Strike_R","Defend_R","Defend_R","Defend_R","Defend_R"]},{"damage_healed":0,"gold_gain":0,"player_choice":"Relic","damage_taken":0,"max_hp_gain":0,"max_hp_loss":0,"event_name":"Wheel of Change","floor":21,"gold_loss":0}],"is_beta":true,"boss_relics":[{"not_picked":["Fusion Hammer","Runic Cube"],"picked":"Mark of Pain"}],"items_purged_floors":[],"is_endless":false,"potions_floor_spawned":[1,2,11,16],"killed_by":"Chosen and Byrds","ascension_level":20}