{"gold_per_floor":[117,192,192,207,37,37,68,68,92,126,126,126,126,147,147,268,268,281,301,400,413,20,20],"floor_reached":23,"playtime":1026,"items_purged":[],"score":244,"play_id":"82e3376d-46e8-4afc-a043-85ee83df3fe9","local_time":"20190322212200","is_ascension_mode":true,"campfire_choices":[{"data":"Apotheosis","floor":6.0,"key":"SMITH"},{"floor":11.0,"key":"DIG"},{"floor":13.0,"key":"DIG"},{"floor":15.0,"key":"REST"}],"neow_cost":"NONE","seed_source_timestamp":14732981993980,"circlet_count":0,"master_deck":["Defend_G","Defend_G","Defend_G","Defend_G","Defend_G","Strike_G","Strike_G+1","Strike_G","Strike_G","Survivor","Neutralize+1","Acrobatics","Calculated Gamble","Apotheosis+1","Dagger Throw","Prepared","Storm of Steel","Blade Dance","Accuracy"],"special_seed":0,"relics":["Ring of the Snake","NeowsBlessing","Happy Flower","Golden Idol","Lantern","Shovel","Regal Pillow","Paper Crane","WristBlade","Bag of Marbles","Tiny Chest"],"potions_floor_usage":[],"damage_taken":[{"damage":0.0,"enemies":"2 Louse","floor":1.0,"turns":1.0},{"damage":0.0,"enemies":"Jaw Worm","floor":4.0,"turns":1.0},{"damage":0.0,"enemies":"Lagavulin","floor":7.0,"turns":1.0},{"damage":22.0,"enemies":"Gremlin Nob","floor":10.0,"turns":4.0},{"damage":11.0,"enemies":"Small Slimes","floor":14.0,"turns":4.0},{"damage":27.0,"enemies":"Hexaghost","floor":16.0,"turns":13.0},{"damage":35,"enemies":"Shell Parasite","floor":18,"turns":4},{"damage":12,"enemies":"Chosen","floor":19,"turns":3},{"damage":8,"enemies":"Shelled Parasite and Fungi","floor":21,"turns":5},{"damage":23,"enemies":"Slavers","floor":23,"turns":1}],"seed_played":"7901391314797143398","potions_obtained":[{"floor":7.0,"key":"GamblersBrew"},{"floor":14.0,"key":"GamblersBrew"},{"floor":16.0,"key":"Dexterity Potion"},{"floor":18,"key":"GhostInAJar"}],"is_trial":false,"path_per_floor":["M","?","?","M","$","R","E","?","T","E","R","?","R","M","R","B",null,"M","M","?","M","$","E"],"character_chosen":"THE_SILENT","items_purchased":["Apotheosis","Accuracy","Bag of Marbles","Tiny Chest","SteroidPotion"],"campfire_rested":1,"item_purchase_floors":[5,22,22,22,22],"current_hp_per_floor":[70,59,45,45,45,45,45,45,45,23,23,23,23,12,46,19,65,30,18,18,10,10,0],"gold":20,"neow_bonus":"THREE_ENEMY_KILL","is_prod":false,"is_daily":false,"chose_seed":false,"campfire_upgraded":1,"win_rate":0,"timestamp":1553257320,"path_taken":["M","?","?","?","$","R","E","?","T","E","R","?","R","?","R","BOSS","M","M","?","M","$","E"],"build_version":"2019-01-23","purchased_purges":0,"victory":false,"max_hp_per_floor":[70,70,70,70,70,70,70,65,65,65,65,65,65,65,65,65,65,65,65,65,65,65,65],"card_choices":[{"not_picked":["Dagger Spray","Escape Plan"],"picked":"Acrobatics","floor":1.0},{"not_picked":["Dagger Spray","Heel Hook"],"picked":"Calculated Gamble","floor":4.0},{"not_picked":["Well Laid Plans","Deflect"],"picked":"Dagger Throw","floor":7.0},{"not_picked":["Calculated Gamble","Distraction"],"picked":"Prepared","floor":10.0},{"not_picked":["Calculated Gamble","Underhanded Strike","Flying Knee"],"picked":"SKIP","floor":14.0},{"not_picked":["Unload","Bullet Time"],"picked":"Storm of Steel","floor":16.0},{"not_picked":["Prepared","Riddle With Holes","Terror+1"],"picked":"SKIP","floor":18},{"not_picked":["Dagger Spray","Backflip"],"picked":"Blade Dance","floor":19},{"not_picked":["Flechettes","All Out Attack","Finisher"],"picked":"SKIP","floor":21}],"player_experience":523438,"relics_obtained":[{"floor":7.0,"key":"Happy Flower"},{"floor":9.0,"key":"Lantern"},{"floor":10.0,"key":"Shovel"},{"floor":11.0,"key":"Regal Pillow"},{"floor":13.0,"key":"Paper Crane"}],"event_choices":[{"damage_healed":0.0,"max_hp_gain":0.0,"max_hp_loss":0.0,"gold_gain":75.0,"event_name":"World of Goop","player_choice":"Gather Gold","floor":2.0,"gold_loss":0.0,"damage_taken":11.0},{"damage_healed":0.0,"max_hp_gain":0.0,"max_hp_loss":0.0,"gold_gain":0.0,"event_name":"Shining Light","player_choice":"Entered Light","floor":3.0,"gold_loss":0.0,"damage_taken":14.0,"cards_upgraded":["Neutralize","Strike_G"]},{"damage_healed":0.0,"max_hp_gain":0.0,"max_hp_loss":5.0,"gold_gain":0.0,"event_name":"Golden Idol","player_choice":"Lose Max HP","floor":8.0,"gold_loss":0.0,"damage_taken":0.0,"relics_obtained":["Golden Idol"]},{"cards_removed":["Strike_G"],"damage_healed":0.0,"max_hp_gain":0.0,"max_hp_loss":0.0,"gold_gain":0.0,"event_name":"Bonfire Elementals","player_choice":"Offered Basic","floor":12.0,"gold_loss":0.0,"damage_taken":0.0},{"damage_healed":0,"gold_gain":99,"player_choice":"Stole From Cult","damage_taken":0,"max_hp_gain":0,"max_hp_loss":0,"event_name":"Nest","floor":20,"gold_loss":0}],"is_beta":false,"boss_relics":[{"not_picked":["HoveringKite","Empty Cage"],"picked":"WristBlade"}],"items_purged_floors":[],"is_endless":false,"potions_floor_spawned":[7,14,16,18],"killed_by":"Slavers","ascension_level":2}