{"gold_per_floor":[116,129,129,129,145,158,158,191,191,207,207,218,249,268,268,367,367,387,403,413,423,423,423,457,457,457,427,439,467,417,430,430,527,527,546,566,256,256,1,29,45,45,93,93,104,104,104,114,114,114],"floor_reached":51,"playtime":1995,"items_purged":["Strike_R"],"score":985,"play_id":"3d4fcd9e-2c48-4a6b-b046-f2d2c925db91","local_time":"20190320131137","is_ascension_mode":true,"campfire_choices":[{"data":"Immolate","floor":7,"key":"SMITH"},{"data":"Iron Wave","floor":11,"key":"SMITH"},{"data":"Feed","floor":15,"key":"SMITH"},{"data":"Shrug It Off","floor":23,"key":"SMITH"},{"data":"Demon Form","floor":25,"key":"SMITH"},{"data":"Shockwave","floor":32,"key":"SMITH"},{"data":"Enlightenment","floor":42,"key":"SMITH"},{"data":"Exhume","floor":44,"key":"SMITH"},{"data":"Warcry","floor":49,"key":"SMITH"}],"neow_cost":"TEN_PERCENT_HP_LOSS","seed_source_timestamp":935837070712854,"circlet_count":0,"master_deck":["Strike_R","Strike_R","Defend_R","Defend_R","Defend_R","Bash","Immolate+1","Headbutt","Iron Wave+1","Shockwave+1","Shrug It Off+1","Feed+1","Demon Form+1","Havoc+1","Decay","Shrug It Off+1","Uppercut+1","Exhume+1","Warcry+1","Enlightenment+1","Finesse","Decay","Warcry+1"],"relics":["Burning Blood","Meat on the Bone","Letter Opener","Matryoshka","Mango","Coffee Dripper","Paper Frog","Pear","Bag of Preparation","Magic Flower","Lizard Tail","Oddly Smooth Stone","Bottled Tornado","Lantern","Bottled Flame","Ancient Tea Set"],"potions_floor_usage":[16,16,24,28,29,50,50,50],"damage_taken":[{"damage":1,"enemies":"Cultist","floor":1,"turns":3},{"damage":0,"enemies":"2 Louse","floor":2,"turns":1},{"damage":2,"enemies":"Jaw Worm","floor":5,"turns":3},{"damage":0,"enemies":"2 Fungi Beasts","floor":6,"turns":2},{"damage":32,"enemies":"Lagavulin","floor":8,"turns":5},{"damage":9,"enemies":"Red Slaver","floor":10,"turns":3},{"damage":6,"enemies":"3 Louse","floor":12,"turns":3},{"damage":13,"enemies":"3 Sentries","floor":13,"turns":6},{"damage":12,"enemies":"Lots of Slimes","floor":14,"turns":3},{"damage":30,"enemies":"Slime Boss","floor":16,"turns":5},{"damage":20,"enemies":"Spheric Guardian","floor":18,"turns":4},{"damage":2,"enemies":"Chosen","floor":19,"turns":4},{"damage":6,"enemies":"Snake Plant","floor":20,"turns":3},{"damage":19,"enemies":"Shelled Parasite and Fungi","floor":21,"turns":4},{"damage":28,"enemies":"Book of Stabbing","floor":24,"turns":4},{"damage":10,"enemies":"Snecko","floor":28,"turns":4},{"damage":13,"enemies":"Gremlin Leader","floor":29,"turns":5},{"damage":16,"enemies":"Centurion and Healer","floor":31,"turns":3},{"damage":54,"enemies":"Automaton","floor":33,"turns":7},{"damage":0,"enemies":"3 Shapes","floor":35,"turns":3},{"damage":22,"enemies":"Orb Walker","floor":36,"turns":3},{"damage":27,"enemies":"Reptomancer","floor":40,"turns":3},{"damage":4,"enemies":"4 Shapes","floor":41,"turns":3},{"damage":0,"enemies":"Transient","floor":45,"turns":5},{"damage":11,"enemies":"Writhing Mass","floor":48,"turns":5},{"damage":52,"enemies":"Awakened One","floor":50,"turns":9}],"seed_played":"4443546559872305237","potions_obtained":[{"floor":6,"key":"Strength Potion"},{"floor":12,"key":"SkillPotion"},{"floor":13,"key":"AttackPotion"},{"floor":24,"key":"Dexterity Potion"},{"floor":27,"key":"GamblersBrew"},{"floor":27,"key":"Poison Potion"},{"floor":28,"key":"LiquidBronze"},{"floor":31,"key":"BloodPotion"}],"is_trial":false,"path_per_floor":["M","M","?","?","M","M","R","E","T","M","R","M","E","M","R","B",null,"M","M","M","M","?","R","E","R","T","?","M","E","?","M","R","B",null,"M","M","$","?","$","E","M","R","T","R","M","?","?","M","R","B",null],"character_chosen":"IRONCLAD","items_purchased":["Enlightenment","Oddly Smooth Stone","Bottled Tornado"],"campfire_rested":0,"item_purchase_floors":[37,37,39],"current_hp_per_floor":[72,72,69,69,72,72,72,46,46,43,43,43,62,59,59,47,79,65,69,73,64,64,64,54,54,64,64,60,69,69,80,80,53,97,106,93,93,93,93,75,86,86,86,86,95,95,95,93,93,67],"gold":114,"neow_bonus":"TRANSFORM_TWO_CARDS","is_prod":false,"is_daily":false,"chose_seed":false,"campfire_upgraded":9,"win_rate":0,"timestamp":1553101897,"path_taken":["M","M","?","?","M","M","R","E","T","M","R","M","E","M","R","BOSS","M","?","M","M","?","R","E","R","T","?","?","E","?","M","R","BOSS","M","M","?","?","$","E","M","R","T","R","M","?","?","?","R","BOSS"],"build_version":"2019-01-23","purchased_purges":1,"victory":true,"max_hp_per_floor":[72,72,72,72,72,72,72,72,72,72,72,72,86,89,89,89,89,89,89,93,97,97,97,97,97,107,107,107,111,111,111,111,111,111,111,111,111,111,111,111,115,115,115,115,115,115,115,115,115,115],"card_choices":[{"not_picked":["Heavy Blade","Seeing Red"],"picked":"Headbutt","floor":1},{"not_picked":["Twin Strike","Uppercut","Body Slam"],"picked":"SKIP","floor":2},{"not_picked":["Pommel Strike","Wild Strike","Headbutt"],"picked":"SKIP","floor":5},{"not_picked":["Feel No Pain","Pommel Strike"],"picked":"Iron Wave","floor":6},{"not_picked":["Sword Boomerang","Clothesline"],"picked":"Shockwave","floor":8},{"not_picked":["Pommel Strike","Inflame"],"picked":"Shrug It Off","floor":10},{"not_picked":["Twin Strike","Clothesline"],"picked":"Feed","floor":12},{"not_picked":["Infernal Blade","Searing Blow","Hemokinesis"],"picked":"SKIP","floor":13},{"not_picked":["Corruption","Iron Wave","Havoc"],"picked":"SKIP","floor":14},{"not_picked":["Exhume","Berserk"],"picked":"Demon Form","floor":16},{"not_picked":["Dual Wield","Power Through"],"picked":"Havoc+1","floor":18},{"not_picked":["Inflame","Clothesline","Heavy Blade"],"picked":"SKIP","floor":19},{"not_picked":["Uppercut","Body Slam+1","Thunderclap+1"],"picked":"SKIP","floor":20},{"not_picked":["Iron Wave","Clash","Rupture"],"picked":"SKIP","floor":21},{"not_picked":["Twin Strike","Reckless Charge"],"picked":"Shrug It Off+1","floor":24},{"not_picked":["Cleave+1","True Grit","Clothesline+1"],"picked":"SKIP","floor":28},{"not_picked":["Twin Strike","Warcry+1"],"picked":"Uppercut+1","floor":29},{"not_picked":["Limit Break","Clash","Rupture"],"picked":"SKIP","floor":31},{"not_picked":["Limit Break","Double Tap"],"picked":"Exhume","floor":33},{"not_picked":["Pommel Strike+1","True Grit","Warcry+1"],"picked":"SKIP","floor":35},{"not_picked":["Pommel Strike+1","True Grit"],"picked":"Warcry+1","floor":35},{"not_picked":["Clothesline+1","Headbutt+1","Clash"],"picked":"SKIP","floor":36},{"not_picked":["Blind","Dramatic Entrance"],"picked":"Finesse","floor":38},{"not_picked":["Thunderclap","Searing Blow+1","Sever Soul+1"],"picked":"SKIP","floor":40},{"not_picked":["Demon Form","Wild Strike","Evolve+1"],"picked":"SKIP","floor":41},{"not_picked":["Clash+1","Flex","Anger"],"picked":"SKIP","floor":45},{"not_picked":["Infernal Blade","Heavy Blade"],"picked":"Warcry","floor":48}],"player_experience":316568,"relics_obtained":[{"floor":8,"key":"Letter Opener"},{"floor":9,"key":"Matryoshka"},{"floor":13,"key":"Mango"},{"floor":24,"key":"Paper Frog"},{"floor":26,"key":"Pear"},{"floor":26,"key":"Bag of Preparation"},{"floor":29,"key":"Magic Flower"},{"floor":40,"key":"Lantern"},{"floor":43,"key":"Bottled Flame"},{"floor":43,"key":"Ancient Tea Set"}],"event_choices":[{"damage_healed":0,"gold_gain":0,"player_choice":"Success","damage_taken":3,"relics_obtained":["Meat on the Bone"],"max_hp_gain":0,"max_hp_loss":0,"event_name":"Scrap Ooze","floor":3,"gold_loss":0},{"cards_removed":["Perfected Strike"],"damage_healed":0,"gold_gain":0,"player_choice":"Card Removal","damage_taken":0,"max_hp_gain":0,"max_hp_loss":0,"event_name":"Wheel of Change","floor":4,"gold_loss":0},{"damage_healed":0,"gold_gain":0,"player_choice":"Smashed Altar","damage_taken":0,"max_hp_gain":0,"max_hp_loss":0,"event_name":"Forgotten Altar","floor":22,"gold_loss":0,"cards_obtained":["Decay"]},{"damage_healed":0,"gold_gain":0,"player_choice":"Bought 2 Potions","damage_taken":0,"max_hp_gain":0,"max_hp_loss":0,"event_name":"The Woman in Blue","floor":27,"gold_loss":0},{"damage_healed":0,"gold_gain":0,"player_choice":"Bet on Murderer","damage_taken":0,"max_hp_gain":0,"max_hp_loss":0,"event_name":"The Joust","floor":30,"gold_loss":50},{"damage_healed":0,"gold_gain":0,"player_choice":"Memory 1","damage_taken":0,"max_hp_gain":0,"max_hp_loss":0,"event_name":"SensoryStone","floor":38,"gold_loss":0},{"cards_removed":["Defend_R"],"damage_healed":0,"gold_gain":0,"player_choice":"Removed Skill","damage_taken":0,"max_hp_gain":0,"max_hp_loss":0,"event_name":"Falling","floor":46,"gold_loss":0},{"damage_healed":0,"gold_gain":0,"player_choice":"Cursed","damage_taken":0,"max_hp_gain":0,"max_hp_loss":0,"event_name":"Wheel of Change","floor":47,"gold_loss":0,"cards_obtained":["Decay"]}],"is_beta":false,"boss_relics":[{"not_picked":["White Beast Statue","Astrolabe"],"picked":"Coffee Dripper"},{"not_picked":["Snecko Eye","Black Star"],"picked":"Lizard Tail"}],"items_purged_floors":[37],"is_endless":false,"potions_floor_spawned":[6,12,13,14,24,28,31,33,40,41,48],"ascension_level":6}