{"gold_per_floor":[112,37,37,37,50,50,77,77,77,112,130,146,204,224,224,298,298,314,314,324,171,189,217,217,233,233,233,246,246,246,171,171,171],"floor_reached":33,"playtime":1217,"items_purged":["Strike_R","Strike_R"],"score":600,"play_id":"f98a82e6-edc5-4df3-89a3-f5c133a85383","local_time":"20181109012329","is_ascension_mode":true,"campfire_choices":[{"data":"Bash","floor":6.0,"key":"SMITH"},{"data":"Whirlwind","floor":8.0,"key":"SMITH"},{"data":"True Grit","floor":15.0,"key":"SMITH"},{"floor":24.0,"key":"REST"},{"data":"Battle Trance","floor":27,"key":"SMITH"},{"data":"Demon Form","floor":30,"key":"SMITH"},{"data":"Evolve","floor":32,"key":"SMITH"}],"neow_cost":"NONE","seed_source_timestamp":0,"circlet_count":0,"master_deck":["AscendersBane","Strike_R","Defend_R+1","Defend_R+1","Defend_R","Defend_R","Bash+1","Clothesline","Cleave","Whirlwind+1","True Grit+1","Iron Wave","Uppercut+1","Anger+1","Demon Form+1","Battle Trance+1","Evolve+1","Wild Strike+1","Shrug It Off","Sever Soul+1","Ghostly","Ghostly","Ghostly"],"special_seed":0,"relics":["Burning Blood","NeowsBlessing","Mercury Hourglass","PreservedInsect","Molten Egg 2","Snecko Eye","Girya","Bottled Lightning"],"potions_floor_usage":[33,33],"damage_taken":[{"damage":0.0,"enemies":"2 Louse","floor":1.0,"turns":1.0},{"damage":0.0,"enemies":"Small Slimes","floor":5.0,"turns":1.0},{"damage":0.0,"enemies":"3 Sentries","floor":7.0,"turns":1.0},{"damage":14.0,"enemies":"Lagavulin","floor":10.0,"turns":6.0},{"damage":5.0,"enemies":"Jaw Worm","floor":11.0,"turns":3.0},{"damage":1.0,"enemies":"Blue Slaver","floor":12.0,"turns":4.0},{"damage":8.0,"enemies":"Gremlin Nob","floor":13.0,"turns":3.0},{"damage":0.0,"enemies":"Lots of Slimes","floor":14.0,"turns":1.0},{"damage":32.0,"enemies":"The Guardian","floor":16.0,"turns":11.0},{"damage":4.0,"enemies":"Chosen","floor":18.0,"turns":4.0},{"damage":27.0,"enemies":"3 Byrds","floor":20.0,"turns":4.0},{"damage":21.0,"enemies":"Sentry and Sphere","floor":22.0,"turns":5.0},{"damage":33.0,"enemies":"Book of Stabbing","floor":23.0,"turns":3.0},{"damage":6,"enemies":"3 Cultists","floor":25,"turns":3},{"damage":23,"enemies":"Centurion and Healer","floor":28,"turns":7},{"damage":41,"enemies":"Automaton","floor":33,"turns":6}],"seed_played":"-582800962060947541","potions_obtained":[{"floor":1.0,"key":"AttackPotion"},{"floor":7.0,"key":"Strength Potion"},{"floor":13.0,"key":"BloodPotion"},{"floor":14.0,"key":"SteroidPotion"},{"floor":23.0,"key":"Strength Potion"}],"is_trial":false,"path_per_floor":["M","$","?","?","M","R","E","R","T","E","M","M","?","M","R","B",null,"M","?","M","$","M","E","R","M","T","R","M","?","R","?","R","B"],"character_chosen":"IRONCLAD","items_purchased":["SpeedPotion"],"campfire_rested":1,"item_purchase_floors":[21],"current_hp_per_floor":[74,74,51,51,57,57,63,63,63,55,56,61,59,65,65,39,66,68,68,54,54,39,12,34,34,34,34,17,17,17,17,17,0],"gold":171,"neow_bonus":"THREE_ENEMY_KILL","is_prod":false,"is_daily":false,"chose_seed":false,"campfire_upgraded":6,"win_rate":0,"timestamp":1541744609,"path_taken":["M","$","?","?","M","R","E","R","T","E","M","M","?","?","R","BOSS","M","?","?","$","M","E","R","M","T","R","M","?","R","?","R","BOSS"],"build_version":"2018-11-08","purchased_purges":2,"victory":false,"max_hp_per_floor":[75,75,75,75,75,75,75,75,75,75,75,75,75,75,75,75,75,75,75,75,75,75,75,75,75,75,75,75,37,37,37,37,37],"card_choices":[{"not_picked":["Pummel","Body Slam"],"picked":"Clothesline","floor":1.0},{"not_picked":["Pommel Strike","Wild Strike"],"picked":"Cleave","floor":5.0},{"not_picked":["Anger","Clothesline"],"picked":"Whirlwind","floor":7.0},{"not_picked":["Body Slam","Anger"],"picked":"True Grit","floor":10.0},{"not_picked":["Sword Boomerang","Heavy Blade"],"picked":"Iron Wave","floor":11.0},{"not_picked":["Pommel Strike","True Grit","Havoc"],"picked":"SKIP","floor":12.0},{"not_picked":["Headbutt","Shockwave"],"picked":"Uppercut","floor":13.0},{"not_picked":["Thunderclap+1","Hemokinesis+1"],"picked":"Anger+1","floor":14.0},{"not_picked":["Impervious","Bludgeon+1"],"picked":"Demon Form","floor":16.0},{"not_picked":["Heavy Blade+1","Cleave+1"],"picked":"Battle Trance","floor":18.0},{"not_picked":["Anger+1","Dual Wield"],"picked":"Evolve","floor":20.0},{"not_picked":["Thunderclap+1","Seeing Red"],"picked":"Wild Strike+1","floor":22.0},{"not_picked":["Evolve","Pommel Strike+1","Dropkick+1"],"picked":"SKIP","floor":23.0},{"not_picked":["Flex","Clash+1"],"picked":"Shrug It Off","floor":25},{"not_picked":["Dropkick+1","Headbutt+1"],"picked":"Sever Soul+1","floor":28}],"player_experience":785821,"relics_obtained":[{"floor":7.0,"key":"Mercury Hourglass"},{"floor":10.0,"key":"PreservedInsect"},{"floor":13.0,"key":"Molten Egg 2"},{"floor":23.0,"key":"Girya"},{"floor":26,"key":"Bottled Lightning"}],"event_choices":[{"damage_healed":0.0,"max_hp_gain":0.0,"max_hp_loss":0.0,"gold_gain":0.0,"event_name":"Shining Light","player_choice":"Entered Light","floor":3.0,"gold_loss":0.0,"damage_taken":23.0,"cards_upgraded":["Defend_R","Defend_R"]},{"damage_healed":0.0,"max_hp_gain":0.0,"max_hp_loss":0.0,"gold_gain":0.0,"event_name":"Liars Game","player_choice":"Ignored","floor":4.0,"gold_loss":0.0,"damage_taken":0.0},{"damage_healed":0.0,"max_hp_gain":0.0,"max_hp_loss":0.0,"gold_gain":0.0,"event_name":"Dead Adventurer","player_choice":"Searched \u00271\u0027 times","floor":13.0,"gold_loss":0.0,"damage_taken":0.0},{"cards_removed":["Strike_R"],"damage_healed":0.0,"max_hp_gain":0.0,"max_hp_loss":0.0,"gold_gain":0.0,"event_name":"Wheel of Change","player_choice":"Card Removal","floor":19.0,"gold_loss":0.0,"damage_taken":0.0},{"damage_healed":0,"gold_gain":0,"player_choice":"Became a Ghost","damage_taken":0,"max_hp_gain":0,"max_hp_loss":38,"event_name":"Ghosts","floor":29,"gold_loss":0,"cards_obtained":["Ghostly","Ghostly","Ghostly"]},{"cards_removed":["Strike_R"],"damage_healed":0,"gold_gain":0,"player_choice":"Gave Gold","damage_taken":0,"max_hp_gain":0,"max_hp_loss":0,"event_name":"Beggar","floor":31,"gold_loss":75}],"is_beta":true,"boss_relics":[{"not_picked":["Philosopher\u0027s Stone","Black Star"],"picked":"Snecko Eye"}],"items_purged_floors":[2,21],"is_endless":false,"potions_floor_spawned":[1,7,13,14,23,28],"killed_by":"Automaton","ascension_level":20}