{"gold_per_floor":[111,131,107,107,122,122,135,135,135,166,88,121,121,2,2,97,97,109,75,88,88],"floor_reached":21,"playtime":1253,"items_purged":[],"score":401,"play_id":"53145c3b-f1c8-4d7e-9e44-2229a8923130","local_time":"20190319003341","is_ascension_mode":true,"campfire_choices":[{"data":"Streamline","floor":6.0,"key":"SMITH"},{"data":"Conserve Battery","floor":8.0,"key":"SMITH"},{"data":"Conserve Battery","floor":13.0,"key":"SMITH"},{"data":"Stack","floor":15.0,"key":"SMITH"}],"neow_cost":"NONE","seed_source_timestamp":0,"circlet_count":0,"master_deck":["Strike_B","Strike_B","Strike_B","Defend_B","Defend_B","Defend_B","Defend_B","Zap","Dualcast","FTL","Gash","Stack+1","Streamline+1","Conserve Battery+1","FTL","Dramatic Entrance","Conserve Battery+1","Multi-Cast","Beam Cell","Defragment","Beam Cell+1"],"special_seed":0,"relics":["Cracked Core","The Courier","Pear","Strawberry","Happy Flower","White Beast Statue"],"potions_floor_usage":[21],"damage_taken":[{"damage":0.0,"enemies":"Cultist","floor":1.0,"turns":3.0},{"damage":0.0,"enemies":"Jaw Worm","floor":2.0,"turns":4.0},{"damage":3.0,"enemies":"2 Louse","floor":5.0,"turns":2.0},{"damage":0.0,"enemies":"Looter","floor":7.0,"turns":1.0},{"damage":11.0,"enemies":"Lagavulin","floor":10.0,"turns":6.0},{"damage":10.0,"enemies":"3 Sentries","floor":12.0,"turns":3.0},{"damage":21.0,"enemies":"Hexaghost","floor":16.0,"turns":12.0},{"damage":17.0,"enemies":"3 Byrds","floor":18.0,"turns":4.0},{"damage":19.0,"enemies":"2 Thieves","floor":19.0,"turns":5.0},{"damage":37.0,"enemies":"Snake Plant","floor":20.0,"turns":6.0},{"damage":25,"enemies":"Sentry and Sphere","floor":21,"turns":5}],"seed_played":"-5687066867581542","potions_obtained":[{"floor":1.0,"key":"AttackPotion"},{"floor":5.0,"key":"FearPotion"},{"floor":10.0,"key":"SpeedPotion"},{"floor":18.0,"key":"Regen Potion"},{"floor":19.0,"key":"Block Potion"},{"floor":20.0,"key":"Dexterity Potion"}],"is_trial":false,"path_per_floor":["M","M","$","?","M","R","M","R","T","E","$","E","R","$","R","B",null,"M","M","M","M"],"character_chosen":"DEFECT","items_purchased":["Stack","Dramatic Entrance","Happy Flower"],"campfire_rested":0,"item_purchase_floors":[3,11,14],"current_hp_per_floor":[68,68,68,68,65,65,65,65,65,64,64,61,61,61,61,40,79,62,58,21,0],"gold":88,"neow_bonus":"TRANSFORM_CARD","is_prod":false,"is_daily":false,"chose_seed":false,"campfire_upgraded":4,"win_rate":0,"timestamp":1552952021,"path_taken":["M","M","?","?","M","R","M","R","T","E","$","E","R","?","R","BOSS","M","M","?","M"],"build_version":"2019-01-23","purchased_purges":0,"victory":false,"max_hp_per_floor":[75,75,75,75,75,75,75,75,75,85,85,92,92,92,92,92,92,92,92,92,92],"card_choices":[{"not_picked":["Beam Cell","Genetic Algorithm"],"picked":"FTL","floor":1.0},{"not_picked":["FTL","BootSequence"],"picked":"Gash","floor":2.0},{"not_picked":["Go for the Eyes","BootSequence"],"picked":"Streamline","floor":5.0},{"not_picked":["Go for the Eyes","Redo"],"picked":"Conserve Battery","floor":7.0},{"not_picked":["Coolheaded","Rainbow"],"picked":"FTL","floor":10.0},{"not_picked":["Streamline","Undo"],"picked":"Conserve Battery","floor":12.0},{"not_picked":["Biased Cognition","Amplify"],"picked":"Multi-Cast","floor":16.0},{"not_picked":["White Noise","Barrage"],"picked":"Beam Cell","floor":18.0},{"not_picked":["Hello World","Undo"],"picked":"Defragment","floor":19.0},{"not_picked":["Conserve Battery","Barrage"],"picked":"Beam Cell+1","floor":20.0}],"player_experience":574679,"relics_obtained":[{"floor":9.0,"key":"The Courier"},{"floor":10.0,"key":"Pear"},{"floor":12.0,"key":"Strawberry"}],"event_choices":[{"damage_healed":0.0,"max_hp_gain":0.0,"max_hp_loss":0.0,"gold_gain":0.0,"event_name":"Liars Game","player_choice":"Ignored","floor":4.0,"gold_loss":0.0,"damage_taken":0.0}],"is_beta":false,"boss_relics":[{"not_picked":["Pandora\u0027s Box","Calling Bell"],"picked":"White Beast Statue"}],"items_purged_floors":[],"is_endless":false,"potions_floor_spawned":[1,5,10,18,19,20],"killed_by":"Sentry and Sphere","ascension_level":6}