{"gold_per_floor":[112,112,127,145,156,156,181,181,208,224,224],"floor_reached":11,"playtime":271,"items_purged":[],"score":150,"play_id":"eac08e78-a095-4b60-84af-2f124fc786a9","local_time":"20190113022805","is_ascension_mode":true,"campfire_choices":[{"data":"Phantasmal Killer","floor":6,"key":"SMITH"},{"data":"Masterful Stab","floor":8,"key":"SMITH"}],"neow_cost":"NONE","seed_source_timestamp":204242059331503,"circlet_count":0,"master_deck":["AscendersBane","Defend_G","Defend_G","Defend_G","Defend_G","Defend_G","Strike_G","Strike_G","Strike_G","Strike_G","Survivor","Neutralize","Quick Slash","Deadly Poison","Masterful Stab+1","Phantasmal Killer+1","PiercingWail","Sucker Punch"],"relics":["Ring of the Snake","Bag of Preparation","Potion Belt"],"potions_floor_usage":[7,11],"damage_taken":[{"damage":4,"enemies":"Small Slimes","floor":1,"turns":5},{"damage":0,"enemies":"Jaw Worm","floor":3,"turns":5},{"damage":1,"enemies":"2 Louse","floor":4,"turns":4},{"damage":0,"enemies":"Blue Slaver","floor":5,"turns":3},{"damage":29,"enemies":"Gremlin Nob","floor":7,"turns":4},{"damage":4,"enemies":"Looter","floor":10,"turns":4},{"damage":8,"enemies":"3 Sentries","floor":11,"turns":3}],"seed_played":"-4384209635361471681","potions_obtained":[{"floor":1,"key":"Dexterity Potion"},{"floor":4,"key":"Swift Potion"}],"is_trial":false,"path_per_floor":["M","?","M","M","M","R","E","R","T","M","?"],"character_chosen":"THE_SILENT","items_purchased":[],"campfire_rested":0,"item_purchase_floors":[],"current_hp_per_floor":[61,54,54,53,53,53,24,24,24,20,12],"gold":224,"neow_bonus":"TEN_PERCENT_HP_BONUS","is_prod":false,"is_daily":false,"chose_seed":false,"campfire_upgraded":2,"win_rate":0,"timestamp":1547314085,"path_taken":["M","?","M","M","M","R","E","R","T","M","?"],"build_version":"2019-01-10","purchased_purges":0,"victory":false,"max_hp_per_floor":[72,72,72,72,72,72,72,72,72,72,72],"card_choices":[{"not_picked":["Terror","Backflip"],"picked":"Quick Slash","floor":1},{"not_picked":["Backflip","Bane"],"picked":"Deadly Poison","floor":3},{"not_picked":["Deadly Poison","Dagger Throw"],"picked":"Masterful Stab","floor":4},{"not_picked":["Backflip","Bane"],"picked":"Phantasmal Killer","floor":5},{"not_picked":["Finisher","Underhanded Strike"],"picked":"PiercingWail","floor":7},{"not_picked":["Acrobatics","PiercingWail"],"picked":"Sucker Punch","floor":10}],"player_experience":4063772,"relics_obtained":[{"floor":7,"key":"Bag of Preparation"},{"floor":9,"key":"Potion Belt"}],"event_choices":[{"cards_removed":["Strike_G"],"damage_healed":0,"gold_gain":0,"player_choice":"Card Removal","damage_taken":7,"max_hp_gain":0,"max_hp_loss":0,"event_name":"Golden Wing","floor":2,"gold_loss":0},{"damage_healed":0,"gold_gain":0,"player_choice":"Searched \u00271\u0027 times","damage_taken":0,"max_hp_gain":0,"max_hp_loss":0,"event_name":"Dead Adventurer","floor":11,"gold_loss":0}],"is_beta":false,"boss_relics":[],"items_purged_floors":[],"is_endless":false,"potions_floor_spawned":[1,4,5],"killed_by":"3 Sentries","ascension_level":20}