{"path_per_floor":["M","?","$","M","?","R","M","$","T","M","M","?","M","M","R","B",null,"M","?","?","M","?","R","?","M","T","R","?","M","M","E","R"],"character_chosen":"THE_SILENT","items_purchased":["Well Laid Plans","Outmaneuver"],"gold_per_floor":[111,111,37,53,128,128,145,20,20,36,46,46,62,81,81,184,184,172,172,87,106,106,106,106,121,195,195,195,208,218,250,250],"floor_reached":33,"campfire_rested":0,"playtime":2562,"current_hp_per_floor":[68,68,68,65,54,54,48,48,48,48,43,43,32,26,26,10,70,58,58,58,33,33,33,33,3,3,3,3,18,12,12,12],"items_purged":["Strike_G"],"gold":250,"play_id":"fe94b476-7320-4368-a566-8c290dc22f4f","is_prod":false,"is_daily":false,"is_ascension_mode":true,"campfire_upgraded":2,"path_taken":["M","?","?","M","?","R","?","$","T","M","?","?","?","M","R","BOSS","M","?","?","M","?","R","?","?","T","R","?","M","M","E","R","BOSS"],"build_version":"2018-01-25-PROD2","purchased_purges":1,"victory":false,"master_deck":["Defend_G","Defend_G","Defend_G","Defend_G","Defend_G","Survivor","Neutralize+1","Prepared","Regret","Well Laid Plans","Slice","Quick Slash","Outmaneuver","A Thousand Cuts+1","Backflip","Dagger Spray","Slice","Burst","Quick Slash+1","Slice","Bite_G+1","Bite_G","Bite_G","Bite_G","Bite_G","Escape Plan+1","Dagger Spray","Escape Plan","PiercingWail"],"max_hp_per_floor":[70,70,70,70,70,70,70,70,70,70,70,70,70,70,70,70,70,70,70,70,70,70,70,49,49,49,49,49,49,49,49,49],"relics":["Ring of the Snake","Paper Crane","Girya","Lizard Tail","Matryoshka","Ninja Scroll","Gremlin Horn","Mummified Hand","Mercury Hourglass"],"card_choices":[{"not_picked":["Dagger Spray","Deflect"],"picked":"Prepared"},{"not_picked":["Dodge and Roll","Flying Knee"],"picked":"Slice"},{"not_picked":["Poisoned Stab","Masterful Stab"],"picked":"Quick Slash"},{"not_picked":["All Out Attack","Slice"],"picked":"A Thousand Cuts"},{"not_picked":["Deflect","Acrobatics"],"picked":"Backflip"},{"not_picked":["Deadly Poison","Flying Knee"],"picked":"Dagger Spray"},{"not_picked":["Poisoned Stab","Unload"],"picked":"Slice"},{"not_picked":["Wraith Form","Night Terror"],"picked":"Burst"},{"not_picked":["Sucker Punch","Bouncing Flask"],"picked":"Quick Slash"},{"not_picked":["Noxious Fumes","Bane"],"picked":"Slice"},{"not_picked":["Prepared","Slice"],"picked":"Escape Plan"},{"not_picked":["Bane","Flechettes"],"picked":"Dagger Spray"},{"not_picked":["Backstab","Bane"],"picked":"Escape Plan"},{"not_picked":["Caltrops","Blur"],"picked":"PiercingWail"}],"player_experience":26546,"potions_floor_usage":[10,13,13,16,31],"damage_taken":[{"damage":2,"enemies":"Cultist","floor":1,"turns":6},{"damage":3,"enemies":"2 Louse","floor":4,"turns":4},{"damage":6,"enemies":"Jaw Worm","floor":7,"turns":5},{"damage":0,"enemies":"Exordium Thugs","floor":10,"turns":7},{"damage":5,"enemies":"2 Fungi Beasts","floor":11,"turns":4},{"damage":11,"enemies":"Lots of Slimes","floor":13,"turns":3},{"damage":6,"enemies":"Looter","floor":14,"turns":4},{"damage":16,"enemies":"Hexaghost","floor":16,"turns":11},{"damage":12,"enemies":"2 Thieves","floor":18,"turns":4},{"damage":25,"enemies":"3 Byrds","floor":21,"turns":5},{"damage":38,"enemies":"Snake Plant","floor":25,"turns":4},{"damage":38,"enemies":"Snecko","floor":29,"turns":6},{"damage":12,"enemies":"Centurion and Healer","floor":30,"turns":3},{"damage":8,"enemies":"Slavers","floor":31,"turns":3},{"damage":35,"enemies":"Champ","floor":33,"turns":9}],"event_choices":[{"event_name":"Big Fish","player_choice":"Box","floor":2,"damage_taken":0},{"event_name":"World of Goop","player_choice":"Gather Gold","floor":5,"damage_taken":0},{"event_name":"Upgrade Shrine","player_choice":"Upgraded","floor":12,"damage_taken":0},{"event_name":"The Mausoleum","player_choice":"Yes","floor":19,"damage_taken":0},{"event_name":"Addict","player_choice":"Obtained Relic","floor":20,"damage_taken":0},{"event_name":"The Woman in Blue","player_choice":"Bought 0 Potions","floor":22,"damage_taken":0},{"event_name":"Vampires","player_choice":"Became a vampire","floor":24,"damage_taken":0},{"event_name":"Cursed Tome","player_choice":"Ignored","floor":28,"damage_taken":0}],"boss_relics":[{"not_picked":["Ectoplasm","Orrery"],"picked":"Lizard Tail"}],"potions_floor_spawned":[4,10,11,13,21,31],"seed_played":"-6633103167664336556","killed_by":"Champ","ascension_level":1,"is_trial":false}