{"path_per_floor":["M","?","$","?","$","R","M","M","T","?","R","M","M","M","R","B",null,"M","M","?","M","M","R"],"character_chosen":"THE_SILENT","items_purchased":["Footwork","PiercingWail","Well Laid Plans","Outmaneuver"],"gold_per_floor":[113,113,20,195,66,66,81,96,143,143,143,157,170,180,180,285,285,295,263,263,274,284,314],"floor_reached":24,"campfire_rested":0,"playtime":2510,"current_hp_per_floor":[55,55,55,55,55,55,54,51,51,33,40,40,32,32,32,28,70,69,36,36,29,5,5],"items_purged":[],"gold":314,"play_id":"54869b11-9c8c-4e29-90f7-c95957f66e02","is_prod":false,"is_daily":false,"is_ascension_mode":true,"campfire_upgraded":1,"path_taken":["M","?","$","?","$","R","M","M","T","?","R","M","M","?","R","BOSS","M","M","?","M","M","R","M"],"build_version":"2018-01-25-PROD2","purchased_purges":0,"victory":false,"master_deck":["Defend_G","Defend_G","Defend_G","Defend_G","Defend_G","Strike_G","Strike_G","Strike_G","Strike_G","Survivor","Neutralize","Footwork","A Thousand Cuts","Footwork","PiercingWail","Doubt","Well Laid Plans+1","Outmaneuver+1","Blur","Backstab","Backflip","Malaise","Outmaneuver","Die Die Die","Quick Slash+1","Reflex","Outmaneuver","Dagger Throw+1"],"max_hp_per_floor":[63,63,63,63,63,63,63,63,63,63,70,70,70,70,70,70,70,70,70,70,70,70,70],"relics":["Ring of the Snake","Du-Vu Doll","Happy Flower","Shovel","Strawberry","Frozen Egg","The Specimen","Tiny Chest"],"card_choices":[{"not_picked":["Dagger Throw","PiercingWail"],"picked":"Footwork"},{"not_picked":["Slice","Reflex"],"picked":"Blur"},{"not_picked":["Masterful Stab","Dagger Throw"],"picked":"Backstab"},{"not_picked":["Flying Knee","Quick Slash"],"picked":"Backflip"},{"not_picked":["Deadly Poison","Bane"],"picked":"Malaise"},{"not_picked":["Sucker Punch","Well Laid Plans"],"picked":"Outmaneuver"},{"not_picked":["Corpse Explosion","Envenom"],"picked":"Die Die Die"},{"not_picked":["Catalyst","Masterful Stab"],"picked":"Quick Slash"},{"not_picked":["Finisher","Skewer"],"picked":"Reflex"},{"not_picked":["Noxious Fumes","Underhanded Strike"],"picked":"Outmaneuver"},{"not_picked":["Slice","Poisoned Stab"],"picked":"Dagger Throw"}],"player_experience":48519,"potions_floor_usage":[19,22],"damage_taken":[{"damage":8,"enemies":"Small Slimes","floor":1,"turns":5},{"damage":1,"enemies":"Blue Slaver","floor":7,"turns":7},{"damage":3,"enemies":"2 Louse","floor":8,"turns":5},{"damage":0,"enemies":"Large Slime","floor":12,"turns":7},{"damage":8,"enemies":"3 Louse","floor":13,"turns":4},{"damage":0,"enemies":"Red Slaver","floor":14,"turns":6},{"damage":4,"enemies":"The Guardian","floor":16,"turns":17},{"damage":1,"enemies":"Shell Parasite","floor":18,"turns":12},{"damage":33,"enemies":"2 Thieves","floor":19,"turns":5},{"damage":7,"enemies":"Snake Plant","floor":21,"turns":9},{"damage":24,"enemies":"Centurion and Healer","floor":22,"turns":18},{"damage":15,"enemies":"Chosen and Byrds","floor":24,"turns":2}],"event_choices":[{"event_name":"Transmorgrifier","player_choice":"Transform","floor":2,"damage_taken":0},{"event_name":"Liars Game","player_choice":"agreed","floor":4,"damage_taken":0},{"event_name":"Scrap Ooze","player_choice":"success","floor":10,"damage_taken":18},{"event_name":"Drug Dealer","player_choice":"Ignored","floor":20,"damage_taken":0}],"boss_relics":[{"not_picked":["Snecko Eye","Runic Pyramid"],"picked":"The Specimen"}],"potions_floor_spawned":[7,12,19],"seed_played":"7804536083652368053","killed_by":"Chosen and Byrds","ascension_level":2,"is_trial":false}