{"gold_per_floor":[115,125,50,50,50,50,85,96,96,96,96,107,130,145,145,243,243,254,254,15,25,40,40,140,140,190,209,209,209,209,209,209,209],"floor_reached":33,"playtime":2063,"items_purged":["Strike_G"],"score":243,"play_id":"63a69698-bbe9-4f80-9388-fd3c17af4aa6","local_time":"20190321020354","is_ascension_mode":false,"campfire_choices":[{"data":"Neutralize","floor":6,"key":"SMITH"},{"floor":10,"key":"REST"},{"floor":15,"key":"REST"},{"floor":23,"key":"REST"},{"floor":28,"key":"REST"},{"floor":29,"key":"REST"},{"floor":30,"key":"REST"},{"floor":32,"key":"REST"}],"neow_cost":"NONE","seed_source_timestamp":478974463199738,"circlet_count":0,"master_deck":["Defend_G","Defend_G","Defend_G","Defend_G","Defend_G","Strike_G","Strike_G","Strike_G","Survivor+1","Neutralize+1","Outmaneuver+1","Blade Dance","Sucker Punch","Bullet Time","Finisher","Sucker Punch","Poisoned Stab","Deadly Poison","Unload","Quick Slash+1","Bullet Time","Blur","Endless Agony+1","Deflect+1","Poisoned Stab+1","Choke+1","Neutralize+1","Underhanded Strike+1"],"relics":["Ring of the Snake","Shuriken","War Paint","Bottled Lightning","Bronze Scales","Fusion Hammer","Molten Egg 2","WingedGreaves","Toxic Egg 2","Boot"],"potions_floor_usage":[14,21,33,33],"damage_taken":[{"damage":0,"enemies":"Jaw Worm","floor":1,"turns":3},{"damage":7,"enemies":"Small Slimes","floor":2,"turns":5},{"damage":37,"enemies":"Gremlin Nob","floor":7,"turns":5},{"damage":0,"enemies":"2 Louse","floor":8,"turns":3},{"damage":6,"enemies":"Exordium Thugs","floor":12,"turns":3},{"damage":0,"enemies":"2 Fungi Beasts","floor":14,"turns":1},{"damage":39,"enemies":"The Guardian","floor":16,"turns":11},{"damage":0,"enemies":"Chosen","floor":18,"turns":4},{"damage":5,"enemies":"2 Thieves","floor":21,"turns":3},{"damage":20,"enemies":"Shelled Parasite and Fungi","floor":22,"turns":5},{"damage":14,"enemies":"Colosseum Slavers","floor":24,"turns":4},{"damage":7,"enemies":"Colosseum Nobs","floor":24,"turns":3},{"damage":18,"enemies":"Snake Plant","floor":27,"turns":4},{"damage":82,"enemies":"Collector","floor":33,"turns":7}],"seed_played":"3256086009231984177","potions_obtained":[{"floor":1,"key":"AttackPotion"},{"floor":8,"key":"LiquidBronze"},{"floor":18,"key":"Explosive Potion"},{"floor":21,"key":"Ancient Potion"},{"floor":22,"key":"SpeedPotion"}],"is_trial":false,"path_per_floor":["M","M","$","?","?","R","E","M","T","R","?","M","T","M","R","B",null,"M","?","$","M","M","R","?","?","T","M","R","R","R","?","R","B"],"character_chosen":"THE_SILENT","items_purchased":["Molten Egg 2"],"campfire_rested":7,"item_purchase_floors":[20],"current_hp_per_floor":[77,70,70,63,63,63,26,26,26,49,49,43,43,43,66,27,77,77,77,77,72,52,75,54,54,54,36,59,77,77,77,77,0],"gold":209,"neow_bonus":"TEN_PERCENT_HP_BONUS","is_prod":false,"is_daily":false,"chose_seed":false,"campfire_upgraded":1,"win_rate":0.0,"timestamp":1553151834,"path_taken":["M","M","$","?","?","R","E","M","T","R","?","?","?","M","R","BOSS","M","?","?","M","M","R","?","?","T","?","R","R","R","?","R","BOSS"],"build_version":"2019-01-23","purchased_purges":1,"victory":false,"max_hp_per_floor":[77,77,77,77,77,77,77,77,77,77,77,77,77,77,77,77,77,77,77,77,77,77,77,77,77,77,77,77,77,77,77,77,77],"card_choices":[{"not_picked":["Eviscerate","Blur"],"picked":"Outmaneuver","floor":1},{"not_picked":["Underhanded Strike","Choke"],"picked":"Blade Dance","floor":2},{"not_picked":["Eviscerate","Underhanded Strike"],"picked":"Sucker Punch","floor":7},{"not_picked":["Underhanded Strike","Slice"],"picked":"Bullet Time","floor":8},{"not_picked":["Prepared","Quick Slash"],"picked":"Poisoned Stab","floor":12},{"not_picked":["Crippling Poison","Phantasmal Killer"],"picked":"Deadly Poison","floor":14},{"not_picked":["Venomology","Glass Knife"],"picked":"Unload","floor":16},{"not_picked":["Caltrops+1","All Out Attack"],"picked":"Quick Slash+1","floor":18},{"not_picked":["Quick Slash+1","Dodge and Roll"],"picked":"Blur","floor":21},{"not_picked":["Well Laid Plans","Sucker Punch+1"],"picked":"Endless Agony+1","floor":22},{"not_picked":["Backflip","Acrobatics"],"picked":"Deflect+1","floor":24},{"not_picked":["Sucker Punch+1","Distraction+1"],"picked":"Choke+1","floor":27}],"player_experience":44360,"relics_obtained":[{"floor":7,"key":"War Paint"},{"floor":9,"key":"Bottled Lightning"},{"floor":13,"key":"Bronze Scales"},{"floor":24,"key":"WingedGreaves"},{"floor":24,"key":"Toxic Egg 2"},{"floor":26,"key":"Boot"}],"event_choices":[{"damage_healed":0,"gold_gain":0,"player_choice":"Success","damage_taken":7,"relics_obtained":["Shuriken"],"max_hp_gain":0,"max_hp_loss":0,"event_name":"Scrap Ooze","floor":4,"gold_loss":0},{"damage_healed":0,"gold_gain":0,"player_choice":"Ignored","damage_taken":0,"max_hp_gain":0,"max_hp_loss":0,"event_name":"Liars Game","floor":5,"gold_loss":0},{"damage_healed":0,"gold_gain":0,"player_choice":"2 cards matched","damage_taken":0,"max_hp_gain":0,"max_hp_loss":0,"event_name":"Match and Keep!","floor":11,"gold_loss":0,"cards_obtained":["Finisher","Sucker Punch"]},{"damage_healed":0,"gold_gain":0,"player_choice":"Copied","damage_taken":0,"max_hp_gain":0,"max_hp_loss":0,"event_name":"Duplicator","floor":19,"gold_loss":0,"cards_obtained":["Bullet Time"]},{"damage_healed":0,"gold_gain":0,"player_choice":"Fight","damage_taken":0,"max_hp_gain":0,"max_hp_loss":0,"event_name":"Colosseum","floor":24,"gold_loss":0},{"damage_healed":0,"gold_gain":0,"player_choice":"Fought Nobs","damage_taken":0,"max_hp_gain":0,"max_hp_loss":0,"event_name":"Colosseum","floor":24,"gold_loss":0},{"damage_healed":0,"gold_gain":0,"cards_transformed":["Strike_G"],"player_choice":"Transformed","damage_taken":0,"max_hp_gain":0,"max_hp_loss":0,"event_name":"Transmorgrifier","floor":25,"gold_loss":0,"cards_obtained":["Poisoned Stab"]},{"damage_healed":0,"gold_gain":0,"player_choice":"2 cards matched","damage_taken":0,"max_hp_gain":0,"max_hp_loss":0,"event_name":"Match and Keep!","floor":31,"gold_loss":0,"cards_obtained":["Neutralize","Underhanded Strike"]}],"is_beta":false,"boss_relics":[{"not_picked":["Tiny House","Empty Cage"],"picked":"Fusion Hammer"}],"items_purged_floors":[3],"is_endless":false,"potions_floor_spawned":[1,8,18,21,22],"killed_by":"Collector","ascension_level":0}