{"path_per_floor":["M","M","?","M","M","R","M","M","T","R","$","M","T","M","R","B",null,"M","?","M","M","$","R","?"],"character_chosen":"THE_SILENT","items_purchased":["Membership Card","Caltrops"],"gold_per_floor":[117,130,80,92,109,109,124,94,94,94,19,39,66,82,82,187,217,227,227,239,255,30,30,30],"floor_reached":25,"campfire_rested":0,"playtime":2160,"current_hp_per_floor":[68,65,65,64,63,63,56,54,54,54,54,54,54,53,53,38,75,72,72,49,41,41,41,41],"items_purged":["Strike_G"],"gold":30,"score":195,"play_id":"6adc6374-0748-489f-a892-49b96f35203b","is_prod":false,"is_daily":false,"is_ascension_mode":false,"campfire_upgraded":1,"path_taken":["M","M","?","?","?","R","M","M","T","R","$","M","?","M","R","BOSS","M","?","M","?","$","R","?","E"],"build_version":"2018-02-08-PROD1","purchased_purges":1,"victory":false,"master_deck":["Defend_G","Defend_G","Defend_G","Defend_G","Defend_G","Strike_G","Strike_G","Survivor","Neutralize","Wraith Form","Distraction","Backflip","Acrobatics","Footwork+1","Dodge and Roll","Quick Slash","Backflip","Adrenaline","Wraith Form","Quick Slash","Dodge and Roll","Decay","Infinite Blades+1","Acrobatics+1","Caltrops"],"max_hp_per_floor":[70,70,70,70,70,70,70,70,70,70,70,70,70,70,70,70,75,75,75,75,75,75,75,75],"relics":["Ring of the Snake","Girya","Orichalcum","Tiny House","Membership Card"],"card_choices":[{"not_picked":["Deadly Poison","Skewer"],"picked":"Distraction"},{"not_picked":["Endless Agony","Calculated Gamble"],"picked":"Backflip"},{"not_picked":["PiercingWail","Quick Slash"],"picked":"Acrobatics"},{"not_picked":["Acrobatics","Sucker Punch"],"picked":"Footwork"},{"not_picked":["Dagger Throw","Deadly Poison"],"picked":"Dodge and Roll"},{"not_picked":["Deadly Poison","Bane"],"picked":"Quick Slash"},{"not_picked":["Slice","Distraction"],"picked":"Backflip"},{"not_picked":["Dodge and Roll","Quick Slash"],"picked":"Adrenaline"},{"not_picked":["Phantasmal Killer","Die Die Die"],"picked":"Wraith Form"},{"not_picked":["Bouncing Flask","Poisoned Stab"],"picked":"Quick Slash"},{"not_picked":["PiercingWail","Deadly Poison"],"picked":"Dodge and Roll"},{"not_picked":["Flying Knee","Poisoned Stab"],"picked":"Infinite Blades"},{"not_picked":["Bane","Flying Knee"],"picked":"Acrobatics"}],"player_experience":11254,"potions_floor_usage":[16,16,25],"damage_taken":[{"damage":2,"enemies":"Small Slimes","floor":1,"turns":6},{"damage":3,"enemies":"Blue Slaver","floor":2,"turns":5},{"damage":1,"enemies":"Cultist","floor":4,"turns":5},{"damage":1,"enemies":"3 Louse","floor":5,"turns":7},{"damage":7,"enemies":"Lots of Slimes","floor":7,"turns":7},{"damage":2,"enemies":"Looter","floor":8,"turns":4},{"damage":0,"enemies":"Red Slaver","floor":12,"turns":6},{"damage":1,"enemies":"Exordium Wildlife","floor":14,"turns":8},{"damage":15,"enemies":"Hexaghost","floor":16,"turns":15},{"damage":3,"enemies":"Shell Parasite","floor":18,"turns":11},{"damage":23,"enemies":"3 Byrds","floor":20,"turns":8},{"damage":8,"enemies":"Snake Plant","floor":21,"turns":9},{"damage":49,"enemies":"Gremlin Leader","floor":25,"turns":8}],"event_choices":[{"event_name":"The Cleric","player_choice":"Card Removal","floor":3,"damage_taken":0},{"event_name":"Wheel of Change","player_choice":"Curse","floor":19,"damage_taken":0},{"event_name":"Back to Basics","player_choice":"Elegance","floor":24,"damage_taken":0}],"boss_relics":[{"not_picked":["Calling Bell","Black Star"],"picked":"Tiny House"}],"potions_floor_spawned":[4,5,7,18],"seed_played":"6907074640126924487","killed_by":"Gremlin Leader","ascension_level":0,"is_trial":false}