{"gold_per_floor":[112,130,230,246,266,266,296,296,296,296,310,337,349,360,360,456,456,470,480,580,257,277,311,311,327,353,353,370,370,385,416,416,520,520,538,538,193,206,222,222,222,222,222,222,222,13,27,27,27,27],"floor_reached":51,"playtime":4274,"items_purged":["Strike_R","Strike_R","Defend_R"],"score":649,"play_id":"df523910-8805-4c36-8336-9c4a2bb29377","local_time":"20190322231416","is_ascension_mode":false,"campfire_choices":[{"data":"Heavy Blade","floor":6.0,"key":"SMITH"},{"data":"Flex","floor":8.0,"key":"SMITH"},{"data":"Flex","floor":15.0,"key":"SMITH"},{"data":"Rage","floor":24.0,"key":"SMITH"},{"data":"Seeing Red","floor":27.0,"key":"SMITH"},{"data":"Iron Wave","floor":29.0,"key":"SMITH"},{"data":"Metallicize","floor":32.0,"key":"SMITH"},{"data":"Infernal Blade","floor":40,"key":"SMITH"},{"data":"Anger","floor":45,"key":"SMITH"},{"data":"Inflame","floor":49,"key":"SMITH"}],"neow_cost":"NONE","seed_source_timestamp":0,"circlet_count":0,"master_deck":["Defend_R","Bash+1","Pummel","Flex+1","Twin Strike","Heavy Blade+1","Flex+1","Shrug It Off","Ghostly Armor","Infernal Blade+1","Seeing Red+1","Fiend Fire","Power Through+1","Whirlwind+1","Clothesline+1","Rage+1","Wild Strike","Metallicize+1","Anger+1","Seeing Red+1","Iron Wave+1","Sword Boomerang","Disarm","Immolate","Ghostly Armor","Spot Weakness","Anger+1","Shrug It Off","The Bomb","Inflame+1","Headbutt+1"],"special_seed":0,"relics":["Burning Blood","Magic Flower","Torii","FossilizedHelix","Astrolabe","Pantograph","StoneCalendar","Bag of Preparation","Red Skull","Eternal Feather","Toy Ornithopter","Dream Catcher","Letter Opener"],"potions_floor_usage":[50,50],"damage_taken":[{"damage":0.0,"enemies":"2 Louse","floor":1.0,"turns":3.0},{"damage":0.0,"enemies":"Cultist","floor":2.0,"turns":2.0},{"damage":8.0,"enemies":"Small Slimes","floor":4.0,"turns":2.0},{"damage":8.0,"enemies":"Gremlin Gang","floor":5.0,"turns":4.0},{"damage":16.0,"enemies":"3 Sentries","floor":7.0,"turns":7.0},{"damage":1.0,"enemies":"Blue Slaver","floor":11.0,"turns":3.0},{"damage":23.0,"enemies":"Lagavulin","floor":12.0,"turns":4.0},{"damage":0.0,"enemies":"Lots of Slimes","floor":13.0,"turns":2.0},{"damage":0.0,"enemies":"Exordium Wildlife","floor":14.0,"turns":3.0},{"damage":36.0,"enemies":"The Guardian","floor":16.0,"turns":9.0},{"damage":10.0,"enemies":"Spheric Guardian","floor":18.0,"turns":4.0},{"damage":1.0,"enemies":"2 Thieves","floor":19.0,"turns":4.0},{"damage":1.0,"enemies":"Shelled Parasite and Fungi","floor":22.0,"turns":8.0},{"damage":13.0,"enemies":"Gremlin Leader","floor":23.0,"turns":5.0},{"damage":0.0,"enemies":"Cultist and Chosen","floor":25.0,"turns":6.0},{"damage":0.0,"enemies":"3 Cultists","floor":28.0,"turns":4.0},{"damage":1.0,"enemies":"Shelled Parasite and Fungi","floor":30.0,"turns":5.0},{"damage":31.0,"enemies":"Slavers","floor":31.0,"turns":5.0},{"damage":58.0,"enemies":"Champ","floor":33.0,"turns":17.0},{"damage":0.0,"enemies":"3 Shapes","floor":35.0,"turns":3.0},{"damage":0.0,"enemies":"3 Darklings","floor":38.0,"turns":3.0},{"damage":6,"enemies":"Maw","floor":39,"turns":8},{"damage":20,"enemies":"Sphere and 2 Shapes","floor":47,"turns":4},{"damage":73,"enemies":"Donu and Deca","floor":50,"turns":8}],"seed_played":"-2208125961390735810","potions_obtained":[{"floor":1.0,"key":"Ancient Potion"},{"floor":5.0,"key":"AttackPotion"},{"floor":7.0,"key":"Fire Potion"},{"floor":11.0,"key":"Swift Potion"},{"floor":14.0,"key":"Energy Potion"},{"floor":23.0,"key":"AttackPotion"},{"floor":28.0,"key":"FearPotion"},{"floor":31.0,"key":"Block Potion"},{"floor":33.0,"key":"Energy Potion"},{"floor":35.0,"key":"AttackPotion"},{"floor":39,"key":"Poison Potion"}],"is_trial":false,"path_per_floor":["M","M","?","M","M","R","E","R","T","?","M","E","M","M","R","B",null,"M","M","?","$","M","E","R","M","T","R","M","R","M","E","R","B",null,"M","?","$","M","M","R","T","?","T","?","R","$","M","?","R","B",null],"character_chosen":"IRONCLAD","items_purchased":["Pantograph","Toy Ornithopter","Spot Weakness","Inflame","Strength Potion"],"campfire_rested":0,"item_purchase_floors":[21,37,37,46,46],"current_hp_per_floor":[80,80,80,78,76,76,66,66,66,66,74,60,69,78,78,51,80,79,80,80,80,80,76,76,80,80,80,80,80,80,58,58,31,80,80,80,80,80,80,80,80,76,76,76,76,76,65,65,76,28],"gold":27,"neow_bonus":"UPGRADE_CARD","is_prod":false,"is_daily":false,"chose_seed":false,"campfire_upgraded":10,"win_rate":0,"timestamp":1553314456,"path_taken":["M","M","?","M","?","R","E","R","T","?","M","E","M","?","R","BOSS","M","M","?","$","M","E","R","M","T","R","?","R","M","E","R","BOSS","M","?","?","?","M","R","?","?","T","?","R","$","M","?","R","BOSS"],"build_version":"2019-01-23","purchased_purges":3,"victory":true,"max_hp_per_floor":[80,80,80,80,80,80,80,80,80,80,80,80,80,80,80,80,80,80,80,80,80,80,80,80,80,80,80,80,80,80,80,80,80,80,80,80,80,80,80,80,80,76,76,76,76,76,76,76,76,76],"card_choices":[{"not_picked":["Cleave","Bloodletting"],"picked":"Pummel","floor":1.0},{"not_picked":["Burning Pact","Clothesline"],"picked":"Flex","floor":2.0},{"not_picked":["Combust","Pommel Strike"],"picked":"Twin Strike","floor":4.0},{"not_picked":["Pommel Strike","Dark Embrace"],"picked":"Heavy Blade","floor":5.0},{"not_picked":["Feel No Pain","Perfected Strike"],"picked":"Flex","floor":7.0},{"not_picked":["Corruption","Body Slam"],"picked":"Shrug It Off","floor":11.0},{"not_picked":["Rupture","Seeing Red"],"picked":"Ghostly Armor","floor":12.0},{"not_picked":["Perfected Strike","Thunderclap"],"picked":"Infernal Blade","floor":13.0},{"not_picked":["Clash","Sever Soul"],"picked":"Seeing Red","floor":14.0},{"not_picked":["Brutality","Bludgeon"],"picked":"Fiend Fire","floor":16.0},{"not_picked":["True Grit","Thunderclap+1"],"picked":"Rage","floor":18.0},{"not_picked":["Second Wind","Rupture"],"picked":"Wild Strike","floor":19.0},{"not_picked":["True Grit+1","Disarm"],"picked":"Metallicize","floor":22.0},{"not_picked":["Whirlwind","Wild Strike"],"picked":"Anger","floor":23.0},{"not_picked":["Combust+1","Dual Wield+1"],"picked":"Seeing Red+1","floor":25.0},{"not_picked":["Fiend Fire","Clash"],"picked":"Iron Wave","floor":28.0},{"not_picked":["Cleave","Armaments"],"picked":"Sword Boomerang","floor":30.0},{"not_picked":["Clash","Reckless Charge"],"picked":"Disarm","floor":31.0},{"not_picked":["Dark Embrace","Offering"],"picked":"Immolate","floor":33.0},{"not_picked":["Havoc","Pommel Strike+1"],"picked":"Ghostly Armor","floor":35.0},{"not_picked":["Iron Wave+1","Uppercut+1"],"picked":"Anger+1","floor":38.0},{"not_picked":["Headbutt","Fire Breathing+1"],"picked":"Shrug It Off","floor":39},{"not_picked":["Dramatic Entrance","PanicButton"],"picked":"The Bomb","floor":44},{"not_picked":["Thunderclap","Rage"],"picked":"Headbutt+1","floor":47}],"player_experience":67864,"relics_obtained":[{"floor":7.0,"key":"Magic Flower"},{"floor":9.0,"key":"Torii"},{"floor":12.0,"key":"FossilizedHelix"},{"floor":23.0,"key":"StoneCalendar"},{"floor":26.0,"key":"Bag of Preparation"},{"floor":31.0,"key":"Red Skull"},{"floor":41,"key":"Dream Catcher"},{"floor":43,"key":"Letter Opener"}],"event_choices":[{"damage_healed":0.0,"max_hp_gain":0.0,"max_hp_loss":0.0,"gold_gain":100.0,"event_name":"Golden Shrine","player_choice":"Pray","floor":3.0,"gold_loss":0.0,"damage_taken":0.0},{"damage_healed":0.0,"max_hp_gain":0.0,"max_hp_loss":0.0,"gold_gain":0.0,"event_name":"NoteForYourself","player_choice":"Ignored","floor":10.0,"gold_loss":0.0,"damage_taken":0.0},{"damage_healed":0.0,"max_hp_gain":0.0,"max_hp_loss":0.0,"gold_gain":100.0,"event_name":"Golden Shrine","player_choice":"Pray","floor":20.0,"gold_loss":0.0,"damage_taken":0.0},{"cards_removed":["Defend_R"],"damage_healed":0.0,"max_hp_gain":0.0,"max_hp_loss":0.0,"gold_gain":0.0,"event_name":"Purifier","player_choice":"Purged","floor":36.0,"gold_loss":0.0,"damage_taken":0.0},{"damage_healed":0,"gold_gain":0,"player_choice":"Max HP","damage_taken":0,"max_hp_gain":0,"max_hp_loss":4,"event_name":"Winding Halls","floor":42,"gold_loss":0},{"damage_healed":0,"gold_gain":0,"player_choice":"Memory 1","damage_taken":0,"max_hp_gain":0,"max_hp_loss":0,"event_name":"SensoryStone","floor":44,"gold_loss":0},{"cards_removed":["Defend_R"],"damage_healed":0,"gold_gain":0,"player_choice":"Removed Skill","damage_taken":0,"max_hp_gain":0,"max_hp_loss":0,"event_name":"Falling","floor":48,"gold_loss":0}],"is_beta":false,"boss_relics":[{"not_picked":["White Beast Statue","Runic Dome"],"picked":"Astrolabe"},{"not_picked":["Snecko Eye","Black Star"],"picked":"Eternal Feather"}],"items_purged_floors":[21,37,46],"is_endless":false,"potions_floor_spawned":[1,5,7,11,14,23,28,31,33,35,39],"ascension_level":0}