{"gold_per_floor":[117,137,137,137,162,162,34,34,34,34,50,50,93,116,116,116],"floor_reached":16,"playtime":567,"items_purged":["Regret"],"score":190,"play_id":"d3dd2bc7-49df-4421-87ec-6fb254f36ef4","local_time":"20190313145308","is_ascension_mode":true,"campfire_choices":[{"data":"Forethought","floor":6,"key":"SMITH"},{"floor":12,"key":"REST"},{"floor":15,"key":"REST"}],"neow_cost":"NONE","seed_source_timestamp":51635798964500,"circlet_count":0,"master_deck":["AscendersBane","Strike_R","Strike_R+1","Strike_R+1","Strike_R","Strike_R","Defend_R","Defend_R","Defend_R","Defend_R","Bash","Forethought+1","Clothesline","Dropkick","Iron Wave","Cleave","Disarm","Iron Wave","Power Through"],"relics":["Burning Blood","Omamori","Golden Idol","Bag of Preparation","PreservedInsect"],"potions_floor_usage":[13,16],"damage_taken":[{"damage":14,"enemies":"Jaw Worm","floor":1,"turns":4},{"damage":10,"enemies":"Small Slimes","floor":2,"turns":3},{"damage":9,"enemies":"Cultist","floor":5,"turns":3},{"damage":16,"enemies":"Large Slime","floor":11,"turns":5},{"damage":38,"enemies":"3 Sentries","floor":13,"turns":7},{"damage":5,"enemies":"Exordium Wildlife","floor":14,"turns":4},{"damage":42,"enemies":"Slime Boss","floor":16,"turns":6}],"seed_played":"1657628486712119821","potions_obtained":[{"floor":2,"key":"Fire Potion"},{"floor":14,"key":"AttackPotion"}],"is_trial":false,"path_per_floor":["M","M","?","?","M","R","$","?","T","$","M","R","E","M","R","B"],"character_chosen":"IRONCLAD","items_purchased":["Cleave"],"campfire_rested":2,"item_purchase_floors":[7],"current_hp_per_floor":[60,56,56,56,53,53,53,30,30,30,20,42,10,11,33,0],"gold":116,"neow_bonus":"RANDOM_COLORLESS","is_prod":false,"is_daily":false,"chose_seed":false,"campfire_upgraded":1,"win_rate":0,"timestamp":1552503188,"path_taken":["M","M","?","?","M","R","$","?","T","?","?","R","E","M","R","BOSS"],"build_version":"2019-02-06","purchased_purges":1,"victory":false,"max_hp_per_floor":[75,75,75,75,75,75,75,75,75,75,75,75,75,75,75,75],"card_choices":[{"not_picked":["Sword Boomerang","Evolve"],"picked":"Clothesline","floor":1},{"not_picked":["Burning Pact","Battle Trance"],"picked":"Dropkick","floor":2},{"not_picked":["Twin Strike","Pommel Strike"],"picked":"Iron Wave","floor":5},{"not_picked":["Searing Blow","Twin Strike"],"picked":"Disarm","floor":11},{"not_picked":["Fire Breathing","Hemokinesis"],"picked":"Iron Wave","floor":13},{"not_picked":["Pommel Strike","Second Wind"],"picked":"Power Through","floor":14}],"player_experience":651110,"relics_obtained":[{"floor":9,"key":"Bag of Preparation"},{"floor":13,"key":"PreservedInsect"}],"event_choices":[{"damage_healed":0,"gold_gain":0,"player_choice":"Box","damage_taken":0,"relics_obtained":["Omamori"],"max_hp_gain":0,"max_hp_loss":0,"event_name":"Big Fish","floor":3,"gold_loss":0,"cards_obtained":["Regret"]},{"damage_healed":0,"gold_gain":0,"player_choice":"Take Wound","damage_taken":0,"relics_obtained":["Golden Idol"],"max_hp_gain":0,"max_hp_loss":0,"event_name":"Golden Idol","floor":4,"gold_loss":0,"cards_obtained":["Injury"]},{"damage_healed":0,"gold_gain":0,"player_choice":"Entered Light","damage_taken":23,"max_hp_gain":0,"max_hp_loss":0,"event_name":"Shining Light","floor":8,"gold_loss":0,"cards_upgraded":["Strike_R","Strike_R"]}],"is_beta":true,"boss_relics":[],"items_purged_floors":[7],"is_endless":false,"potions_floor_spawned":[2,14],"killed_by":"Slime Boss","ascension_level":18}