{"gold_per_floor":[115,115,29,42,42,81,81,94,173,22,22,22,22,22],"floor_reached":14,"playtime":396,"items_purged":["Strike_R"],"score":172,"play_id":"3428d9c9-7b51-4b21-927b-7d14ba0e4cd0","local_time":"20181116215420","is_ascension_mode":true,"campfire_choices":[{"data":"Berserk","floor":7.0,"key":"SMITH"},{"data":"Inflame","floor":11.0,"key":"SMITH"}],"neow_cost":"PERCENT_DAMAGE","seed_source_timestamp":76872303908364,"circlet_count":0,"master_deck":["AscendersBane","Strike_R","Strike_R","Strike_R","Defend_R","Defend_R","Defend_R","Bash","Power Through","Berserk+1","Second Wind","Inflame+1","Clothesline","Disarm","Twin Strike","Shrug It Off","Sword Boomerang"],"special_seed":0,"relics":["Burning Blood","Golden Idol","Omamori","Letter Opener"],"potions_floor_usage":[],"damage_taken":[{"damage":20.0,"enemies":"Small Slimes","floor":1.0,"turns":5.0},{"damage":8.0,"enemies":"Jaw Worm","floor":4.0,"turns":5.0},{"damage":32.0,"enemies":"Lagavulin","floor":6.0,"turns":9.0},{"damage":1.0,"enemies":"2 Louse","floor":8.0,"turns":4.0},{"damage":30,"enemies":"Gremlin Nob","floor":14,"turns":4}],"seed_played":"1893317003634268989","potions_obtained":[{"floor":1.0,"key":"Regen Potion"},{"floor":4.0,"key":"SkillPotion"},{"floor":6.0,"key":"Dexterity Potion"}],"is_trial":false,"path_per_floor":["M","?","$","M","?","E","R","M","T","$","R","?","$","E"],"character_chosen":"IRONCLAD","items_purchased":["Inflame","Shrug It Off","Sword Boomerang"],"campfire_rested":0,"item_purchase_floors":[3,10,10],"current_hp_per_floor":[36,36,36,34,34,23,23,28,28,28,28,33,33,3],"gold":22,"neow_bonus":"TRANSFORM_TWO_CARDS","is_prod":false,"is_daily":false,"chose_seed":false,"campfire_upgraded":2,"win_rate":0,"timestamp":1542423260,"path_taken":["M","?","$","M","?","E","R","M","T","$","R","?","?","E"],"build_version":"2018-11-15","purchased_purges":1,"victory":false,"max_hp_per_floor":[75,68,68,68,68,68,68,68,68,68,68,73,73,73],"card_choices":[{"not_picked":["Pummel","Thunderclap"],"picked":"Second Wind","floor":1.0},{"not_picked":["Armaments","Body Slam"],"picked":"Clothesline","floor":4.0},{"not_picked":["Thunderclap","Wild Strike"],"picked":"Disarm","floor":6.0},{"not_picked":["Armaments","Clash"],"picked":"Twin Strike","floor":8.0}],"player_experience":805619,"relics_obtained":[{"floor":6.0,"key":"Omamori"},{"floor":9.0,"key":"Letter Opener"}],"event_choices":[{"damage_healed":0.0,"max_hp_gain":0.0,"max_hp_loss":7.0,"gold_gain":0.0,"event_name":"Golden Idol","player_choice":"Lose Max HP","floor":2.0,"gold_loss":0.0,"damage_taken":0.0,"relics_obtained":["Golden Idol"]},{"damage_healed":0.0,"max_hp_gain":0.0,"max_hp_loss":0.0,"gold_gain":0.0,"event_name":"Scrap Ooze","player_choice":"Fled","floor":5.0,"gold_loss":0.0,"damage_taken":0.0},{"damage_healed":0.0,"max_hp_gain":5.0,"max_hp_loss":0.0,"gold_gain":0.0,"event_name":"Big Fish","player_choice":"Donut","floor":12.0,"gold_loss":0.0,"damage_taken":0.0}],"is_beta":true,"boss_relics":[],"items_purged_floors":[10],"is_endless":false,"potions_floor_spawned":[1,4,6],"killed_by":"Gremlin Nob","ascension_level":20}