{"gold_per_floor":[116,116,291,8,28,28,28,28,79,92,92,105,27,47,47,47],"floor_reached":16,"playtime":624,"items_purged":["Doubt"],"score":104,"play_id":"770b8396-5117-4bf4-bbb4-85404369c9ae","local_time":"20190319014330","is_ascension_mode":true,"campfire_choices":[{"data":"Bash","floor":6,"key":"SMITH"},{"data":"Dropkick","floor":8,"key":"SMITH"},{"data":"Defend_R","floor":11,"key":"SMITH"},{"data":"Burning Pact","floor":15,"key":"SMITH"}],"neow_cost":"CURSE","seed_source_timestamp":505165827237483,"circlet_count":0,"master_deck":["Strike_R","Strike_R","Strike_R","Strike_R+1","Strike_R","Defend_R+1","Defend_R+1","Defend_R","Defend_R","Bash+1","Shame","Reaper","Dropkick+1","Burning Pact+1","Dropkick","Uppercut"],"relics":["Burning Blood","Lee\u0027s Waffle","Bag of Preparation"],"potions_floor_usage":[],"damage_taken":[{"damage":21,"enemies":"Jaw Worm","floor":1,"turns":6},{"damage":8,"enemies":"2 Louse","floor":5,"turns":4},{"damage":6,"enemies":"Cultist","floor":10,"turns":3},{"damage":30,"enemies":"Exordium Thugs","floor":12,"turns":6},{"damage":18,"enemies":"3 Louse","floor":14,"turns":4},{"damage":74,"enemies":"Slime Boss","floor":16,"turns":9}],"seed_played":"471728710843143435","potions_obtained":[{"floor":1,"key":"Dexterity Potion"},{"floor":12,"key":"SpeedPotion"}],"is_trial":false,"path_per_floor":["M","?","?","$","M","R","$","R","T","M","R","M","$","M","R","B"],"character_chosen":"IRONCLAD","items_purchased":["Lee\u0027s Waffle","Dropkick"],"campfire_rested":0,"item_purchase_floors":[4,13],"current_hp_per_floor":[66,50,50,87,86,86,86,86,86,86,86,66,66,66,66,4],"gold":47,"neow_bonus":"THREE_RARE_CARDS","is_prod":false,"is_daily":false,"chose_seed":false,"campfire_upgraded":4,"win_rate":0,"timestamp":1552974210,"path_taken":["M","?","?","$","M","R","?","R","T","?","R","M","$","M","R","BOSS"],"build_version":"2019-01-23","purchased_purges":1,"victory":false,"max_hp_per_floor":[80,80,80,87,87,87,87,87,87,87,87,87,87,87,87,87],"card_choices":[{"not_picked":["Dark Embrace","Impervious"],"picked":"Reaper","floor":0},{"not_picked":["Pommel Strike","Shrug It Off"],"picked":"Dropkick","floor":1},{"not_picked":["Headbutt","Twin Strike","Clash"],"picked":"SKIP","floor":5},{"not_picked":["Wild Strike","Havoc","Heavy Blade"],"picked":"SKIP","floor":10},{"not_picked":["Wild Strike","Havoc","Heavy Blade"],"picked":"SKIP","floor":10},{"not_picked":["Berserk","Pummel"],"picked":"Burning Pact","floor":12},{"not_picked":["Anger","Clothesline"],"picked":"Uppercut","floor":14}],"player_experience":1267391,"relics_obtained":[{"floor":9,"key":"Bag of Preparation"}],"event_choices":[{"damage_healed":0,"gold_gain":0,"player_choice":"Entered Light","damage_taken":16,"max_hp_gain":0,"max_hp_loss":0,"event_name":"Shining Light","floor":2,"gold_loss":0,"cards_upgraded":["Defend_R","Strike_R"]},{"damage_healed":0,"gold_gain":175,"player_choice":"AGREE","damage_taken":0,"max_hp_gain":0,"max_hp_loss":0,"event_name":"Liars Game","floor":3,"gold_loss":0,"cards_obtained":["Doubt"]}],"is_beta":false,"boss_relics":[],"items_purged_floors":[4],"is_endless":false,"potions_floor_spawned":[1,12],"killed_by":"Slime Boss","ascension_level":3}