{"gold_per_floor":[118,130,0,19,19,19,31,65,65,79,79,79,147,162,162,162],"floor_reached":16,"playtime":603,"items_purged":["Parasite"],"score":204,"play_id":"0f30faac-9be2-4bd9-a641-d3b4787da044","local_time":"20190320010900","is_ascension_mode":true,"campfire_choices":[{"data":"1","floor":6,"key":"LIFT"},{"data":"2","floor":12,"key":"LIFT"},{"floor":15,"key":"REST"}],"neow_cost":"CURSE","seed_source_timestamp":288069832641890,"circlet_count":0,"master_deck":["AscendersBane","Strike_R","Strike_R","Strike_R","Strike_R","Strike_R","Defend_R","Defend_R","Defend_R","Defend_R","Bash","Twin Strike","True Grit","Thunderclap","True Grit","Power Through","Clothesline"],"relics":["Burning Blood","Girya","Bottled Lightning","Thread and Needle"],"potions_floor_usage":[8,14,16],"damage_taken":[{"damage":15,"enemies":"2 Louse","floor":1,"turns":4},{"damage":21,"enemies":"Jaw Worm","floor":2,"turns":6},{"damage":1,"enemies":"Small Slimes","floor":4,"turns":4},{"damage":6,"enemies":"Looter","floor":7,"turns":3},{"damage":38,"enemies":"3 Sentries","floor":8,"turns":10},{"damage":4,"enemies":"3 Louse","floor":10,"turns":4},{"damage":19,"enemies":"Gremlin Gang","floor":14,"turns":4},{"damage":38,"enemies":"The Guardian","floor":16,"turns":8}],"seed_played":"-183776496164196003","potions_obtained":[{"floor":2,"key":"Energy Potion"},{"floor":10,"key":"Strength Potion"},{"floor":14,"key":"Regen Potion"}],"is_trial":false,"path_per_floor":["M","M","$","M","?","R","M","E","T","M","?","R","?","M","R","B"],"character_chosen":"IRONCLAD","items_purchased":["Thunderclap"],"campfire_rested":1,"item_purchase_floors":[3],"current_hp_per_floor":[59,44,44,49,54,54,54,22,22,24,24,24,24,11,34,11],"gold":162,"neow_bonus":"ONE_RARE_RELIC","is_prod":false,"is_daily":false,"chose_seed":false,"campfire_upgraded":0,"win_rate":0,"timestamp":1553058540,"path_taken":["M","M","$","M","?","R","M","E","T","M","?","R","?","M","R","BOSS"],"build_version":"2019-03-15","purchased_purges":1,"victory":false,"max_hp_per_floor":[75,75,72,72,77,77,77,77,77,77,77,77,77,77,77,77],"card_choices":[{"not_picked":["True Grit","Thunderclap"],"picked":"Twin Strike","floor":1},{"not_picked":["Cleave","Pommel Strike"],"picked":"True Grit","floor":2},{"not_picked":["Havoc","Cleave"],"picked":"True Grit","floor":4},{"not_picked":["Twin Strike","Flex"],"picked":"Power Through","floor":7},{"not_picked":["Thunderclap","Pommel Strike"],"picked":"Clothesline","floor":8},{"not_picked":["Clothesline","Wild Strike","Twin Strike"],"picked":"SKIP","floor":10},{"not_picked":["Entrench","Clothesline","Cleave"],"picked":"SKIP","floor":14}],"player_experience":919731,"relics_obtained":[{"floor":8,"key":"Bottled Lightning"},{"floor":9,"key":"Thread and Needle"}],"event_choices":[{"damage_healed":0,"gold_gain":0,"player_choice":"Donut","damage_taken":0,"max_hp_gain":5,"max_hp_loss":0,"event_name":"Big Fish","floor":5,"gold_loss":0},{"damage_healed":0,"gold_gain":0,"player_choice":"Ignored","damage_taken":0,"max_hp_gain":0,"max_hp_loss":0,"event_name":"Golden Idol","floor":11,"gold_loss":0},{"damage_healed":0,"gold_gain":68,"player_choice":"Gained Gold","damage_taken":0,"max_hp_gain":0,"max_hp_loss":0,"event_name":"Golden Wing","floor":13,"gold_loss":0}],"is_beta":true,"boss_relics":[],"items_purged_floors":[3],"is_endless":false,"potions_floor_spawned":[2,10,14],"killed_by":"The Guardian","ascension_level":20}