{"gold_per_floor":[117,135,135,151,162,162,162,189,214,225,245,245,272,291,291,291],"floor_reached":16,"playtime":662,"items_purged":[],"score":228,"play_id":"cba34b73-bc26-4a18-bce2-26694c0ffca9","local_time":"20190208023339","is_ascension_mode":true,"campfire_choices":[{"data":"Poisoned Stab","floor":6,"key":"SMITH"},{"floor":12,"key":"REST"},{"data":"Noxious Fumes","floor":15,"key":"SMITH"}],"neow_cost":"NONE","seed_source_timestamp":718772181670700,"circlet_count":0,"master_deck":["AscendersBane","Defend_G","Defend_G","Defend_G","Defend_G","Strike_G","Strike_G","Strike_G","Strike_G","Survivor","Neutralize","Poisoned Stab+1","Endless Agony","Noxious Fumes+1","Backflip","Dagger Throw","Deadly Poison","PiercingWail","PiercingWail"],"relics":["Ring of the Snake","Regal Pillow","Pen Nib","Dream Catcher"],"potions_floor_usage":[8,8,8,11,13],"damage_taken":[{"damage":3,"enemies":"2 Louse","floor":1,"turns":3},{"damage":1,"enemies":"Jaw Worm","floor":2,"turns":4},{"damage":1,"enemies":"Cultist","floor":4,"turns":4},{"damage":4,"enemies":"3 Louse","floor":5,"turns":4},{"damage":29,"enemies":"Gremlin Nob","floor":8,"turns":4},{"damage":7,"enemies":"Exordium Wildlife","floor":10,"turns":4},{"damage":4,"enemies":"Gremlin Gang","floor":11,"turns":3},{"damage":16,"enemies":"3 Sentries","floor":13,"turns":6},{"damage":3,"enemies":"Blue Slaver","floor":14,"turns":3},{"damage":28,"enemies":"Hexaghost","floor":16,"turns":7}],"seed_played":"-6248643681328530873","potions_obtained":[{"floor":5,"key":"EntropicBrew"},{"floor":10,"key":"Strength Potion"},{"floor":11,"key":"Energy Potion"}],"is_trial":false,"path_per_floor":["M","M","?","M","M","R","?","E","T","M","M","R","E","M","R","B"],"character_chosen":"THE_SILENT","items_purchased":[],"campfire_rested":1,"item_purchase_floors":[],"current_hp_per_floor":[62,61,54,53,49,49,49,20,20,13,9,45,29,26,26,0],"gold":291,"neow_bonus":"TEN_PERCENT_HP_BONUS","is_prod":false,"is_daily":false,"chose_seed":false,"campfire_upgraded":2,"win_rate":0,"timestamp":1549560819,"path_taken":["M","M","?","M","M","R","?","E","T","M","M","R","E","M","R","BOSS"],"build_version":"2019-01-23","purchased_purges":0,"victory":false,"max_hp_per_floor":[72,72,72,72,72,72,72,72,72,72,72,72,72,72,72,72],"card_choices":[{"not_picked":["Dagger Spray","Bane"],"picked":"Poisoned Stab","floor":1},{"not_picked":["Outmaneuver","Catalyst"],"picked":"Endless Agony","floor":2},{"not_picked":["Cloak And Dagger","Tactician"],"picked":"Noxious Fumes","floor":4},{"not_picked":["Choke","Accuracy"],"picked":"Backflip","floor":5},{"not_picked":["Eviscerate","Tactician","Prepared"],"picked":"SKIP","floor":8},{"not_picked":["PiercingWail","Dodge and Roll"],"picked":"Dagger Throw","floor":10},{"not_picked":["Quick Slash","Phantasmal Killer"],"picked":"Deadly Poison","floor":11},{"not_picked":["Expertise","Acrobatics"],"picked":"PiercingWail","floor":13},{"not_picked":["Flechettes","Choke"],"picked":"PiercingWail","floor":14}],"player_experience":4224135,"relics_obtained":[{"floor":8,"key":"Regal Pillow"},{"floor":9,"key":"Pen Nib"},{"floor":13,"key":"Dream Catcher"}],"event_choices":[{"cards_removed":["Strike_G"],"damage_healed":0,"gold_gain":0,"player_choice":"Card Removal","damage_taken":7,"max_hp_gain":0,"max_hp_loss":0,"event_name":"Golden Wing","floor":3,"gold_loss":0},{"cards_removed":["Defend_G"],"damage_healed":0,"gold_gain":0,"player_choice":"Purged","damage_taken":0,"max_hp_gain":0,"max_hp_loss":0,"event_name":"Purifier","floor":7,"gold_loss":0}],"is_beta":false,"boss_relics":[],"items_purged_floors":[],"is_endless":false,"potions_floor_spawned":[5,10,11],"killed_by":"Hexaghost","ascension_level":20}