{"gold_per_floor":[113,113,113,131,147,147,162,14,66,100,100,100,100,73,73,164,164,188,113,113,123,23,23,57,57,57,57,107,52,69,85,85,161,161,181,47,47,61,7,7,36,36,36,136,60,75,75,94,94,94],"floor_reached":51,"playtime":2160,"items_purged":["Pain","Decay"],"score":1229,"play_id":"59387e0a-f688-4c89-aeac-f64dcd736eab","local_time":"20190323183023","is_ascension_mode":true,"campfire_choices":[{"data":"Caltrops","floor":6,"key":"SMITH"},{"floor":13,"key":"REST"},{"floor":15,"key":"REST"},{"floor":23,"key":"REST"},{"floor":32,"key":"REST"},{"floor":40,"key":"REST"},{"floor":49,"key":"RECALL"}],"neow_cost":"CURSE","seed_source_timestamp":666638430765100,"circlet_count":0,"master_deck":["AscendersBane","Defend_G","Defend_G","Defend_G","Defend_G","Defend_G","Strike_G","Strike_G","Strike_G","Strike_G","Survivor","Neutralize+1","Caltrops+1","Cloak And Dagger","Cloak And Dagger","Prepared","Accuracy","Distraction","Flying Knee","Backflip","Escape Plan","Glass Knife","Deflect","Noxious Fumes","Footwork","Cloak And Dagger","Accuracy","Footwork","Blade Dance","Burst","Apotheosis+1","Cloak And Dagger","Envenom","Tools of the Trade"],"relics":["Ring of the Snake","Unceasing Top","WarpedTongs","Strawberry","Juzu Bracelet","Bloody Idol","Dream Catcher","Sozu","The Courier","Ninja Scroll","Letter Opener","Gremlin Horn","Fusion Hammer","Orichalcum","Blood Vial","Incense Burner","Frozen Egg 2","Dead Branch"],"potions_floor_usage":[16,24],"damage_taken":[{"damage":6,"enemies":"Jaw Worm","floor":1,"turns":6},{"damage":4,"enemies":"Cultist","floor":4,"turns":3},{"damage":4,"enemies":"2 Louse","floor":5,"turns":2},{"damage":7,"enemies":"Exordium Wildlife","floor":7,"turns":4},{"damage":27,"enemies":"3 Sentries","floor":10,"turns":8},{"damage":40,"enemies":"The Guardian","floor":16,"turns":16},{"damage":21,"enemies":"2 Thieves","floor":18,"turns":4},{"damage":7,"enemies":"Shell Parasite","floor":21,"turns":5},{"damage":40,"enemies":"Gremlin Leader","floor":24,"turns":7},{"damage":0,"enemies":"3 Cultists","floor":30,"turns":5},{"damage":21,"enemies":"Snake Plant","floor":31,"turns":3},{"damage":31,"enemies":"Collector","floor":33,"turns":11},{"damage":13,"enemies":"Orb Walker","floor":35,"turns":4},{"damage":0,"enemies":"3 Shapes","floor":38,"turns":3},{"damage":0,"enemies":"Giant Head","floor":41,"turns":7},{"damage":0,"enemies":"Mind Bloom Boss Battle","floor":44,"turns":5},{"damage":11,"enemies":"Transient","floor":46,"turns":5},{"damage":0,"enemies":"Spire Growth","floor":48,"turns":3},{"damage":27,"enemies":"Donu and Deca","floor":50,"turns":8}],"seed_played":"6762743807154189679","potions_obtained":[{"floor":1,"key":"AttackPotion"},{"floor":4,"key":"GamblersBrew"}],"is_trial":false,"path_per_floor":["M","?","?","M","M","R","M","$","T","E","?","T","R","$","R","B",null,"M","?","?","M","$","R","E","?","T","T","?","$","M","M","R","B",null,"M","$","?","M","$","R","E","$","T","?","?","M","T","M","R","B",null],"character_chosen":"THE_SILENT","items_purchased":["Accuracy","Backflip","Accuracy","Apotheosis","Envenom"],"campfire_rested":5,"item_purchase_floors":[8,14,29,36,39],"current_hp_per_floor":[53,53,53,49,45,45,38,38,45,18,18,18,38,38,58,18,56,35,35,35,33,33,53,18,18,18,18,23,23,28,12,32,6,53,45,45,45,50,50,68,68,68,68,68,68,62,62,68,68,41],"gold":94,"neow_bonus":"ONE_RARE_RELIC","is_prod":false,"is_daily":false,"chose_seed":false,"campfire_upgraded":1,"win_rate":0,"timestamp":1553380223,"path_taken":["M","?","?","?","M","R","M","$","T","E","?","?","R","?","R","BOSS","M","?","?","M","$","R","E","?","T","?","?","$","M","M","R","BOSS","M","$","?","M","?","R","E","?","T","?","?","M","?","M","R","BOSS"],"build_version":"2019-03-15","purchased_purges":2,"victory":true,"max_hp_per_floor":[66,66,66,66,66,66,66,66,73,73,68,68,68,68,68,68,68,68,68,68,68,68,68,68,68,68,68,68,68,68,68,68,68,68,68,68,68,68,68,68,68,68,68,68,68,68,68,68,68,68],"card_choices":[{"not_picked":["Distraction","Heel Hook"],"picked":"Caltrops","floor":1},{"not_picked":["Skewer","Dodge and Roll"],"picked":"Cloak And Dagger","floor":4},{"not_picked":["Tactician","PiercingWail"],"picked":"Cloak And Dagger","floor":5},{"not_picked":["Dagger Spray","Catalyst"],"picked":"Prepared","floor":7},{"not_picked":["Catalyst","Flying Knee"],"picked":"Distraction","floor":10},{"not_picked":["Slice","Skewer"],"picked":"Flying Knee","floor":13},{"not_picked":["Poisoned Stab","Dodge and Roll"],"picked":"Escape Plan","floor":15},{"not_picked":["Venomology","Wraith Form v2"],"picked":"Glass Knife","floor":16},{"not_picked":["Outmaneuver","Distraction"],"picked":"Deflect","floor":18},{"not_picked":["Expertise+1","Dagger Throw"],"picked":"Noxious Fumes","floor":21},{"not_picked":["Riddle With Holes","Leg Sweep"],"picked":"Footwork","floor":23},{"not_picked":["Dagger Spray","Deadly Poison+1"],"picked":"Cloak And Dagger","floor":24},{"not_picked":["Catalyst","Bullet Time","Bouncing Flask"],"picked":"SKIP","floor":30},{"not_picked":["Terror","PiercingWail"],"picked":"Footwork","floor":31},{"not_picked":["Slice","Underhanded Strike+1"],"picked":"Blade Dance","floor":32},{"not_picked":["A Thousand Cuts","Adrenaline"],"picked":"Burst","floor":33},{"not_picked":["Quick Slash","Dagger Spray+1","Outmaneuver"],"picked":"SKIP","floor":35},{"not_picked":["All Out Attack+1","Deflect+1"],"picked":"Cloak And Dagger","floor":38},{"not_picked":["Blade Dance","Blur"],"picked":"Tools of the Trade","floor":41},{"not_picked":["Expertise","Flying Knee","Prepared"],"picked":"SKIP","floor":46},{"not_picked":["Flying Knee","Prepared+1","Heel Hook"],"picked":"SKIP","floor":48}],"player_experience":676958,"relics_obtained":[{"floor":9,"key":"Strawberry"},{"floor":10,"key":"Juzu Bracelet"},{"floor":12,"key":"Dream Catcher"},{"floor":24,"key":"The Courier"},{"floor":26,"key":"Letter Opener"},{"floor":27,"key":"Gremlin Horn"},{"floor":41,"key":"Orichalcum"},{"floor":43,"key":"Blood Vial"},{"floor":44,"key":"Incense Burner"},{"floor":47,"key":"Dead Branch"}],"event_choices":[{"damage_healed":0,"gold_gain":0,"player_choice":"Grow","damage_taken":0,"max_hp_gain":0,"max_hp_loss":0,"event_name":"Living Wall","floor":2,"gold_loss":0,"cards_upgraded":["Neutralize"]},{"damage_healed":0,"gold_gain":0,"player_choice":"Rummage","damage_taken":0,"relics_obtained":["WarpedTongs"],"max_hp_gain":0,"max_hp_loss":0,"event_name":"Accursed Blacksmith","floor":3,"gold_loss":0,"cards_obtained":["Pain"]},{"damage_healed":0,"gold_gain":0,"player_choice":"Lose Max HP","damage_taken":0,"relics_obtained":["Golden Idol"],"max_hp_gain":0,"max_hp_loss":5,"event_name":"Golden Idol","floor":11,"gold_loss":0},{"cards_removed":["Strike_G"],"damage_healed":0,"gold_gain":0,"player_choice":"Gave Gold","damage_taken":0,"max_hp_gain":0,"max_hp_loss":0,"event_name":"Beggar","floor":19,"gold_loss":75},{"damage_healed":0,"gold_gain":0,"player_choice":"Gave Idol","damage_taken":0,"relics_obtained":["Bloody Idol"],"max_hp_gain":0,"max_hp_loss":0,"event_name":"Forgotten Altar","floor":20,"relics_lost":["Golden Idol"],"gold_loss":0},{"damage_healed":0,"gold_gain":0,"player_choice":"Opened","damage_taken":0,"relics_obtained":["Ninja Scroll"],"max_hp_gain":0,"max_hp_loss":0,"event_name":"The Mausoleum","floor":25,"gold_loss":0},{"damage_healed":0,"gold_gain":100,"player_choice":"Bet on Murderer","damage_taken":0,"max_hp_gain":0,"max_hp_loss":0,"event_name":"The Joust","floor":28,"gold_loss":50},{"damage_healed":0,"gold_gain":0,"player_choice":"Upgraded","damage_taken":0,"max_hp_gain":0,"max_hp_loss":0,"event_name":"Upgrade Shrine","floor":37,"gold_loss":0,"cards_upgraded":["Apotheosis"]},{"damage_healed":0,"gold_gain":0,"player_choice":"Fight","damage_taken":0,"max_hp_gain":0,"max_hp_loss":0,"event_name":"MindBloom","floor":44,"gold_loss":0},{"damage_healed":0,"gold_gain":0,"player_choice":"Paid Gold","damage_taken":0,"relics_obtained":["Frozen Egg 2"],"max_hp_gain":0,"max_hp_loss":0,"event_name":"WeMeetAgain","floor":45,"gold_loss":76}],"is_beta":true,"boss_relics":[{"not_picked":["Ectoplasm","HoveringKite"],"picked":"Sozu"},{"not_picked":["Philosopher\u0027s Stone","Snecko Eye"],"picked":"Fusion Hammer"}],"items_purged_floors":[8,22],"is_endless":false,"potions_floor_spawned":[1,4,21,33,38,41,46,48],"ascension_level":14}