{"gold_per_floor":[118,118,68,82,82,82,113,188,188,218,28,28,41,60,60,164,164,179,192,59,109,60,95,95,111,111,122,122],"floor_reached":28,"playtime":1580,"items_purged":[],"score":345,"play_id":"9d2931b8-bd12-4a45-b3fd-7c2716c4fa7b","local_time":"20190318111229","is_ascension_mode":true,"campfire_choices":[{"data":"Wild Strike","floor":6,"key":"SMITH"},{"data":"Evolve","floor":15,"key":"SMITH"},{"floor":24,"key":"REST"}],"neow_cost":"PERCENT_DAMAGE","seed_source_timestamp":756309380709775,"circlet_count":0,"master_deck":["Strike_R","Strike_R","Strike_R","Defend_R","Defend_R","Defend_R","Defend_R","Bash","Metallicize","Double Tap","Wild Strike+1","Iron Wave","Feed","Inflame","Reaper","Evolve+1","Cleave","Warcry","Feed","Shockwave","Flex+1","Shrug It Off","Purity","Shrug It Off","Second Wind","Seeing Red"],"relics":["Burning Blood","Magic Flower","Omamori","Self Forming Clay","Pen Nib","Orrery","Question Card","Du-Vu Doll"],"potions_floor_usage":[10,16,23,28,28],"damage_taken":[{"damage":1,"enemies":"2 Louse","floor":1,"turns":4},{"damage":0,"enemies":"Small Slimes","floor":4,"turns":5},{"damage":25,"enemies":"Gremlin Nob","floor":7,"turns":5},{"damage":17,"enemies":"Lagavulin","floor":10,"turns":5},{"damage":1,"enemies":"Cultist","floor":13,"turns":3},{"damage":15,"enemies":"Exordium Thugs","floor":14,"turns":4},{"damage":46,"enemies":"Hexaghost","floor":16,"turns":11},{"damage":20,"enemies":"3 Byrds","floor":18,"turns":6},{"damage":31,"enemies":"Spheric Guardian","floor":19,"turns":6},{"damage":62,"enemies":"Slavers","floor":23,"turns":6},{"damage":45,"enemies":"3 Cultists","floor":25,"turns":6},{"damage":53,"enemies":"Sentry and Sphere","floor":27,"turns":10},{"damage":44,"enemies":"Shelled Parasite and Fungi","floor":28,"turns":6}],"seed_played":"-205155712512901084","potions_obtained":[{"floor":1,"key":"SkillPotion"},{"floor":13,"key":"FearPotion"},{"floor":16,"key":"GamblersBrew"},{"floor":18,"key":"FairyPotion"},{"floor":19,"key":"Regen Potion"},{"floor":25,"key":"GamblersBrew"}],"is_trial":false,"path_per_floor":["M","?","$","M","?","R","E","?","T","E","$","?","M","M","R","B",null,"M","M","$","?","$","E","R","M","T","M","M"],"character_chosen":"IRONCLAD","items_purchased":["Wild Strike","Reaper","Evolve","Shrug It Off","Purity","Shrug It Off"],"campfire_rested":1,"item_purchase_floors":[3,11,11,20,20,22],"current_hp_per_floor":[59,59,59,68,68,68,52,41,41,33,33,33,47,41,41,22,66,60,43,43,43,43,31,58,63,63,30,0],"gold":122,"neow_bonus":"ONE_RARE_RELIC","is_prod":false,"is_daily":false,"chose_seed":false,"campfire_upgraded":2,"win_rate":0,"timestamp":1552921949,"path_taken":["M","?","$","M","?","R","E","?","T","E","$","?","?","M","R","BOSS","M","M","$","?","$","E","R","M","T","?","M"],"build_version":"2019-01-23","purchased_purges":0,"victory":false,"max_hp_per_floor":[80,80,80,80,80,80,80,80,80,80,80,80,80,80,80,80,80,83,86,86,86,86,92,92,95,95,98,98],"card_choices":[{"not_picked":["Body Slam","Flex"],"picked":"Metallicize","floor":1},{"not_picked":["Wild Strike","Hemokinesis"],"picked":"Iron Wave","floor":4},{"not_picked":["True Grit","Clothesline"],"picked":"Feed","floor":7},{"not_picked":["Warcry","Seeing Red"],"picked":"Inflame","floor":10},{"not_picked":["Double Tap","Fire Breathing"],"picked":"Cleave","floor":13},{"not_picked":["Wild Strike","Armaments"],"picked":"Warcry","floor":14},{"not_picked":["Juggernaut","Exhume"],"picked":"Feed","floor":16},{"not_picked":["Searing Blow","Havoc"],"picked":"Shockwave","floor":17},{"not_picked":["Dual Wield","Havoc+1","Armaments"],"picked":"SKIP","floor":18},{"not_picked":["Iron Wave","Havoc"],"picked":"Flex+1","floor":19},{"not_picked":["Brutality","Wild Strike"],"picked":"Second Wind","floor":23},{"not_picked":["Headbutt","Feel No Pain+1","Shockwave"],"picked":"Seeing Red","floor":25},{"not_picked":["Thunderclap","Dual Wield","Perfected Strike+1","Feel No Pain"],"picked":"SKIP","floor":27}],"player_experience":307212,"relics_obtained":[{"floor":7,"key":"Omamori"},{"floor":9,"key":"Self Forming Clay"},{"floor":10,"key":"Pen Nib"},{"floor":23,"key":"Question Card"},{"floor":26,"key":"Du-Vu Doll"}],"event_choices":[{"damage_healed":0,"gold_gain":0,"cards_transformed":["Strike_R"],"player_choice":"Change","damage_taken":0,"max_hp_gain":0,"max_hp_loss":0,"event_name":"Living Wall","floor":2,"gold_loss":0,"cards_obtained":["Double Tap"]},{"damage_healed":0,"gold_gain":0,"player_choice":"Ignored","damage_taken":0,"max_hp_gain":0,"max_hp_loss":0,"event_name":"Liars Game","floor":5,"gold_loss":0},{"damage_healed":0,"gold_gain":75,"player_choice":"Gather Gold","damage_taken":11,"max_hp_gain":0,"max_hp_loss":0,"event_name":"World of Goop","floor":8,"gold_loss":0},{"cards_removed":["Strike_R"],"damage_healed":0,"gold_gain":0,"player_choice":"Card Removal","damage_taken":0,"max_hp_gain":0,"max_hp_loss":0,"event_name":"Wheel of Change","floor":12,"gold_loss":0},{"damage_healed":0,"gold_gain":100,"player_choice":"Bet on Murderer","damage_taken":0,"max_hp_gain":0,"max_hp_loss":0,"event_name":"The Joust","floor":21,"gold_loss":50}],"is_beta":false,"boss_relics":[{"not_picked":["Sozu","Coffee Dripper"],"picked":"Orrery"}],"items_purged_floors":[],"is_endless":false,"potions_floor_spawned":[1,13,16,18,19,25],"killed_by":"Shelled Parasite and Fungi","ascension_level":6}