{"gold_per_floor":[19,31,83,100,100,135,135,194,218,218,246,246,271,284,284,355,355,369,384,384,6,6,6],"floor_reached":23,"playtime":1147,"items_purged":[],"score":459,"play_id":"daeb9460-b8a1-44ac-b065-fef87ed121c9","local_time":"20190323030845","is_ascension_mode":true,"campfire_choices":[{"floor":7.0,"key":"REST"},{"data":"Bash","floor":12.0,"key":"SMITH"},{"data":"Demon Form","floor":15.0,"key":"SMITH"}],"neow_cost":"NO_GOLD","seed_source_timestamp":10154597482323,"circlet_count":0,"master_deck":["AscendersBane","Strike_R","Strike_R","Defend_R+1","Defend_R","Defend_R","Defend_R","Bash+1","Hemokinesis","True Grit+1","Clothesline","Demon Form+1","Twin Strike","Parasite","Feed","Shrug It Off","Offering","Disarm","Anger","Second Wind","Evolve","PanicButton","Decay"],"special_seed":0,"relics":["Burning Blood","Incense Burner","War Paint","Tiny Chest","Ancient Tea Set","Singing Bowl","Lantern","Orrery","Meat on the Bone"],"potions_floor_usage":[],"damage_taken":[{"damage":14.0,"enemies":"Small Slimes","floor":1.0,"turns":4.0},{"damage":3.0,"enemies":"2 Louse","floor":2.0,"turns":4.0},{"damage":5.0,"enemies":"Jaw Worm","floor":4.0,"turns":6.0},{"damage":24.0,"enemies":"Gremlin Nob","floor":6.0,"turns":5.0},{"damage":39.0,"enemies":"3 Sentries","floor":8.0,"turns":7.0},{"damage":1.0,"enemies":"Lagavulin","floor":11.0,"turns":7.0},{"damage":31.0,"enemies":"Gremlin Nob","floor":13.0,"turns":5.0},{"damage":12.0,"enemies":"Exordium Wildlife","floor":14.0,"turns":4.0},{"damage":31.0,"enemies":"Slime Boss","floor":16.0,"turns":11.0},{"damage":56.0,"enemies":"3 Byrds","floor":18.0,"turns":12.0},{"damage":17.0,"enemies":"Shell Parasite","floor":19.0,"turns":8.0},{"damage":0,"enemies":"Gremlin Leader","floor":23,"turns":1}],"seed_played":"-1907496053128166017","potions_obtained":[{"floor":6.0,"key":"Block Potion"},{"floor":11.0,"key":"AttackPotion"},{"floor":14.0,"key":"SpeedPotion"},{"floor":16.0,"key":"Poison Potion"}],"is_trial":false,"path_per_floor":["M","M","?","M","?","E","R","E","T","?","E","R","E","M","R","B",null,"M","M","?","$","?","E"],"character_chosen":"IRONCLAD","items_purchased":["Meat on the Bone","PanicButton"],"campfire_rested":1,"item_purchase_floors":[21,21],"current_hp_per_floor":[60,63,63,64,64,46,68,35,35,53,58,58,33,32,32,7,68,23,17,17,17,17,17],"gold":6,"neow_bonus":"ONE_RARE_RELIC","is_prod":false,"is_daily":false,"chose_seed":false,"campfire_upgraded":2,"win_rate":0,"timestamp":1553324925,"path_taken":["M","M","?","M","?","E","R","E","T","?","E","R","E","M","R","BOSS","M","M","?","$","?","E"],"build_version":"2019-03-15","purchased_purges":0,"victory":false,"max_hp_per_floor":[75,75,75,75,75,75,75,75,75,75,75,75,75,80,80,80,86,91,96,96,96,96,96],"card_choices":[{"not_picked":["Twin Strike","Cleave"],"picked":"Hemokinesis","floor":1.0},{"not_picked":["Berserk","Reckless Charge"],"picked":"True Grit","floor":2.0},{"not_picked":["Shrug It Off","True Grit"],"picked":"Clothesline","floor":4.0},{"not_picked":["Heavy Blade","Twin Strike","Havoc"],"picked":"SKIP","floor":6.0},{"not_picked":["Heavy Blade","Havoc"],"picked":"Twin Strike","floor":6.0},{"not_picked":["Dual Wield","Inflame","Clash"],"picked":"SKIP","floor":8.0},{"not_picked":["Havoc","Clothesline"],"picked":"Feed","floor":11.0},{"not_picked":["Twin Strike","Iron Wave"],"picked":"Shrug It Off","floor":13.0},{"not_picked":["Heavy Blade","Combust","Anger"],"picked":"Singing Bowl","floor":14.0},{"not_picked":["Barricade","Juggernaut"],"picked":"Offering","floor":16.0},{"not_picked":["Burning Pact","Metallicize","Intimidate"],"picked":"Singing Bowl","floor":17.0},{"not_picked":["Pummel","Searing Blow"],"picked":"Disarm","floor":17.0},{"not_picked":["True Grit","Clothesline","Thunderclap"],"picked":"Singing Bowl","floor":17.0},{"not_picked":["Shrug It Off","Pommel Strike","Headbutt"],"picked":"Singing Bowl","floor":17.0},{"not_picked":["Perfected Strike","Sword Boomerang"],"picked":"Anger","floor":17.0},{"not_picked":["Flex","Clash","Warcry+1"],"picked":"Singing Bowl","floor":18.0},{"not_picked":["Anger","Headbutt","Hemokinesis"],"picked":"Singing Bowl","floor":19.0}],"player_experience":920334,"relics_obtained":[{"floor":6.0,"key":"War Paint"},{"floor":8.0,"key":"Tiny Chest"},{"floor":9.0,"key":"Ancient Tea Set"},{"floor":11.0,"key":"Singing Bowl"},{"floor":13.0,"key":"Lantern"}],"event_choices":[{"damage_healed":0.0,"max_hp_gain":0.0,"max_hp_loss":0.0,"gold_gain":52.0,"event_name":"Golden Wing","player_choice":"Gained Gold","floor":3.0,"gold_loss":0.0,"damage_taken":0.0},{"damage_healed":0.0,"max_hp_gain":0.0,"max_hp_loss":0.0,"gold_gain":0.0,"cards_transformed":["Strike_R"],"event_name":"Living Wall","player_choice":"Change","floor":5.0,"gold_loss":0.0,"damage_taken":0.0,"cards_obtained":["Demon Form"]},{"damage_healed":18.0,"max_hp_gain":0.0,"max_hp_loss":0.0,"gold_gain":0.0,"event_name":"Mushrooms","player_choice":"Healed and dodged fight","floor":10.0,"gold_loss":0.0,"damage_taken":0.0,"cards_obtained":["Parasite"]},{"damage_healed":0.0,"max_hp_gain":0.0,"max_hp_loss":0.0,"gold_gain":0.0,"cards_transformed":["Strike_R","Strike_R"],"event_name":"Drug Dealer","player_choice":"Became Test Subject","floor":20.0,"gold_loss":0.0,"damage_taken":0.0,"cards_obtained":["Second Wind","Evolve"]},{"damage_healed":0,"gold_gain":0,"player_choice":"Smashed Altar","damage_taken":0,"max_hp_gain":0,"max_hp_loss":0,"event_name":"Forgotten Altar","floor":22,"gold_loss":0,"cards_obtained":["Decay"]}],"is_beta":true,"boss_relics":[{"not_picked":["Coffee Dripper","Eternal Feather"],"picked":"Orrery"}],"items_purged_floors":[],"is_endless":false,"potions_floor_spawned":[6,11,14,16],"killed_by":"Gremlin Leader","ascension_level":20}