{"gold_per_floor":[118,131,206,219,219,394,394,413,436,322,339,84,84,94,94,189,189,205,52,152,152,152,152,169,185,235,251,263,279,292,292],"floor_reached":31,"playtime":2224,"items_purged":["Strike_R","Strike_R"],"score":233,"play_id":"e9d4372a-a2ff-4dca-af90-51602262d6d9","local_time":"20190322200318","is_ascension_mode":false,"campfire_choices":[{"data":"Shrug It Off","floor":7.0,"key":"SMITH"},{"data":"Inflame","floor":13.0,"key":"SMITH"},{"data":"Heavy Blade","floor":15.0,"key":"SMITH"},{"floor":23.0,"key":"REST"}],"neow_cost":"NONE","seed_source_timestamp":0,"circlet_count":0,"master_deck":["Strike_R","Strike_R","Strike_R","Defend_R","Defend_R","Defend_R","Defend_R+1","Bash","Armaments+1","Shrug It Off+1","Heavy Blade","Inflame+1","Heavy Blade+1","Inflame","Demon Form","Armaments","Pommel Strike","Pommel Strike","Flex+1","Anger","Pommel Strike","Twin Strike+1","Ghostly Armor","Iron Wave+1","Double Tap"],"special_seed":0,"relics":["Burning Blood","Omamori","War Paint","Dream Catcher","Bronze Scales","Black Star","Red Skull","Charon\u0027s Ashes","Kunai","Bag of Preparation"],"potions_floor_usage":[28],"damage_taken":[{"damage":7.0,"enemies":"Small Slimes","floor":1.0,"turns":4.0},{"damage":6.0,"enemies":"Jaw Worm","floor":2.0,"turns":4.0},{"damage":1.0,"enemies":"Cultist","floor":4.0,"turns":4.0},{"damage":2.0,"enemies":"Blue Slaver","floor":8.0,"turns":6.0},{"damage":6.0,"enemies":"Exordium Thugs","floor":11.0,"turns":7.0},{"damage":3.0,"enemies":"Large Slime","floor":14.0,"turns":5.0},{"damage":24.0,"enemies":"Slime Boss","floor":16.0,"turns":9.0},{"damage":0.0,"enemies":"Chosen","floor":18.0,"turns":5.0},{"damage":33.0,"enemies":"Colosseum Slavers","floor":20.0,"turns":6.0},{"damage":25.0,"enemies":"Colosseum Nobs","floor":20.0,"turns":4.0},{"damage":15.0,"enemies":"3 Byrds","floor":22.0,"turns":3.0},{"damage":9.0,"enemies":"Centurion and Healer","floor":24.0,"turns":5.0},{"damage":4.0,"enemies":"Snecko","floor":25.0,"turns":4.0},{"damage":15.0,"enemies":"Shelled Parasite and Fungi","floor":27.0,"turns":7.0},{"damage":0,"enemies":"Snake Plant","floor":28,"turns":2},{"damage":25,"enemies":"Centurion and Healer","floor":29,"turns":5},{"damage":12,"enemies":"Cultist and Chosen","floor":30,"turns":4},{"damage":21,"enemies":"Snake Plant","floor":31,"turns":2}],"seed_played":"-4604732502743765388","potions_obtained":[{"floor":2.0,"key":"Regen Potion"},{"floor":4.0,"key":"SteroidPotion"},{"floor":11.0,"key":"Fire Potion"},{"floor":25.0,"key":"GamblersBrew"},{"floor":28,"key":"Strength Potion"}],"is_trial":false,"path_per_floor":["M","M","?","M","?","?","R","M","T","$","M","$","R","M","R","B",null,"M","$","?","?","M","R","M","M","T","M","M","M","M","M"],"character_chosen":"IRONCLAD","items_purchased":["Inflame","Bronze Scales","Red Skull"],"campfire_rested":1,"item_purchase_floors":[10,12,19],"current_hp_per_floor":[79,79,68,73,73,73,73,77,77,77,77,77,77,80,80,62,80,80,80,34,19,22,47,44,46,46,37,43,24,18,0],"gold":292,"neow_bonus":"RANDOM_COMMON_RELIC","is_prod":false,"is_daily":false,"chose_seed":false,"campfire_upgraded":3,"win_rate":0,"timestamp":1553302998,"path_taken":["M","M","?","M","?","?","R","M","T","$","M","$","R","M","R","BOSS","M","$","?","?","M","R","?","M","T","M","M","M","M","M"],"build_version":"2019-01-23","purchased_purges":2,"victory":false,"max_hp_per_floor":[80,80,80,80,80,80,80,80,80,80,80,80,80,80,80,80,80,80,80,80,85,85,85,85,85,85,85,85,85,85,85],"card_choices":[{"not_picked":["True Grit","Clash","Carnage"],"picked":"SKIP","floor":1.0},{"not_picked":["Clothesline","Headbutt"],"picked":"Armaments","floor":2.0},{"not_picked":["Flame Barrier","Burning Pact"],"picked":"Shrug It Off","floor":4.0},{"not_picked":["Pummel","Carnage"],"picked":"Heavy Blade","floor":8.0},{"not_picked":["Evolve","Shrug It Off"],"picked":"Heavy Blade","floor":11.0},{"not_picked":["Anger","Pommel Strike"],"picked":"Inflame","floor":14.0},{"not_picked":["Bludgeon","Impervious"],"picked":"Demon Form","floor":16.0},{"not_picked":["Sentinel","Second Wind"],"picked":"Armaments","floor":18.0},{"not_picked":["Havoc+1","Clothesline"],"picked":"Pommel Strike","floor":20.0},{"not_picked":["True Grit","Clash+1"],"picked":"Pommel Strike","floor":22.0},{"not_picked":["Rupture","Clothesline+1"],"picked":"Flex+1","floor":23.0},{"not_picked":["Fire Breathing","Wild Strike"],"picked":"Anger","floor":24.0},{"not_picked":["Cleave","Clothesline"],"picked":"Pommel Strike","floor":25.0},{"not_picked":["Rampage","True Grit+1"],"picked":"Twin Strike+1","floor":27.0},{"not_picked":["Clothesline","Searing Blow"],"picked":"Ghostly Armor","floor":28},{"not_picked":["Corruption","Disarm"],"picked":"Iron Wave+1","floor":29},{"not_picked":["Pommel Strike","Shockwave+1"],"picked":"Double Tap","floor":30}],"player_experience":65640,"relics_obtained":[{"floor":9.0,"key":"Dream Catcher"},{"floor":20.0,"key":"Charon\u0027s Ashes"},{"floor":20.0,"key":"Kunai"},{"floor":26.0,"key":"Bag of Preparation"}],"event_choices":[{"damage_healed":0.0,"max_hp_gain":0.0,"max_hp_loss":0.0,"gold_gain":75.0,"event_name":"World of Goop","player_choice":"Gather Gold","floor":3.0,"gold_loss":0.0,"damage_taken":11.0},{"damage_healed":0.0,"max_hp_gain":0.0,"max_hp_loss":0.0,"gold_gain":0.0,"event_name":"Big Fish","player_choice":"Box","floor":5.0,"gold_loss":0.0,"damage_taken":0.0,"relics_obtained":["War Paint"],"cards_obtained":["Regret"]},{"damage_healed":0.0,"max_hp_gain":0.0,"max_hp_loss":0.0,"gold_gain":175.0,"event_name":"Liars Game","player_choice":"AGREE","floor":6.0,"gold_loss":0.0,"damage_taken":0.0,"cards_obtained":["Doubt"]},{"damage_healed":0.0,"max_hp_gain":0.0,"max_hp_loss":0.0,"gold_gain":0.0,"event_name":"Colosseum","player_choice":"Fight","floor":20.0,"gold_loss":0.0,"damage_taken":0.0},{"damage_healed":0.0,"max_hp_gain":0.0,"max_hp_loss":0.0,"gold_gain":0.0,"event_name":"Colosseum","player_choice":"Fought Nobs","floor":20.0,"gold_loss":0.0,"damage_taken":0.0},{"damage_healed":0.0,"max_hp_gain":5.0,"max_hp_loss":0.0,"gold_gain":0.0,"event_name":"Forgotten Altar","player_choice":"Shed Blood","floor":21.0,"gold_loss":0.0,"damage_taken":20.0}],"is_beta":false,"boss_relics":[{"not_picked":["Black Blood","Mark of Pain"],"picked":"Black Star"}],"items_purged_floors":[10,12],"is_endless":false,"potions_floor_spawned":[2,4,11,14,20,20,25,28,29],"killed_by":"Snake Plant","ascension_level":0}