{"gold_per_floor":[117,128,145,145,145,145,176,196,196,196,196,214,233,268,268,364,364,379,334,90,106,106],"floor_reached":22,"playtime":586,"items_purged":["Strike_G"],"score":396,"play_id":"c7c35529-efa8-49ef-90a8-bd66b16d0fa7","local_time":"20190118004352","is_ascension_mode":true,"campfire_choices":[{"data":"Poisoned Stab","floor":6.0,"key":"SMITH"},{"data":"Neutralize","floor":10,"key":"SMITH"},{"data":"Catalyst","floor":15,"key":"SMITH"}],"neow_cost":"NONE","seed_source_timestamp":629651257540836,"circlet_count":0,"master_deck":["AscendersBane","Defend_G","Defend_G","Defend_G","Defend_G","Defend_G","Strike_G","Strike_G","Strike_G","Strike_G","Survivor","Neutralize+1","Poisoned Stab+1","Poisoned Stab","Deadly Poison","Burst","Backstab","Catalyst+1","Malaise","Backflip","Deflect+1"],"special_seed":0,"relics":["Ring of the Snake","Happy Flower","Golden Idol","Bag of Preparation","Pear","Nunchaku","Sundial","Sozu","Bag of Marbles"],"potions_floor_usage":[7,7,7,14,16],"damage_taken":[{"damage":0.0,"enemies":"Cultist","floor":1.0,"turns":5.0},{"damage":4.0,"enemies":"Small Slimes","floor":2.0,"turns":6.0},{"damage":1.0,"enemies":"2 Louse","floor":3.0,"turns":3.0},{"damage":8,"enemies":"Gremlin Nob","floor":7,"turns":3},{"damage":0,"enemies":"2 Fungi Beasts","floor":8,"turns":3},{"damage":0,"enemies":"Looter","floor":12,"turns":3},{"damage":1,"enemies":"Large Slime","floor":13,"turns":5},{"damage":6,"enemies":"Lagavulin","floor":14,"turns":4},{"damage":1,"enemies":"Hexaghost","floor":16,"turns":7},{"damage":5,"enemies":"Shell Parasite","floor":18,"turns":5},{"damage":13,"enemies":"2 Thieves","floor":19,"turns":5},{"damage":21,"enemies":"Chosen and Byrds","floor":21,"turns":7},{"damage":21,"enemies":"Cultist and Chosen","floor":22,"turns":5}],"seed_played":"7986318886408172705","potions_obtained":[{"floor":2.0,"key":"Poison Potion"},{"floor":3.0,"key":"EntropicBrew"},{"floor":7,"key":"Ancient Potion"},{"floor":13,"key":"PowerPotion"},{"floor":16,"key":"Dexterity Potion"}],"is_trial":false,"path_per_floor":["M","M","M","?","?","R","E","M","T","R","?","M","M","E","R","B",null,"M","M","$","M","M"],"character_chosen":"THE_SILENT","items_purchased":["Bag of Marbles"],"campfire_rested":0,"item_purchase_floors":[20],"current_hp_per_floor":[59,55,54,31,53,53,45,45,55,55,20,20,19,13,13,12,60,55,42,42,21,0],"gold":106,"neow_bonus":"RANDOM_COMMON_RELIC","is_prod":false,"is_daily":false,"chose_seed":false,"campfire_upgraded":3,"win_rate":0,"timestamp":1547739832,"path_taken":["M","?","M","?","?","R","E","M","T","R","?","M","M","E","R","BOSS","M","M","$","M","M"],"build_version":"2019-01-10","purchased_purges":1,"victory":false,"max_hp_per_floor":[66,66,66,66,66,66,66,66,76,76,76,76,76,76,76,76,76,76,76,76,76,76],"card_choices":[{"not_picked":["Underhanded Strike","Expertise"],"picked":"Poisoned Stab","floor":1.0},{"not_picked":["Sucker Punch","Heel Hook"],"picked":"Poisoned Stab","floor":2.0},{"not_picked":["Concentrate","Predator"],"picked":"Deadly Poison","floor":3.0},{"not_picked":["Endless Agony","Outmaneuver"],"picked":"Burst","floor":7},{"not_picked":["Blade Dance","Flechettes"],"picked":"Backstab","floor":8},{"not_picked":["Prepared","Dagger Throw"],"picked":"Catalyst","floor":12},{"not_picked":["Bane","Dagger Spray","Prepared"],"picked":"SKIP","floor":13},{"not_picked":["Sucker Punch","Outmaneuver","Blade Dance"],"picked":"SKIP","floor":14},{"not_picked":["Doppelganger","Die Die Die"],"picked":"Malaise","floor":16},{"not_picked":["Slice+1","Predator","Bane"],"picked":"SKIP","floor":18},{"not_picked":["Deadly Poison","Deflect"],"picked":"Backflip","floor":19},{"not_picked":["Infinite Blades","PiercingWail"],"picked":"Deflect+1","floor":21}],"player_experience":4117097,"relics_obtained":[{"floor":7,"key":"Bag of Preparation"},{"floor":9,"key":"Pear"},{"floor":14,"key":"Sundial"}],"event_choices":[{"damage_healed":0.0,"max_hp_gain":0.0,"max_hp_loss":0.0,"gold_gain":0.0,"event_name":"Golden Idol","player_choice":"Take Damage","floor":4.0,"gold_loss":0.0,"damage_taken":23.0,"relics_obtained":["Golden Idol"]},{"damage_healed":22.0,"max_hp_gain":0.0,"max_hp_loss":0.0,"gold_gain":0.0,"event_name":"Big Fish","player_choice":"Banana","floor":5.0,"gold_loss":0.0,"damage_taken":0.0},{"damage_healed":0,"gold_gain":0,"player_choice":"Success","damage_taken":35,"relics_obtained":["Nunchaku"],"max_hp_gain":0,"max_hp_loss":0,"event_name":"Scrap Ooze","floor":11,"gold_loss":0}],"is_beta":false,"boss_relics":[{"not_picked":["Orrery","Ring of the Serpent"],"picked":"Sozu"}],"items_purged_floors":[20],"is_endless":false,"potions_floor_spawned":[2,3,7,8,13,16,19],"killed_by":"Cultist and Chosen","ascension_level":20}