{"gold_per_floor":[112,112,122,138,213,241,241,241,241,258,275,294,294,312,312,388,388,406,406,423,523,112,112,122,156,156,431,41,52,67,87,87,159,159,174,174,174,186,202,202,217,251,251,298,326,93,93,113,113,113,113,113,113,32,61,61],"floor_reached":57,"playtime":3027,"items_purged":["Strike_G","Regret"],"score":2747,"play_id":"aac1d22e-988e-4752-9c53-99fd380b462e","local_time":"20190213011412","is_ascension_mode":true,"campfire_choices":[{"data":"Blade Dance","floor":13.0,"key":"SMITH"},{"floor":15.0,"key":"REST"},{"floor":23.0,"key":"REST"},{"floor":32.0,"key":"REST"},{"data":"Envenom","floor":40.0,"key":"SMITH"},{"floor":47,"key":"RECALL"},{"floor":49,"key":"REST"},{"data":"Infinite Blades","floor":53,"key":"SMITH"}],"neow_cost":"PERCENT_DAMAGE","seed_source_timestamp":1143440823743200,"circlet_count":0,"master_deck":["AscendersBane","Defend_G","Defend_G","Defend_G","Strike_G","Strike_G","Strike_G","Survivor","Neutralize","Cloak And Dagger","Dash","Terror","Infinite Blades","Dash","Blade Dance+1","PiercingWail","Backflip","Malaise","Backstab","Blade Dance","Infinite Blades+1","Storm of Steel","Panache","Malaise","PiercingWail","Envenom+1","Panacea","Blade Dance+1","PiercingWail+1","Crippling Poison","Prepared+1","Parasite","Footwork","Sucker Punch+1","Leg Sweep+1"],"special_seed":0,"relics":["Ring of the Snake","Dead Branch","NlothsMask","Runic Dome","Ice Cream","Pantograph","Membership Card","Paper Crane","Meat on the Bone","Art of War","Oddly Smooth Stone","Cursed Key","Bottled Lightning","Thread and Needle","Potion Belt","Toy Ornithopter","Strawberry","FossilizedHelix"],"potions_floor_usage":[46,55,56,56,56],"damage_taken":[{"damage":1.0,"enemies":"Small Slimes","floor":1.0,"turns":4.0},{"damage":0.0,"enemies":"Cultist","floor":3.0,"turns":4.0},{"damage":0.0,"enemies":"2 Louse","floor":4.0,"turns":3.0},{"damage":21.0,"enemies":"Gremlin Nob","floor":6.0,"turns":4.0},{"damage":5.0,"enemies":"Red Slaver","floor":10.0,"turns":3.0},{"damage":0.0,"enemies":"2 Fungi Beasts","floor":11.0,"turns":4.0},{"damage":2.0,"enemies":"3 Louse","floor":12.0,"turns":3.0},{"damage":0.0,"enemies":"Lots of Slimes","floor":14.0,"turns":4.0},{"damage":12.0,"enemies":"Slime Boss","floor":16.0,"turns":7.0},{"damage":6.0,"enemies":"3 Byrds","floor":18.0,"turns":4.0},{"damage":0.0,"enemies":"2 Thieves","floor":20.0,"turns":2.0},{"damage":11.0,"enemies":"Colosseum Slavers","floor":21.0,"turns":3.0},{"damage":13.0,"enemies":"Colosseum Nobs","floor":21.0,"turns":6.0},{"damage":1.0,"enemies":"Snake Plant","floor":24.0,"turns":7.0},{"damage":8.0,"enemies":"Slavers","floor":25.0,"turns":8.0},{"damage":25.0,"enemies":"Centurion and Healer","floor":29.0,"turns":6.0},{"damage":0.0,"enemies":"Sentry and Sphere","floor":30.0,"turns":4.0},{"damage":0.0,"enemies":"3 Cultists","floor":31.0,"turns":2.0},{"damage":14.0,"enemies":"Champ","floor":33.0,"turns":7.0},{"damage":0.0,"enemies":"3 Shapes","floor":35.0,"turns":7.0},{"damage":16.0,"enemies":"3 Darklings","floor":38.0,"turns":4.0},{"damage":14.0,"enemies":"Maw","floor":39.0,"turns":5.0},{"damage":0.0,"enemies":"Spire Growth","floor":41.0,"turns":4.0},{"damage":24.0,"enemies":"Nemesis","floor":42.0,"turns":7.0},{"damage":22,"enemies":"2 Orb Walkers","floor":44,"turns":4},{"damage":2,"enemies":"Giant Head","floor":45,"turns":6},{"damage":16,"enemies":"Transient","floor":48,"turns":6},{"damage":17,"enemies":"Donu and Deca","floor":50,"turns":6},{"damage":42,"enemies":"Awakened One","floor":51,"turns":13},{"damage":19,"enemies":"Shield and Spear","floor":55,"turns":6},{"damage":72,"enemies":"The Heart","floor":56,"turns":10}],"seed_played":"4049901808712680262","potions_obtained":[{"floor":3.0,"key":"Weak Potion"},{"floor":11.0,"key":"Swift Potion"},{"floor":14.0,"key":"Weak Potion"},{"floor":16.0,"key":"Dexterity Potion"},{"floor":24.0,"key":"Weak Potion"},{"floor":39.0,"key":"SneckoOil"},{"floor":41.0,"key":"Ancient Potion"},{"floor":44,"key":"SteroidPotion"},{"floor":48,"key":"Weak Potion"}],"is_trial":false,"path_per_floor":["M","?","M","M","?","E","?","?","T","M","M","M","R","M","R","B",null,"M","?","M","?","$","R","M","E","T","?","$","M","M","M","R","B",null,"M","?","?","M","M","R","M","E","T","?","E","$","R","M","R","B","B",null,"R","$","E","B",null],"character_chosen":"THE_SILENT","items_purchased":["Membership Card","Paper Crane","Oddly Smooth Stone","Infinite Blades","Storm of Steel","Strength Potion","Panache","Toy Ornithopter","Fruit Juice","GhostInAJar","SpeedPotion","Strawberry"],"campfire_rested":4,"item_purchase_floors":[22,22,28,28,28,28,28,46,46,46,46,54],"current_hp_per_floor":[43,43,43,43,32,11,33,33,33,28,28,26,26,26,45,33,58,52,52,52,28,28,47,46,38,38,38,38,25,37,37,56,52,63,63,63,63,47,45,45,45,33,33,23,33,43,43,39,60,54,41,64,64,71,57,18],"gold":61,"neow_bonus":"REMOVE_TWO","is_prod":false,"is_daily":false,"chose_seed":false,"campfire_upgraded":3,"win_rate":0,"timestamp":1549988052,"path_taken":["M","?","M","?","?","E","?","?","T","M","M","?","R","M","R","BOSS","M","?","M","?","$","R","M","E","T","?","$","M","M","?","R","BOSS","M","?","?","M","M","R","M","E","T","?","E","$","R","M","R","BOSS","BOSS","R","$","E","BOSS"],"build_version":"2019-01-23","purchased_purges":2,"victory":true,"max_hp_per_floor":[66,66,66,66,66,66,66,66,66,66,66,66,66,66,66,66,66,66,66,66,66,66,66,66,66,66,66,66,66,66,66,66,66,66,66,66,66,66,66,66,66,66,66,66,66,71,71,71,71,71,71,71,71,78,78,78],"card_choices":[{"not_picked":["Prepared","PiercingWail"],"picked":"Cloak And Dagger","floor":1.0},{"not_picked":["Deflect","Flying Knee"],"picked":"Dash","floor":3.0},{"not_picked":["Accuracy","Slice"],"picked":"Terror","floor":4.0},{"not_picked":["Expertise","Slice"],"picked":"Infinite Blades","floor":6.0},{"not_picked":["Flying Knee","Backflip"],"picked":"Dash","floor":10.0},{"not_picked":["Underhanded Strike","Eviscerate"],"picked":"Blade Dance","floor":11.0},{"not_picked":["Slice","Terror"],"picked":"PiercingWail","floor":12.0},{"not_picked":["Dash","Prepared"],"picked":"Backflip","floor":14.0},{"not_picked":["Phantasmal Killer","Unload"],"picked":"Malaise","floor":16.0},{"not_picked":["Bane","Accuracy","Expertise"],"picked":"SKIP","floor":18.0},{"not_picked":["Prepared","Flying Knee","Acrobatics"],"picked":"SKIP","floor":20.0},{"not_picked":["Cloak And Dagger","Bane+1"],"picked":"Backstab","floor":24.0},{"not_picked":["Poisoned Stab","Noxious Fumes"],"picked":"Blade Dance","floor":25.0},{"not_picked":["Calculated Gamble","Catalyst"],"picked":"Malaise","floor":29.0},{"not_picked":["Bouncing Flask","Heel Hook+1"],"picked":"PiercingWail","floor":30.0},{"not_picked":["Deflect","Bane","Expertise"],"picked":"SKIP","floor":31.0},{"not_picked":["Phantasmal Killer","Corpse Explosion"],"picked":"Envenom","floor":33.0},{"not_picked":["Quick Slash+1","PiercingWail","Cloak And Dagger"],"picked":"SKIP","floor":35.0},{"not_picked":["Good Instincts","Mind Blast"],"picked":"Panacea","floor":37.0},{"not_picked":["Slice","Masterful Stab+1"],"picked":"Blade Dance+1","floor":38.0},{"not_picked":["Prepared+1","Acrobatics"],"picked":"PiercingWail+1","floor":39.0},{"not_picked":["Dash","Eviscerate"],"picked":"Crippling Poison","floor":41.0},{"not_picked":["Acrobatics","Blade Dance"],"picked":"Prepared+1","floor":42.0},{"not_picked":["Dodge and Roll","Well Laid Plans"],"picked":"Footwork","floor":45},{"not_picked":["Envenom","Dodge and Roll"],"picked":"Sucker Punch+1","floor":48},{"not_picked":["Calculated Gamble","Riddle With Holes+1"],"picked":"Leg Sweep+1","floor":55}],"player_experience":4275215,"relics_obtained":[{"floor":6.0,"key":"Dead Branch"},{"floor":21.0,"key":"Ice Cream"},{"floor":21.0,"key":"Pantograph"},{"floor":25.0,"key":"Meat on the Bone"},{"floor":26.0,"key":"Art of War"},{"floor":42.0,"key":"Bottled Lightning"},{"floor":44,"key":"Thread and Needle"},{"floor":45,"key":"Potion Belt"},{"floor":55,"key":"FossilizedHelix"}],"event_choices":[{"cards_removed":["Defend_G"],"damage_healed":0.0,"max_hp_gain":0.0,"max_hp_loss":0.0,"gold_gain":0.0,"event_name":"Bonfire Elementals","player_choice":"Offered Basic","floor":2.0,"gold_loss":0.0,"damage_taken":0.0},{"damage_healed":0.0,"max_hp_gain":0.0,"max_hp_loss":0.0,"gold_gain":75.0,"event_name":"World of Goop","player_choice":"Gather Gold","floor":5.0,"gold_loss":0.0,"damage_taken":11.0},{"damage_healed":22.0,"max_hp_gain":0.0,"max_hp_loss":0.0,"gold_gain":0.0,"event_name":"Big Fish","player_choice":"Banana","floor":7.0,"gold_loss":0.0,"damage_taken":0.0},{"damage_healed":0.0,"max_hp_gain":0.0,"max_hp_loss":0.0,"gold_gain":0.0,"event_name":"FaceTrader","player_choice":"Trade","floor":8.0,"gold_loss":0.0,"damage_taken":0.0,"relics_obtained":["NlothsMask"]},{"damage_healed":0.0,"max_hp_gain":0.0,"max_hp_loss":0.0,"gold_gain":0.0,"event_name":"Vampires","player_choice":"Ignored","floor":19.0,"gold_loss":0.0,"damage_taken":0.0},{"damage_healed":0.0,"max_hp_gain":0.0,"max_hp_loss":0.0,"gold_gain":0.0,"event_name":"Colosseum","player_choice":"Fight","floor":21.0,"gold_loss":0.0,"damage_taken":0.0},{"damage_healed":0.0,"max_hp_gain":0.0,"max_hp_loss":0.0,"gold_gain":0.0,"event_name":"Colosseum","player_choice":"Fought Nobs","floor":21.0,"gold_loss":0.0,"damage_taken":0.0},{"damage_healed":0.0,"max_hp_gain":0.0,"max_hp_loss":0.0,"gold_gain":275.0,"event_name":"Golden Shrine","player_choice":"Desecrate","floor":27.0,"gold_loss":0.0,"damage_taken":0.0,"cards_obtained":["Regret"]},{"damage_healed":0.0,"max_hp_gain":0.0,"max_hp_loss":0.0,"gold_gain":0.0,"event_name":"Tomb of Lord Red Mask","player_choice":"Ignored","floor":36.0,"gold_loss":0.0,"damage_taken":0.0},{"damage_healed":0.0,"max_hp_gain":0.0,"max_hp_loss":0.0,"gold_gain":0.0,"event_name":"SensoryStone","player_choice":"Memory 1","floor":37.0,"gold_loss":0.0,"damage_taken":0.0},{"damage_healed":0,"gold_gain":0,"player_choice":"Fight","damage_taken":0,"max_hp_gain":0,"max_hp_loss":0,"event_name":"Mysterious Sphere","floor":44,"gold_loss":0}],"is_beta":false,"boss_relics":[{"not_picked":["Calling Bell","Eternal Feather"],"picked":"Runic Dome"},{"not_picked":["Black Star","Sozu"],"picked":"Cursed Key"}],"items_purged_floors":[22,28],"is_endless":false,"potions_floor_spawned":[3,11,14,16,18,20,24,29,31,39,41,44,48],"ascension_level":20}