{"gold_per_floor":[116,116,134,1,1,1,40,40,40,40,81,81,117,141,141,235,235,259,259,40,71,21,21,56,69,96,96,112,127,147,165,165,260,260,283,66,90,90,113,113],"floor_reached":40,"playtime":1863,"items_purged":["Strike_R","Strike_R+1"],"score":898,"play_id":"430908b4-4816-406b-b588-a088661325d4","local_time":"20181106222245","is_ascension_mode":true,"campfire_choices":[{"data":"Heavy Blade","floor":6.0,"key":"SMITH"},{"data":"Clothesline","floor":8.0,"key":"SMITH"},{"floor":12.0,"key":"REST"},{"data":"Inflame","floor":15.0,"key":"SMITH"},{"data":"Whirlwind","floor":23.0,"key":"SMITH"},{"data":"Flame Barrier","floor":27.0,"key":"SMITH"},{"floor":32.0,"key":"RECALL"}],"neow_cost":"NONE","seed_source_timestamp":0,"circlet_count":0,"master_deck":["AscendersBane","Strike_R+1","Strike_R+1","Strike_R+1","Defend_R+1","Defend_R+1","Defend_R+1","Defend_R+1","Bash+1","True Grit+1","Heavy Blade+1","Twin Strike","Clothesline+1","Reaper","Inflame+1","Impervious","Whirlwind+1","Flame Barrier+1","Shrug It Off","Headbutt","Demon Form","Flame Barrier+1"],"special_seed":0,"relics":["Black Blood","Golden Idol","Ice Cream","Lantern","Happy Flower","Busted Crown","Red Mask","Bag of Preparation","Potion Belt","DollysMirror"],"potions_floor_usage":[40],"damage_taken":[{"damage":9.0,"enemies":"Small Slimes","floor":1.0,"turns":5.0},{"damage":4.0,"enemies":"Jaw Worm","floor":3.0,"turns":5.0},{"damage":48.0,"enemies":"3 Sentries","floor":7.0,"turns":13.0},{"damage":6.0,"enemies":"Lagavulin","floor":11.0,"turns":6.0},{"damage":16.0,"enemies":"Gremlin Nob","floor":13.0,"turns":4.0},{"damage":3.0,"enemies":"2 Louse","floor":14.0,"turns":4.0},{"damage":48.0,"enemies":"Hexaghost","floor":16.0,"turns":11.0},{"damage":20.0,"enemies":"Shell Parasite","floor":18.0,"turns":5.0},{"damage":27.0,"enemies":"Masked Bandits","floor":21.0,"turns":5.0},{"damage":40.0,"enemies":"Book of Stabbing","floor":24.0,"turns":6.0},{"damage":0.0,"enemies":"3 Byrds","floor":25.0,"turns":3.0},{"damage":0.0,"enemies":"3 Cultists","floor":28.0,"turns":2.0},{"damage":10.0,"enemies":"Snecko","floor":29.0,"turns":6.0},{"damage":0.0,"enemies":"Centurion and Healer","floor":30.0,"turns":3.0},{"damage":2.0,"enemies":"Snake Plant","floor":31.0,"turns":4.0},{"damage":20.0,"enemies":"Automaton","floor":33.0,"turns":10.0},{"damage":1.0,"enemies":"3 Shapes","floor":35.0,"turns":7.0},{"damage":0.0,"enemies":"Orb Walker","floor":37.0,"turns":3.0},{"damage":30.0,"enemies":"Jaw Worm Horde","floor":39.0,"turns":4.0},{"damage":80,"enemies":"Giant Head","floor":40,"turns":7}],"seed_played":"-1468071479354980711","potions_obtained":[{"floor":3.0,"key":"Ancient Potion"},{"floor":7.0,"key":"Fire Potion"},{"floor":13.0,"key":"PowerPotion"},{"floor":24.0,"key":"EssenceOfSteel"},{"floor":28.0,"key":"Weak Potion"},{"floor":29.0,"key":"Weak Potion"},{"floor":35.0,"key":"SpeedPotion"}],"is_trial":false,"path_per_floor":["M","?","M","$","?","R","E","R","T","?","E","R","E","M","R","B",null,"M","?","$","?","?","R","E","M","T","R","M","M","M","M","R","B",null,"M","$","M","?","M","E"],"character_chosen":"IRONCLAD","items_purchased":["Twin Strike","Whirlwind","Flame Barrier","DollysMirror"],"campfire_rested":1,"item_purchase_floors":[4,20,20,36],"current_hp_per_floor":[65,65,67,67,67,67,25,25,25,25,25,45,35,42,42,10,54,44,44,44,33,33,33,9,36,36,36,42,44,64,68,68,61,66,68,68,68,68,48,0],"gold":113,"neow_bonus":"UPGRADE_CARD","is_prod":false,"is_daily":false,"chose_seed":false,"campfire_upgraded":5,"win_rate":0,"timestamp":1541560965,"path_taken":["M","?","M","$","?","R","E","R","T","?","E","R","E","M","R","BOSS","M","?","$","?","?","R","E","M","T","R","?","M","M","M","R","BOSS","M","$","M","?","M","E"],"build_version":"2018-11-05","purchased_purges":2,"victory":false,"max_hp_per_floor":[75,75,75,75,68,68,68,68,68,68,68,68,68,68,68,68,68,68,68,68,68,68,68,68,68,68,68,68,68,68,68,68,68,68,68,68,68,68,68,68],"card_choices":[{"not_picked":["Warcry","Havoc"],"picked":"True Grit","floor":1.0},{"not_picked":["Armaments","Ghostly Armor"],"picked":"Heavy Blade","floor":3.0},{"not_picked":["Wild Strike","Pummel"],"picked":"Clothesline","floor":7.0},{"not_picked":["Clash","Second Wind","Burning Pact"],"picked":"SKIP","floor":11.0},{"not_picked":["Flex","Cleave"],"picked":"Reaper","floor":13.0},{"not_picked":["Dropkick","Clothesline"],"picked":"Inflame","floor":14.0},{"not_picked":["Offering","Barricade"],"picked":"Impervious","floor":16.0},{"not_picked":["Intimidate"],"picked":"SKIP","floor":18.0},{"not_picked":[],"picked":"Shrug It Off","floor":21.0},{"not_picked":["Wild Strike"],"picked":"SKIP","floor":24.0},{"not_picked":["Rage"],"picked":"SKIP","floor":25.0},{"not_picked":["Twin Strike"],"picked":"SKIP","floor":28.0},{"not_picked":[],"picked":"Headbutt","floor":29.0},{"not_picked":["Clash"],"picked":"SKIP","floor":30.0},{"not_picked":["Clothesline"],"picked":"SKIP","floor":31.0},{"not_picked":[],"picked":"Demon Form","floor":33.0},{"not_picked":["Clash"],"picked":"SKIP","floor":35.0},{"not_picked":["Wild Strike"],"picked":"SKIP","floor":37.0},{"not_picked":["Wild Strike"],"picked":"SKIP","floor":39.0}],"player_experience":781037,"relics_obtained":[{"floor":7.0,"key":"Ice Cream"},{"floor":11.0,"key":"Lantern"},{"floor":13.0,"key":"Happy Flower"},{"floor":21.0,"key":"Red Mask"},{"floor":24.0,"key":"Bag of Preparation"},{"floor":26.0,"key":"Potion Belt"}],"event_choices":[{"damage_healed":0.0,"max_hp_gain":0.0,"max_hp_loss":0.0,"gold_gain":0.0,"event_name":"Living Wall","player_choice":"Grow","floor":2.0,"gold_loss":0.0,"damage_taken":0.0,"cards_upgraded":["True Grit"]},{"damage_healed":0.0,"max_hp_gain":0.0,"max_hp_loss":7.0,"gold_gain":0.0,"event_name":"Golden Idol","player_choice":"Lose Max HP","floor":5.0,"gold_loss":0.0,"damage_taken":0.0,"relics_obtained":["Golden Idol"]},{"damage_healed":0.0,"max_hp_gain":0.0,"max_hp_loss":0.0,"gold_gain":0.0,"event_name":"Shining Light","player_choice":"Ignored","floor":10.0,"gold_loss":0.0,"damage_taken":0.0},{"damage_healed":0.0,"max_hp_gain":0.0,"max_hp_loss":0.0,"gold_gain":0.0,"event_name":"Back to Basics","player_choice":"Simplicity","floor":19.0,"gold_loss":0.0,"damage_taken":0.0,"cards_upgraded":["Strike_R","Strike_R","Strike_R","Strike_R","Defend_R","Defend_R","Defend_R","Defend_R"]},{"damage_healed":0.0,"max_hp_gain":0.0,"max_hp_loss":0.0,"gold_gain":0.0,"event_name":"Masked Bandits","player_choice":"Fought Bandits","floor":21.0,"gold_loss":0.0,"damage_taken":0.0},{"damage_healed":0.0,"max_hp_gain":0.0,"max_hp_loss":0.0,"gold_gain":0.0,"event_name":"The Joust","player_choice":"Bet on Murderer","floor":22.0,"gold_loss":50.0,"damage_taken":0.0},{"damage_healed":0.0,"max_hp_gain":0.0,"max_hp_loss":0.0,"gold_gain":0.0,"event_name":"Lab","player_choice":"Got Potions","floor":38.0,"gold_loss":0.0,"damage_taken":0.0}],"is_beta":true,"boss_relics":[{"not_picked":["Velvet Choker","Calling Bell"],"picked":"Busted Crown"},{"not_picked":["Runic Dome","Lizard Tail"],"picked":"Black Blood"}],"items_purged_floors":[4,20],"is_endless":false,"potions_floor_spawned":[3,7,13,14,24,25,28,29,35],"killed_by":"Giant Head","ascension_level":20}