{"gold_per_floor":[19,119,137,152,165,165,199,199,225,255,255,272,292,60,60,131,131,146,246,262,280,15,15,40,40,40,40,71,20,40,55,55,129,129,148,159,139,159,77,77,126,126,126,152,152,186,186,221,221,221,221,221,221,32,64,64],"floor_reached":56,"playtime":2921,"items_purged":["Strike_R","Strike_R"],"score":2151,"play_id":"a957a2bb-efc2-4ad9-bb17-4ecdb60b2639","local_time":"20181108001228","is_ascension_mode":true,"campfire_choices":[{"data":"Bash","floor":6.0,"key":"SMITH"},{"data":"Inflame","floor":8.0,"key":"SMITH"},{"data":"Armaments","floor":11.0,"key":"SMITH"},{"data":"Flame Barrier","floor":15.0,"key":"SMITH"},{"floor":23.0,"key":"REST"},{"data":"Body Slam","floor":25.0,"key":"SMITH"},{"floor":27.0,"key":"REST"},{"floor":32.0,"key":"REST"},{"floor":40.0,"key":"RECALL"},{"floor":45.0,"key":"REST"},{"floor":47.0,"key":"REST"},{"floor":49.0,"key":"REST"},{"floor":53,"key":"REST"}],"neow_cost":"NO_GOLD","seed_source_timestamp":0,"circlet_count":0,"master_deck":["AscendersBane","Defend_R","Bash+1","Flame Barrier+1","Heavy Blade","Armaments+1","Anger","Inflame+1","Iron Wave","Cleave","Impervious","Intimidate+1","Flex+1","Twin Strike+1","Body Slam+1","Shrug It Off+1","True Grit+1","Anger","Pommel Strike","Feed","Iron Wave","Clothesline","Cleave","Shrug It Off+1","Reaper","Sword Boomerang+1","Shrug It Off","Pommel Strike","Spot Weakness+1","Feel No Pain","Inflame+1","Demon Form","Headbutt"],"special_seed":0,"relics":["Burning Blood","Oddly Smooth Stone","Anchor","Dream Catcher","Vajra","Astrolabe","Incense Burner","Bottled Tornado","ClockworkSouvenir","Self Forming Clay","Pantograph","Dodecahedron","Ice Cream","Fusion Hammer","Magic Flower","PreservedInsect","Strawberry","Smiling Mask","War Paint"],"potions_floor_usage":[51,56,56],"damage_taken":[{"damage":2.0,"enemies":"Jaw Worm","floor":1.0,"turns":5.0},{"damage":1.0,"enemies":"Cultist","floor":3.0,"turns":3.0},{"damage":3.0,"enemies":"2 Louse","floor":4.0,"turns":3.0},{"damage":5.0,"enemies":"Gremlin Gang","floor":5.0,"turns":5.0},{"damage":32.0,"enemies":"Gremlin Nob","floor":7.0,"turns":4.0},{"damage":20.0,"enemies":"Lagavulin","floor":10.0,"turns":7.0},{"damage":4.0,"enemies":"3 Louse","floor":12.0,"turns":4.0},{"damage":0.0,"enemies":"Large Slime","floor":13.0,"turns":5.0},{"damage":9.0,"enemies":"Hexaghost","floor":16.0,"turns":9.0},{"damage":2.0,"enemies":"3 Byrds","floor":18.0,"turns":5.0},{"damage":8.0,"enemies":"Colosseum Slavers","floor":19.0,"turns":5.0},{"damage":32.0,"enemies":"Colosseum Nobs","floor":19.0,"turns":5.0},{"damage":11.0,"enemies":"Spheric Guardian","floor":20.0,"turns":4.0},{"damage":34.0,"enemies":"Shelled Parasite and Fungi","floor":21.0,"turns":6.0},{"damage":0.0,"enemies":"Gremlin Leader","floor":24.0,"turns":4.0},{"damage":7.0,"enemies":"Book of Stabbing","floor":28.0,"turns":5.0},{"damage":2.0,"enemies":"3 Cultists","floor":30.0,"turns":4.0},{"damage":6.0,"enemies":"Snake Plant","floor":31.0,"turns":3.0},{"damage":47.0,"enemies":"Collector","floor":33.0,"turns":7.0},{"damage":2.0,"enemies":"Orb Walker","floor":35.0,"turns":4.0},{"damage":10.0,"enemies":"3 Darklings","floor":36.0,"turns":5.0},{"damage":0.0,"enemies":"Sphere and 2 Shapes","floor":38.0,"turns":4.0},{"damage":1.0,"enemies":"2 Orb Walkers","floor":41.0,"turns":4.0},{"damage":0.0,"enemies":"Reptomancer","floor":44.0,"turns":5.0},{"damage":6.0,"enemies":"Nemesis","floor":46.0,"turns":5.0},{"damage":12.0,"enemies":"Reptomancer","floor":48.0,"turns":3.0},{"damage":56.0,"enemies":"Time Eater","floor":50.0,"turns":9.0},{"damage":106,"enemies":"Donu and Deca","floor":51,"turns":10},{"damage":53,"enemies":"Shield and Spear","floor":55,"turns":7},{"damage":143,"enemies":"The Heart","floor":56,"turns":8}],"seed_played":"2973266314181972616","potions_obtained":[{"floor":3.0,"key":"Strength Potion"},{"floor":4.0,"key":"Weak Potion"},{"floor":10.0,"key":"Weak Potion"},{"floor":16.0,"key":"Block Potion"},{"floor":21.0,"key":"PowerPotion"},{"floor":24.0,"key":"Ancient Potion"},{"floor":30.0,"key":"Block Potion"},{"floor":37.0,"key":"Energy Potion"}],"is_trial":false,"path_per_floor":["M","?","M","M","M","R","E","R","T","E","R","M","M","$","R","B",null,"M","?","M","M","$","R","E","R","T","R","E","E","?","M","M","R","B","B",null,"M","M","?","M","$","R","?","?","T","E","R","E","R","E","R","B","B",null,"R","$","E","B"],"character_chosen":"IRONCLAD","items_purchased":["Vajra","ClockworkSouvenir","Block Potion","Shrug It Off","Pommel Strike","BloodPotion","Headbutt"],"campfire_rested":7,"item_purchase_floors":[14,22,22,39,39,54,54],"current_hp_per_floor":[72,72,75,75,75,75,49,49,49,35,35,37,43,43,43,40,66,70,42,37,9,9,31,37,37,37,59,58,58,65,65,78,37,68,76,82,82,82,82,82,85,85,85,85,85,92,92,94,95,48,11,76,98,98,96,0],"gold":64,"neow_bonus":"TRANSFORM_TWO_CARDS","is_prod":false,"is_daily":false,"chose_seed":false,"campfire_upgraded":5,"win_rate":0,"timestamp":1541653948,"path_taken":["M","?","M","M","M","R","E","R","T","E","R","M","?","$","R","BOSS","M","?","M","M","$","R","E","R","T","R","E","?","?","M","R","BOSS","BOSS","M","M","?","?","$","R","?","?","T","E","R","E","R","E","R","BOSS","BOSS","R","$","E","BOSS"],"build_version":"2018-11-06","purchased_purges":2,"victory":false,"max_hp_per_floor":[75,75,75,75,75,75,75,75,75,75,75,75,75,75,75,75,75,75,75,75,75,75,75,75,75,75,75,75,75,78,78,78,78,78,82,82,82,82,82,82,85,85,85,85,85,92,92,95,95,95,98,98,98,98,98,98],"card_choices":[{"not_picked":["Perfected Strike","Pummel"],"picked":"Armaments","floor":1.0},{"not_picked":["Blood for Blood","Infernal Blade"],"picked":"Anger","floor":3.0},{"not_picked":["Armaments","Twin Strike","Rage"],"picked":"SKIP","floor":4.0},{"not_picked":["Twin Strike","Bloodletting","Headbutt"],"picked":"SKIP","floor":5.0},{"not_picked":["Shrug It Off","Brutality"],"picked":"Inflame","floor":7.0},{"not_picked":["Pommel Strike","Clash"],"picked":"Iron Wave","floor":10.0},{"not_picked":["Burning Pact","Wild Strike","Exhume"],"picked":"SKIP","floor":12.0},{"not_picked":["Clash","Rage"],"picked":"Cleave","floor":13.0},{"not_picked":["Double Tap","Dark Embrace"],"picked":"Impervious","floor":16.0},{"not_picked":["Combust","Fire Breathing"],"picked":"Body Slam","floor":18.0},{"not_picked":["Second Wind","Heavy Blade"],"picked":"Shrug It Off","floor":19.0},{"not_picked":["Headbutt","Spot Weakness"],"picked":"True Grit+1","floor":20.0},{"not_picked":["Intimidate","Clash"],"picked":"Anger","floor":21.0},{"not_picked":["Combust","Rage"],"picked":"Pommel Strike","floor":23.0},{"not_picked":["Havoc","Anger"],"picked":"Feed","floor":24.0},{"not_picked":["Uppercut","Metallicize"],"picked":"Iron Wave","floor":27.0},{"not_picked":["Anger","Twin Strike","Searing Blow"],"picked":"SKIP","floor":28.0},{"not_picked":["Anger","Twin Strike","Searing Blow"],"picked":"SKIP","floor":28.0},{"not_picked":["Anger","Twin Strike","Searing Blow"],"picked":"SKIP","floor":28.0},{"not_picked":["Perfected Strike","Corruption"],"picked":"Clothesline","floor":30.0},{"not_picked":["Sword Boomerang","Wild Strike"],"picked":"Cleave","floor":31.0},{"not_picked":["Anger","Combust"],"picked":"Shrug It Off+1","floor":32.0},{"not_picked":["Double Tap","Dark Embrace"],"picked":"Reaper","floor":33.0},{"not_picked":["Iron Wave","Clothesline","Heavy Blade"],"picked":"SKIP","floor":35.0},{"not_picked":["Clash","Armaments"],"picked":"Sword Boomerang+1","floor":36.0},{"not_picked":["Perfected Strike","True Grit","Bloodletting+1"],"picked":"SKIP","floor":38.0},{"not_picked":["Cleave","Perfected Strike"],"picked":"Spot Weakness","floor":41.0},{"not_picked":["Bloodletting","Anger"],"picked":"Feel No Pain","floor":44.0},{"not_picked":["Flex","Uppercut"],"picked":"Inflame+1","floor":46.0},{"not_picked":["Hemokinesis","Thunderclap","Rage"],"picked":"SKIP","floor":48.0},{"not_picked":["Warcry","Searing Blow"],"picked":"Demon Form","floor":53},{"not_picked":["Searing Blow","Wild Strike","Rage"],"picked":"SKIP","floor":55}],"player_experience":782900,"relics_obtained":[{"floor":7.0,"key":"Oddly Smooth Stone"},{"floor":9.0,"key":"Anchor"},{"floor":10.0,"key":"Dream Catcher"},{"floor":19.0,"key":"Incense Burner"},{"floor":19.0,"key":"Bottled Tornado"},{"floor":24.0,"key":"Self Forming Clay"},{"floor":26.0,"key":"Pantograph"},{"floor":28.0,"key":"Dodecahedron"},{"floor":41.0,"key":"Magic Flower"},{"floor":44.0,"key":"PreservedInsect"},{"floor":46.0,"key":"Strawberry"},{"floor":48.0,"key":"Smiling Mask"},{"floor":55,"key":"War Paint"}],"event_choices":[{"damage_healed":0.0,"max_hp_gain":0.0,"max_hp_loss":0.0,"gold_gain":100.0,"event_name":"Wheel of Change","player_choice":"Gold","floor":2.0,"gold_loss":0.0,"damage_taken":0.0},{"damage_healed":0.0,"max_hp_gain":0.0,"max_hp_loss":0.0,"gold_gain":0.0,"event_name":"Colosseum","player_choice":"Fight","floor":19.0,"gold_loss":0.0,"damage_taken":0.0},{"damage_healed":0.0,"max_hp_gain":0.0,"max_hp_loss":0.0,"gold_gain":0.0,"event_name":"Colosseum","player_choice":"Fought Nobs","floor":19.0,"gold_loss":0.0,"damage_taken":0.0},{"damage_healed":0.0,"max_hp_gain":0.0,"max_hp_loss":0.0,"gold_gain":0.0,"event_name":"WeMeetAgain","player_choice":"Paid Gold","floor":29.0,"gold_loss":51.0,"damage_taken":0.0,"relics_obtained":["Ice Cream"]},{"damage_healed":0.0,"max_hp_gain":0.0,"max_hp_loss":0.0,"gold_gain":0.0,"event_name":"The Woman in Blue","player_choice":"Bought 1 Potion","floor":37.0,"gold_loss":0.0,"damage_taken":0.0},{"damage_healed":0.0,"max_hp_gain":0.0,"max_hp_loss":0.0,"gold_gain":0.0,"event_name":"Mysterious Sphere","player_choice":"Fight","floor":41.0,"gold_loss":0.0,"damage_taken":0.0},{"cards_removed":["Strike_R"],"damage_healed":0.0,"max_hp_gain":0.0,"max_hp_loss":0.0,"gold_gain":0.0,"event_name":"Falling","player_choice":"Removed Attack","floor":42.0,"gold_loss":0.0,"damage_taken":0.0}],"is_beta":true,"boss_relics":[{"not_picked":["Runic Cube","Lizard Tail"],"picked":"Astrolabe"},{"not_picked":["Black Blood","Calling Bell"],"picked":"Fusion Hammer"}],"items_purged_floors":[14,54],"is_endless":false,"potions_floor_spawned":[3,4,5,10,16,19,21,24,30,41,46,55],"killed_by":"The Heart","ascension_level":20}