{"gold_per_floor":[119,119,294,294,307,307,337,337,337,337,353,371,371,381,381,480,530,544,560,573,573,589,589],"floor_reached":23,"playtime":1094,"items_purged":[],"score":262,"play_id":"79b263c0-363b-484d-9259-d29783c6e089","local_time":"20190323215333","is_ascension_mode":true,"campfire_choices":[{"data":"Blade Dance","floor":6,"key":"SMITH"},{"data":"Neutralize","floor":8,"key":"SMITH"},{"data":"Noxious Fumes","floor":15,"key":"SMITH"}],"neow_cost":"NONE","seed_source_timestamp":33232715628565,"circlet_count":0,"master_deck":["Defend_G+1","Defend_G","Defend_G","Defend_G","Defend_G","Strike_G","Strike_G","Survivor","Neutralize+1","Blade Dance+1","Doubt","Acrobatics+1","Finisher+1","Backflip+1","Noxious Fumes+1","Corpse Explosion+1","Leg Sweep+1","Dagger Throw","Infinite Blades","Escape Plan+1","Dash","Well Laid Plans"],"relics":["Ring of the Snake","NeowsBlessing","Toxic Egg 2","Vajra","Bag of Preparation","Oddly Smooth Stone","Tiny House"],"potions_floor_usage":[16,23],"damage_taken":[{"damage":0,"enemies":"Small Slimes","floor":1,"turns":1},{"damage":0,"enemies":"2 Louse","floor":5,"turns":1},{"damage":0,"enemies":"3 Sentries","floor":7,"turns":1},{"damage":4,"enemies":"Jaw Worm","floor":11,"turns":2},{"damage":9,"enemies":"2 Fungi Beasts","floor":12,"turns":2},{"damage":0,"enemies":"Red Slaver","floor":14,"turns":2},{"damage":7,"enemies":"Hexaghost","floor":16,"turns":9},{"damage":9,"enemies":"Shell Parasite","floor":18,"turns":5},{"damage":31,"enemies":"Spheric Guardian","floor":19,"turns":7},{"damage":27,"enemies":"Snake Plant","floor":20,"turns":7},{"damage":0,"enemies":"3 Cultists","floor":22,"turns":3},{"damage":10,"enemies":"Gremlin Leader","floor":23,"turns":4}],"seed_played":"-8058731508287361905","potions_obtained":[{"floor":1,"key":"Strength Potion"},{"floor":11,"key":"LiquidBronze"},{"floor":16,"key":"GhostInAJar"},{"floor":17,"key":"SneckoOil"}],"is_trial":false,"path_per_floor":["M","?","?","T","M","R","E","R","T","?","M","M","T","M","R","B",null,"M","M","M","?","M","E"],"character_chosen":"THE_SILENT","items_purchased":[],"campfire_rested":0,"item_purchase_floors":[],"current_hp_per_floor":[70,63,63,63,63,63,63,63,63,63,59,50,50,50,50,43,75,66,35,8,8,8,0],"gold":589,"neow_bonus":"THREE_ENEMY_KILL","is_prod":false,"is_daily":false,"chose_seed":false,"campfire_upgraded":3,"win_rate":0,"timestamp":1553345613,"path_taken":["M","?","?","?","M","R","E","R","T","?","?","M","?","M","R","BOSS","M","M","?","?","M","E"],"build_version":"2019-01-23","purchased_purges":0,"victory":false,"max_hp_per_floor":[70,70,70,70,70,70,70,70,70,70,70,70,70,70,70,70,75,75,75,75,75,75,75],"card_choices":[{"not_picked":["Endless Agony","Sucker Punch"],"picked":"Blade Dance","floor":1},{"not_picked":["Dodge and Roll+1","Flying Knee"],"picked":"Acrobatics+1","floor":5},{"not_picked":["Flechettes","Acrobatics+1"],"picked":"Finisher","floor":7},{"not_picked":["Endless Agony","Distraction+1"],"picked":"Backflip+1","floor":11},{"not_picked":["Expertise+1","Finisher","Blade Dance+1"],"picked":"SKIP","floor":12},{"not_picked":["Expertise+1","Finisher","Blade Dance+1"],"picked":"SKIP","floor":12},{"not_picked":["Quick Slash","Acrobatics+1"],"picked":"Noxious Fumes","floor":14},{"not_picked":["Venomology+1","Phantasmal Killer+1"],"picked":"Corpse Explosion+1","floor":16},{"not_picked":["Dagger Throw","Blade Dance+1"],"picked":"Leg Sweep+1","floor":17},{"not_picked":["Noxious Fumes","All Out Attack"],"picked":"Dagger Throw","floor":18},{"not_picked":["Sucker Punch+1","Catalyst+1"],"picked":"Infinite Blades","floor":19},{"not_picked":["Endless Agony","Acrobatics+1","Outmaneuver+1"],"picked":"SKIP","floor":20},{"not_picked":["Quick Slash","Predator"],"picked":"Well Laid Plans","floor":22}],"player_experience":537592,"relics_obtained":[{"floor":4,"key":"Toxic Egg 2"},{"floor":7,"key":"Vajra"},{"floor":9,"key":"Bag of Preparation"},{"floor":13,"key":"Oddly Smooth Stone"}],"event_choices":[{"cards_removed":["Strike_G"],"damage_healed":0,"gold_gain":0,"player_choice":"Card Removal","damage_taken":7,"max_hp_gain":0,"max_hp_loss":0,"event_name":"Golden Wing","floor":2,"gold_loss":0},{"damage_healed":0,"gold_gain":175,"player_choice":"AGREE","damage_taken":0,"max_hp_gain":0,"max_hp_loss":0,"event_name":"Liars Game","floor":3,"gold_loss":0,"cards_obtained":["Doubt"]},{"damage_healed":0,"gold_gain":0,"player_choice":"Upgraded","damage_taken":0,"max_hp_gain":0,"max_hp_loss":0,"event_name":"Upgrade Shrine","floor":10,"gold_loss":0,"cards_upgraded":["Finisher"]},{"damage_healed":0,"gold_gain":0,"cards_transformed":["Strike_G","Strike_G"],"player_choice":"Became Test Subject","damage_taken":0,"max_hp_gain":0,"max_hp_loss":0,"event_name":"Drug Dealer","floor":21,"gold_loss":0,"cards_obtained":["Escape Plan","Dash"]}],"is_beta":false,"boss_relics":[{"not_picked":["Coffee Dripper","Velvet Choker"],"picked":"Tiny House"}],"items_purged_floors":[],"is_endless":false,"potions_floor_spawned":[1,11,16,20],"killed_by":"Gremlin Leader","ascension_level":4}