{"gold_per_floor":[113,10,10,10,30,30,49,68,68,18,18,18,29,47,47,152,152,170,170,170,21,34,34],"floor_reached":23,"playtime":938,"items_purged":[],"score":208,"play_id":"96eba508-089d-4dc8-87de-0c220c09a1e6","local_time":"20190318013855","is_ascension_mode":true,"campfire_choices":[{"data":"Pummel","floor":6,"key":"SMITH"},{"data":"Bash","floor":11,"key":"SMITH"},{"data":"Heavy Blade","floor":15,"key":"SMITH"}],"neow_cost":"NONE","seed_source_timestamp":418173662384314,"circlet_count":0,"master_deck":["Strike_R","Strike_R+1","Strike_R","Strike_R","Defend_R+1","Defend_R","Defend_R","Defend_R","Bash+1","Berserk","Flex+1","Pummel+1","Dual Wield","Shrug It Off","Burning Pact","Heavy Blade+1","Exhume","Heavy Blade+1","Limit Break"],"relics":["Burning Blood","Bottled Flame","Eternal Feather"],"potions_floor_usage":[16,22,23,23],"damage_taken":[{"damage":6,"enemies":"Cultist","floor":1,"turns":3},{"damage":0,"enemies":"2 Louse","floor":5,"turns":2},{"damage":8,"enemies":"Small Slimes","floor":7,"turns":3},{"damage":14,"enemies":"Looter","floor":8,"turns":3},{"damage":15,"enemies":"3 Louse","floor":13,"turns":3},{"damage":9,"enemies":"2 Fungi Beasts","floor":14,"turns":5},{"damage":31,"enemies":"Slime Boss","floor":16,"turns":12},{"damage":22,"enemies":"Shell Parasite","floor":18,"turns":7},{"damage":37,"enemies":"2 Thieves","floor":22,"turns":5},{"damage":39,"enemies":"Snecko","floor":23,"turns":5}],"seed_played":"-18817026168038327","potions_obtained":[{"floor":5,"key":"Block Potion"},{"floor":13,"key":"Explosive Potion"},{"floor":16,"key":"BloodPotion"},{"floor":22,"key":"EntropicBrew"}],"is_trial":false,"path_per_floor":["M","$","?","?","M","R","M","M","T","?","R","?","M","M","R","B",null,"M","?","?","$","M","M"],"character_chosen":"IRONCLAD","items_purchased":["Pummel","Dual Wield","Limit Break"],"campfire_rested":0,"item_purchase_floors":[2,2,21],"current_hp_per_floor":[80,80,64,64,70,70,68,60,60,60,60,60,51,48,48,23,80,64,49,49,49,26,0],"gold":34,"neow_bonus":"ONE_RANDOM_RARE_CARD","is_prod":false,"is_daily":false,"chose_seed":false,"campfire_upgraded":3,"win_rate":0,"timestamp":1552887535,"path_taken":["M","?","?","?","?","R","M","M","T","?","R","?","M","M","R","BOSS","M","?","?","?","M","M"],"build_version":"2019-01-23","purchased_purges":0,"victory":false,"max_hp_per_floor":[80,80,80,80,80,80,80,80,80,80,80,80,80,80,80,80,80,80,85,85,85,85,85],"card_choices":[{"not_picked":["Headbutt","Pommel Strike"],"picked":"Flex","floor":1},{"not_picked":["Entrench","Rupture","Corruption"],"picked":"SKIP","floor":5},{"not_picked":["Perfected Strike","Hemokinesis","Havoc"],"picked":"SKIP","floor":7},{"not_picked":["Anger","Wild Strike"],"picked":"Shrug It Off","floor":8},{"not_picked":["Seeing Red","Anger"],"picked":"Burning Pact","floor":13},{"not_picked":["Spot Weakness","Rage"],"picked":"Heavy Blade","floor":14},{"not_picked":["Berserk","Juggernaut"],"picked":"Exhume","floor":16},{"not_picked":["Anger","Thunderclap"],"picked":"Heavy Blade+1","floor":18},{"not_picked":["Evolve","Thunderclap+1","Cleave"],"picked":"SKIP","floor":22}],"player_experience":1262897,"relics_obtained":[{"floor":9,"key":"Bottled Flame"}],"event_choices":[{"damage_healed":0,"gold_gain":0,"player_choice":"Entered Light","damage_taken":16,"max_hp_gain":0,"max_hp_loss":0,"event_name":"Shining Light","floor":3,"gold_loss":0,"cards_upgraded":["Strike_R","Defend_R"]},{"damage_healed":0,"gold_gain":0,"player_choice":"Forge","damage_taken":0,"max_hp_gain":0,"max_hp_loss":0,"event_name":"Accursed Blacksmith","floor":4,"gold_loss":0,"cards_upgraded":["Flex"]},{"cards_removed":["Strike_R"],"damage_healed":0,"gold_gain":0,"player_choice":"Card Removal","damage_taken":0,"max_hp_gain":0,"max_hp_loss":0,"event_name":"The Cleric","floor":10,"gold_loss":50},{"damage_healed":0,"gold_gain":0,"player_choice":"Ignored","damage_taken":0,"max_hp_gain":0,"max_hp_loss":0,"event_name":"Liars Game","floor":12,"gold_loss":0},{"damage_healed":0,"gold_gain":0,"player_choice":"Shed Blood","damage_taken":20,"max_hp_gain":5,"max_hp_loss":0,"event_name":"Forgotten Altar","floor":19,"gold_loss":0},{"damage_healed":0,"gold_gain":0,"player_choice":"Ignored","damage_taken":0,"max_hp_gain":0,"max_hp_loss":0,"event_name":"Vampires","floor":20,"gold_loss":0}],"is_beta":false,"boss_relics":[{"not_picked":["Velvet Choker","White Beast Statue"],"picked":"Eternal Feather"}],"items_purged_floors":[],"is_endless":false,"potions_floor_spawned":[5,13,16,22],"killed_by":"Snecko","ascension_level":3}