{"gold_per_floor":[116,41,41,41,16,30,30,62,86,96,124,140,156,174,174,174],"floor_reached":16,"playtime":282,"items_purged":["Strike_G"],"score":274,"play_id":"8337b38d-fa0b-4cd6-a671-0737d99f4ff9","local_time":"20190117005621","is_ascension_mode":true,"campfire_choices":[{"data":"Bane","floor":7,"key":"SMITH"},{"data":"Bane","floor":15,"key":"SMITH"}],"neow_cost":"NONE","seed_source_timestamp":544332619315888,"circlet_count":0,"master_deck":["AscendersBane","Defend_G","Defend_G","Defend_G","Defend_G","Strike_G","Strike_G","Strike_G","Strike_G","Survivor","Neutralize","Bouncing Flask","Bane+1","Distraction","Bane+1","Deadly Poison","Backstab","Backflip","PiercingWail"],"relics":["Ring of the Snake","NeowsBlessing","Art of War","Happy Flower","Bronze Scales","Potion Belt"],"potions_floor_usage":[16,16,16],"damage_taken":[{"damage":0,"enemies":"Cultist","floor":1,"turns":1},{"damage":0,"enemies":"2 Louse","floor":6,"turns":1},{"damage":0,"enemies":"Lagavulin","floor":8,"turns":1},{"damage":0,"enemies":"Jaw Worm","floor":10,"turns":3},{"damage":35,"enemies":"Gremlin Nob","floor":11,"turns":4},{"damage":0,"enemies":"Blue Slaver","floor":12,"turns":2},{"damage":19,"enemies":"Large Slime","floor":13,"turns":6},{"damage":0,"enemies":"Exordium Wildlife","floor":14,"turns":2},{"damage":6,"enemies":"Slime Boss","floor":16,"turns":4}],"seed_played":"-1783453159185701513","potions_obtained":[{"floor":1,"key":"SteroidPotion"},{"floor":8,"key":"EssenceOfSteel"},{"floor":11,"key":"EssenceOfSteel"},{"floor":14,"key":"Explosive Potion"}],"is_trial":false,"path_per_floor":["M","$","T","?","$","M","R","E","T","M","E","M","M","M","R","B"],"character_chosen":"THE_SILENT","items_purchased":["Bane"],"campfire_rested":0,"item_purchase_floors":[5],"current_hp_per_floor":[59,59,59,59,59,59,59,59,59,59,24,24,5,5,5,0],"gold":174,"neow_bonus":"THREE_ENEMY_KILL","is_prod":false,"is_daily":false,"chose_seed":false,"campfire_upgraded":2,"win_rate":0,"timestamp":1547654181,"path_taken":["M","?","?","?","$","?","R","E","T","M","E","M","M","M","R","BOSS"],"build_version":"2019-01-10","purchased_purges":1,"victory":false,"max_hp_per_floor":[66,66,66,66,66,66,66,66,66,66,66,66,66,66,66,66],"card_choices":[{"not_picked":["Blade Dance","Underhanded Strike"],"picked":"Bouncing Flask","floor":1},{"not_picked":["Caltrops","Sucker Punch"],"picked":"Distraction","floor":6},{"not_picked":["Prepared","Bouncing Flask"],"picked":"Bane","floor":8},{"not_picked":["Quick Slash","Blade Dance"],"picked":"Deadly Poison","floor":10},{"not_picked":["Outmaneuver","Infinite Blades"],"picked":"Backstab","floor":11},{"not_picked":["Distraction","Blade Dance"],"picked":"Backflip","floor":12},{"not_picked":["Eviscerate","Acrobatics","Wraith Form v2"],"picked":"SKIP","floor":13},{"not_picked":["Expertise","Underhanded Strike"],"picked":"PiercingWail","floor":14}],"player_experience":4104855,"relics_obtained":[{"floor":3,"key":"Art of War"},{"floor":8,"key":"Happy Flower"},{"floor":9,"key":"Bronze Scales"},{"floor":11,"key":"Potion Belt"}],"event_choices":[{"cards_removed":["Defend_G"],"damage_healed":0,"gold_gain":0,"player_choice":"Offered Basic","damage_taken":0,"max_hp_gain":0,"max_hp_loss":0,"event_name":"Bonfire Elementals","floor":4,"gold_loss":0}],"is_beta":false,"boss_relics":[],"items_purged_floors":[2],"is_endless":false,"potions_floor_spawned":[1,8,11,14],"killed_by":"Slime Boss","ascension_level":20}