{"gold_per_floor":[15,90,90,90,110,135,135,166,189,201,201,201,218,234,234,311,361,378,57,57,57,52,52,52,71,71,71],"floor_reached":27,"playtime":854,"items_purged":[],"score":542,"play_id":"daee6112-9c17-441d-8fe1-b44fb275dfac","local_time":"20190320125412","is_ascension_mode":true,"campfire_choices":[{"floor":7,"key":"REST"},{"floor":12,"key":"REST"},{"floor":15,"key":"REST"},{"floor":23,"key":"REST"}],"neow_cost":"NO_GOLD","seed_source_timestamp":388578745386000,"circlet_count":0,"master_deck":["AscendersBane","Strike_R","Strike_R","Strike_R+1","Strike_R","Strike_R","Defend_R","Defend_R","Defend_R","Defend_R","Bash","Discovery+1","Madness","Twin Strike","Perfected Strike","Shockwave","Demon Form+1","Wild Strike","Pummel","Ghostly Armor","Pommel Strike","Limit Break","Good Instincts","Warcry","Wild Strike+1"],"relics":["Burning Blood","Pen Nib","Peace Pipe","Bronze Scales","Tiny House","Matryoshka","Oddly Smooth Stone","Bottled Tornado"],"potions_floor_usage":[16,27],"damage_taken":[{"damage":4,"enemies":"Jaw Worm","floor":1,"turns":3},{"damage":12,"enemies":"Small Slimes","floor":5,"turns":4},{"damage":35,"enemies":"Lagavulin","floor":6,"turns":7},{"damage":35,"enemies":"3 Sentries","floor":8,"turns":8},{"damage":1,"enemies":"Cultist","floor":10,"turns":3},{"damage":4,"enemies":"Large Slime","floor":13,"turns":4},{"damage":25,"enemies":"Red Slaver","floor":14,"turns":4},{"damage":0,"enemies":"Slime Boss","floor":16,"turns":7},{"damage":37,"enemies":"Shell Parasite","floor":18,"turns":6},{"damage":29,"enemies":"2 Thieves","floor":22,"turns":4},{"damage":36,"enemies":"Centurion and Healer","floor":25,"turns":5},{"damage":18,"enemies":"Snake Plant","floor":27,"turns":2}],"seed_played":"-526217639619812843","potions_obtained":[{"floor":1,"key":"Fire Potion"},{"floor":4,"key":"Weak Potion"},{"floor":16,"key":"PowerPotion"}],"is_trial":false,"path_per_floor":["M","?","?","?","M","E","R","E","T","M","?","R","M","M","R","B",null,"M","$","?","?","M","R","?","M","T","M"],"character_chosen":"IRONCLAD","items_purchased":["Limit Break","Good Instincts","Warcry"],"campfire_rested":4,"item_purchase_floors":[19,19,19],"current_hp_per_floor":[70,59,59,59,53,24,46,17,17,22,22,44,46,27,49,55,75,44,44,44,44,21,45,45,15,15,0],"gold":71,"neow_bonus":"RANDOM_COLORLESS_2","is_prod":false,"is_daily":false,"chose_seed":false,"campfire_upgraded":0,"win_rate":0,"timestamp":1553100852,"path_taken":["M","?","?","?","M","E","R","E","T","?","?","R","M","?","R","BOSS","M","$","?","?","M","R","?","?","T","?"],"build_version":"2019-03-15","purchased_purges":0,"victory":false,"max_hp_per_floor":[75,75,75,75,75,75,75,75,75,75,75,75,75,75,75,75,80,80,80,80,80,80,80,80,80,80,80],"card_choices":[{"not_picked":["Inflame","Sword Boomerang"],"picked":"Twin Strike","floor":1},{"not_picked":["Power Through","Twin Strike"],"picked":"Perfected Strike","floor":5},{"not_picked":["Armaments","Fire Breathing"],"picked":"Shockwave","floor":6},{"not_picked":["Sever Soul","Armaments"],"picked":"Demon Form","floor":8},{"not_picked":["Anger","True Grit"],"picked":"Wild Strike","floor":10},{"not_picked":["Ghostly Armor","Power Through"],"picked":"Pummel","floor":13},{"not_picked":["Sever Soul","Flex","Anger"],"picked":"SKIP","floor":14},{"not_picked":["Sword Boomerang","Evolve"],"picked":"Ghostly Armor","floor":17},{"not_picked":["Blood for Blood","Shockwave"],"picked":"Pommel Strike","floor":18},{"not_picked":["Warcry","Clash"],"picked":"Wild Strike+1","floor":22},{"not_picked":["Warcry","Infernal Blade","Inflame"],"picked":"SKIP","floor":25}],"player_experience":670073,"relics_obtained":[{"floor":6,"key":"Pen Nib"},{"floor":8,"key":"Peace Pipe"},{"floor":9,"key":"Bronze Scales"},{"floor":26,"key":"Oddly Smooth Stone"},{"floor":26,"key":"Bottled Tornado"}],"event_choices":[{"damage_healed":0,"gold_gain":75,"player_choice":"Gather Gold","damage_taken":11,"max_hp_gain":0,"max_hp_loss":0,"event_name":"World of Goop","floor":2,"gold_loss":0},{"damage_healed":0,"gold_gain":0,"player_choice":"Grow","damage_taken":0,"max_hp_gain":0,"max_hp_loss":0,"event_name":"Living Wall","floor":3,"gold_loss":0,"cards_upgraded":["Discovery"]},{"damage_healed":0,"gold_gain":0,"player_choice":"Got Potions","damage_taken":0,"max_hp_gain":0,"max_hp_loss":0,"event_name":"Lab","floor":4,"gold_loss":0},{"damage_healed":0,"gold_gain":0,"player_choice":"Upgraded","damage_taken":0,"max_hp_gain":0,"max_hp_loss":0,"event_name":"Upgrade Shrine","floor":11,"gold_loss":0,"cards_upgraded":["Demon Form"]},{"damage_healed":0,"gold_gain":0,"player_choice":"Opened","damage_taken":0,"relics_obtained":["Matryoshka"],"max_hp_gain":0,"max_hp_loss":0,"event_name":"The Mausoleum","floor":20,"gold_loss":0,"cards_obtained":["Writhe"]},{"damage_healed":0,"gold_gain":0,"player_choice":"Ignored","damage_taken":0,"max_hp_gain":0,"max_hp_loss":0,"event_name":"Ghosts","floor":21,"gold_loss":0},{"cards_removed":["Writhe"],"damage_healed":0,"gold_gain":0,"player_choice":"Purged","damage_taken":0,"max_hp_gain":0,"max_hp_loss":0,"event_name":"Purifier","floor":24,"gold_loss":0}],"is_beta":true,"boss_relics":[{"not_picked":["Empty Cage","Coffee Dripper"],"picked":"Tiny House"}],"items_purged_floors":[],"is_endless":false,"potions_floor_spawned":[1,13,16],"killed_by":"Snake Plant","ascension_level":20}