{"gold_per_floor":[363,423,26,26,40,40,15,15,15,34,67,67,87,87,87,178,178,194,244,268,268,282,282,326,81,81,81,99,99,119,159,159,159],"floor_reached":33,"playtime":1337,"items_purged":["Strike_R"],"score":566,"play_id":"be49f8f5-b31d-4d39-92c5-24c38c553f6e","local_time":"20181109233250","is_ascension_mode":true,"campfire_choices":[{"data":"Uppercut","floor":6.0,"key":"SMITH"},{"data":"Armaments","floor":12.0,"key":"SMITH"},{"data":"Evolve","floor":15.0,"key":"SMITH"},{"floor":23,"key":"REST"},{"floor":27,"key":"REST"},{"floor":29,"key":"REST"},{"floor":32,"key":"REST"}],"neow_cost":"PERCENT_DAMAGE","seed_source_timestamp":0,"circlet_count":0,"master_deck":["AscendersBane","Strike_R","Strike_R","Strike_R","Strike_R","Defend_R","Defend_R","Defend_R","Defend_R","Bash","Uppercut+1","Armaments+1","Evolve+1","Hemokinesis","Armaments","Power Through","Inflame","Parasite","Immolate","Iron Wave+1","Clothesline","Anger","Uppercut+1","Master of Strategy","Shrug It Off","Thunderclap+1","Inflame"],"special_seed":0,"relics":["Burning Blood","Juzu Bracelet","Golden Idol","Peace Pipe","Bag of Marbles","Orichalcum","Fusion Hammer","Enchiridion","Molten Egg 2","Dodecahedron","Dead Branch"],"potions_floor_usage":[20,24,24,31,31,33],"damage_taken":[{"damage":2.0,"enemies":"2 Louse","floor":1.0,"turns":4.0},{"damage":3.0,"enemies":"Small Slimes","floor":5.0,"turns":7.0},{"damage":7.0,"enemies":"Jaw Worm","floor":10.0,"turns":4.0},{"damage":29.0,"enemies":"Gremlin Nob","floor":11.0,"turns":5.0},{"damage":1.0,"enemies":"Blue Slaver","floor":13.0,"turns":5.0},{"damage":22.0,"enemies":"Slime Boss","floor":16.0,"turns":11.0},{"damage":16,"enemies":"2 Thieves","floor":18,"turns":3},{"damage":22,"enemies":"Shell Parasite","floor":20,"turns":5},{"damage":1,"enemies":"3 Cultists","floor":22,"turns":2},{"damage":18,"enemies":"Book of Stabbing","floor":24,"turns":4},{"damage":28,"enemies":"Snake Plant","floor":28,"turns":4},{"damage":0,"enemies":"Snecko","floor":30,"turns":5},{"damage":9,"enemies":"Gremlin Leader","floor":31,"turns":4},{"damage":81,"enemies":"Collector","floor":33,"turns":9}],"seed_played":"6741810689095859544","potions_obtained":[{"floor":1.0,"key":"BloodPotion"},{"floor":18,"key":"Weak Potion"},{"floor":22,"key":"Fire Potion"},{"floor":28,"key":"Poison Potion"},{"floor":31,"key":"Strength Potion"}],"is_trial":false,"path_per_floor":["M","?","$","?","M","R","$","?","T","M","E","R","M","?","R","B",null,"M","?","M","?","M","R","E","$","T","R","M","R","M","E","R","B"],"character_chosen":"IRONCLAD","items_purchased":["Juzu Bracelet","Armaments","Evolve","FearPotion","Armaments","Explosive Potion","Master of Strategy"],"campfire_rested":4,"item_purchase_floors":[3,3,3,3,7,25,25],"current_hp_per_floor":[54,54,54,54,57,57,57,46,46,45,22,22,27,44,44,28,58,48,48,38,17,22,42,30,30,30,50,28,48,54,51,68,0],"gold":159,"neow_bonus":"TWO_FIFTY_GOLD","is_prod":false,"is_daily":false,"chose_seed":false,"campfire_upgraded":3,"win_rate":0,"timestamp":1541824370,"path_taken":["M","?","$","?","M","R","$","?","T","M","E","R","M","?","R","BOSS","M","?","M","?","M","R","E","$","T","R","M","R","M","E","R","BOSS"],"build_version":"2018-11-08","purchased_purges":1,"victory":false,"max_hp_per_floor":[75,75,75,68,68,68,68,68,68,68,68,68,68,68,68,68,68,68,68,68,68,68,68,68,68,68,68,68,68,68,68,68,68],"card_choices":[{"not_picked":["Feel No Pain","Pommel Strike"],"picked":"Uppercut","floor":1.0},{"not_picked":["Headbutt","Sever Soul"],"picked":"Hemokinesis","floor":5.0},{"not_picked":["Metallicize","Rage"],"picked":"Power Through","floor":10.0},{"not_picked":["Warcry","Heavy Blade","Blood for Blood"],"picked":"SKIP","floor":11.0},{"not_picked":["True Grit","Pummel"],"picked":"Inflame","floor":13.0},{"not_picked":["Feed","Bludgeon"],"picked":"Immolate","floor":16.0},{"not_picked":["True Grit","Warcry"],"picked":"Iron Wave+1","floor":18},{"not_picked":["Perfected Strike","True Grit"],"picked":"Clothesline","floor":20},{"not_picked":["Heavy Blade","True Grit"],"picked":"Anger","floor":22},{"not_picked":["Ghostly Armor","Sever Soul"],"picked":"Uppercut","floor":24},{"not_picked":["Armaments","Juggernaut"],"picked":"Shrug It Off","floor":28},{"not_picked":["Havoc","Flex"],"picked":"Thunderclap+1","floor":30},{"not_picked":["Uppercut+1","Disarm"],"picked":"Inflame","floor":31}],"player_experience":789574,"relics_obtained":[{"floor":9.0,"key":"Bag of Marbles"},{"floor":11.0,"key":"Orichalcum"},{"floor":21,"key":"Enchiridion"},{"floor":24,"key":"Molten Egg 2"},{"floor":26,"key":"Dodecahedron"},{"floor":31,"key":"Dead Branch"}],"event_choices":[{"damage_healed":0.0,"max_hp_gain":0.0,"max_hp_loss":0.0,"gold_gain":60.0,"event_name":"Golden Wing","player_choice":"Gained Gold","floor":2.0,"gold_loss":0.0,"damage_taken":0.0},{"damage_healed":0.0,"max_hp_gain":0.0,"max_hp_loss":7.0,"gold_gain":0.0,"event_name":"Golden Idol","player_choice":"Lose Max HP","floor":4.0,"gold_loss":0.0,"damage_taken":0.0,"relics_obtained":["Golden Idol"]},{"damage_healed":0.0,"max_hp_gain":0.0,"max_hp_loss":0.0,"gold_gain":0.0,"event_name":"Scrap Ooze","player_choice":"Success","floor":8.0,"gold_loss":0.0,"damage_taken":11.0,"relics_obtained":["Peace Pipe"]},{"damage_healed":17.0,"max_hp_gain":0.0,"max_hp_loss":0.0,"gold_gain":0.0,"event_name":"Mushrooms","player_choice":"Healed and dodged fight","floor":14.0,"gold_loss":0.0,"damage_taken":0.0,"cards_obtained":["Parasite"]},{"damage_healed":0,"gold_gain":50,"player_choice":"Stole From Cult","damage_taken":0,"max_hp_gain":0,"max_hp_loss":0,"event_name":"Nest","floor":19,"gold_loss":0},{"damage_healed":0,"gold_gain":0,"player_choice":"Obtained Book","damage_taken":21,"max_hp_gain":0,"max_hp_loss":0,"event_name":"Cursed Tome","floor":21,"gold_loss":0}],"is_beta":true,"boss_relics":[{"not_picked":["Orrery","Sozu"],"picked":"Fusion Hammer"}],"items_purged_floors":[3],"is_endless":false,"potions_floor_spawned":[1,5,10,18,22,28,31],"killed_by":"Collector","ascension_level":20}