{"gold_per_floor":[114,127,127,7,107,107,118,118,118,68,68,85,103,117,117,217,217,234,234,234,247,258,258,6,6,55,67,30,42,56,70,70,70],"floor_reached":33,"playtime":2080,"items_purged":["Strike_G","Strike_G"],"score":239,"play_id":"3d301919-d777-449b-9ca5-40dcfa3225e7","local_time":"20190321193734","is_ascension_mode":false,"campfire_choices":[{"data":"Terror","floor":6.0,"key":"SMITH"},{"data":"Flying Knee","floor":8.0,"key":"SMITH"},{"data":"Poisoned Stab","floor":15,"key":"SMITH"},{"floor":23,"key":"REST"},{"floor":25,"key":"REST"},{"data":"Bouncing Flask","floor":27,"key":"SMITH"},{"floor":32,"key":"REST"}],"neow_cost":"NONE","seed_source_timestamp":0,"circlet_count":0,"master_deck":["Defend_G","Defend_G","Defend_G","Defend_G","Defend_G","Strike_G","Strike_G+1","Survivor+1","Neutralize","Dagger Throw","Terror+1","Dagger Throw","Flying Knee+1","Deflect","All Out Attack","Poisoned Stab+1","Bullet Time","Blade Dance+1","Bouncing Flask+1","Bouncing Flask+1","Poisoned Stab","Bane","All Out Attack","Choke"],"special_seed":0,"relics":["Ring of the Snake","Sozu","Nloth\u0027s Gift","Orichalcum","MawBank"],"potions_floor_usage":[18,18,33],"damage_taken":[{"damage":0.0,"enemies":"Cultist","floor":1.0,"turns":4.0},{"damage":0.0,"enemies":"Small Slimes","floor":2.0,"turns":3.0},{"damage":0.0,"enemies":"2 Louse","floor":7.0,"turns":2.0},{"damage":3.0,"enemies":"Red Slaver","floor":12.0,"turns":3.0},{"damage":0.0,"enemies":"Looter","floor":13.0,"turns":2.0},{"damage":3,"enemies":"Exordium Thugs","floor":14,"turns":3},{"damage":12,"enemies":"Slime Boss","floor":16,"turns":8},{"damage":8,"enemies":"2 Thieves","floor":18,"turns":4},{"damage":1,"enemies":"Chosen","floor":21,"turns":3},{"damage":33,"enemies":"Shelled Parasite and Fungi","floor":22,"turns":5},{"damage":3,"enemies":"3 Cultists","floor":29,"turns":4},{"damage":32,"enemies":"Centurion and Healer","floor":30,"turns":5},{"damage":11,"enemies":"Snake Plant","floor":31,"turns":3},{"damage":53,"enemies":"Automaton","floor":33,"turns":6}],"seed_played":"5591838508952108268","potions_obtained":[{"floor":2.0,"key":"Block Potion"},{"floor":13.0,"key":"Swift Potion"},{"floor":14,"key":"SteroidPotion"},{"floor":16,"key":"Block Potion"}],"is_trial":false,"path_per_floor":["M","M","?","$","?","R","M","R","T","?","$","M","M","M","R","B",null,"M","?","?","M","M","R","$","R","T","R","$","M","M","M","R","B"],"character_chosen":"THE_SILENT","items_purchased":["Dagger Throw","Orichalcum","Poisoned Stab"],"campfire_rested":3,"item_purchase_floors":[4,24,28],"current_hp_per_floor":[77,77,62,62,62,62,62,62,62,62,62,59,59,56,56,44,77,69,55,55,54,21,45,45,69,69,69,69,66,34,23,47,0],"gold":70,"neow_bonus":"TEN_PERCENT_HP_BONUS","is_prod":false,"is_daily":false,"chose_seed":false,"campfire_upgraded":4,"win_rate":0.0,"timestamp":1553215054,"path_taken":["M","?","?","$","?","R","?","R","T","?","?","M","M","?","R","BOSS","M","?","?","?","M","R","$","R","T","R","$","M","M","M","R","BOSS"],"build_version":"2019-01-23","purchased_purges":2,"victory":false,"max_hp_per_floor":[77,77,77,77,77,77,77,77,77,77,77,77,77,77,77,77,77,77,82,82,82,82,82,82,82,82,82,82,82,82,82,82,82],"card_choices":[{"not_picked":["Flying Knee","Blade Dance"],"picked":"Dagger Throw","floor":1.0},{"not_picked":["PiercingWail","Underhanded Strike"],"picked":"Terror","floor":2.0},{"not_picked":["Catalyst","Outmaneuver"],"picked":"Flying Knee","floor":7.0},{"not_picked":["Slice","Bane"],"picked":"Deflect","floor":12.0},{"not_picked":["Bane","Dagger Spray"],"picked":"All Out Attack","floor":13.0},{"not_picked":["Acrobatics","Finisher"],"picked":"Poisoned Stab","floor":14},{"not_picked":["Venomology","Night Terror"],"picked":"Bullet Time","floor":16},{"not_picked":["Outmaneuver","Blur+1"],"picked":"Blade Dance+1","floor":18},{"not_picked":["Crippling Poison","Dagger Throw"],"picked":"Bouncing Flask","floor":21},{"not_picked":["Quick Slash+1","Underhanded Strike+1"],"picked":"Bouncing Flask+1","floor":22},{"not_picked":["Blade Dance","Expertise+1"],"picked":"Bane","floor":29},{"not_picked":["Terror","Doppelganger"],"picked":"All Out Attack","floor":30},{"not_picked":["Backstab","Blade Dance+1"],"picked":"Choke","floor":31}],"player_experience":56304,"relics_obtained":[{"floor":9.0,"key":"Letter Opener"},{"floor":26,"key":"MawBank"}],"event_choices":[{"damage_healed":0.0,"max_hp_gain":0.0,"max_hp_loss":0.0,"gold_gain":0.0,"event_name":"Shining Light","player_choice":"Entered Light","floor":3.0,"gold_loss":0.0,"damage_taken":15.0,"cards_upgraded":["Strike_G","Survivor"]},{"damage_healed":0.0,"max_hp_gain":0.0,"max_hp_loss":0.0,"gold_gain":100.0,"event_name":"Golden Shrine","player_choice":"Pray","floor":5.0,"gold_loss":0.0,"damage_taken":0.0},{"cards_removed":["Strike_G"],"damage_healed":0.0,"max_hp_gain":0.0,"max_hp_loss":0.0,"gold_gain":0.0,"event_name":"The Cleric","player_choice":"Card Removal","floor":10.0,"gold_loss":50.0,"damage_taken":0.0},{"damage_healed":0,"gold_gain":0,"player_choice":"Shed Blood","damage_taken":19,"max_hp_gain":5,"max_hp_loss":0,"event_name":"Forgotten Altar","floor":19,"gold_loss":0},{"damage_healed":0,"gold_gain":0,"player_choice":"Traded Relic","damage_taken":0,"relics_obtained":["Nloth\u0027s Gift"],"max_hp_gain":0,"max_hp_loss":0,"event_name":"N\u0027loth","floor":20,"relics_lost":["Letter Opener"],"gold_loss":0}],"is_beta":false,"boss_relics":[{"not_picked":["Black Star","Empty Cage"],"picked":"Sozu"}],"items_purged_floors":[4,24],"is_endless":false,"potions_floor_spawned":[2,13,14,16,29,30],"killed_by":"Automaton","ascension_level":0}