{"gold_per_floor":[115,40,40,56,68,68,38,38,65,65,82,102,102,102,102,203,203,223,223,223,209,209,209,209],"floor_reached":24,"playtime":1469,"items_purged":["Strike_G"],"score":184,"play_id":"9f3d4fdd-aca3-47db-a569-00888d21ea45","local_time":"20190306145137","is_ascension_mode":false,"campfire_choices":[{"data":"Neutralize","floor":6,"key":"SMITH"},{"data":"Outmaneuver","floor":8,"key":"SMITH"},{"data":"PiercingWail","floor":13,"key":"SMITH"},{"data":"Glass Knife","floor":15,"key":"SMITH"},{"data":"After Image","floor":23,"key":"SMITH"}],"neow_cost":"NONE","seed_source_timestamp":20886807694039,"circlet_count":0,"master_deck":["Defend_G+1","Defend_G","Defend_G","Defend_G","Defend_G+1","Strike_G","Strike_G","Survivor","Neutralize+1","PiercingWail+1","Expertise","Outmaneuver+1","Dodge and Roll","Acrobatics","Blur","Glass Knife+1","After Image+1","Heel Hook","Backflip"],"relics":["Ring of the Snake","WarpedTongs","War Paint","Busted Crown","MutagenicStrength"],"potions_floor_usage":[],"damage_taken":[{"damage":0,"enemies":"Jaw Worm","floor":1,"turns":3},{"damage":7,"enemies":"Cultist","floor":4,"turns":4},{"damage":4,"enemies":"Small Slimes","floor":5,"turns":4},{"damage":3,"enemies":"Looter","floor":7,"turns":4},{"damage":0,"enemies":"3 Louse","floor":11,"turns":4},{"damage":0,"enemies":"2 Fungi Beasts","floor":12,"turns":4},{"damage":25,"enemies":"The Guardian","floor":16,"turns":27},{"damage":11,"enemies":"Spheric Guardian","floor":18,"turns":6},{"damage":0,"enemies":"2 Thieves","floor":21,"turns":4},{"damage":5,"enemies":"Centurion and Healer","floor":24,"turns":7}],"seed_played":"2782804373015349252","potions_obtained":[{"floor":11,"key":"Weak Potion"},{"floor":16,"key":"EssenceOfSteel"},{"floor":18,"key":"EssenceOfSteel"}],"is_trial":false,"path_per_floor":["M","$","?","M","M","R","M","R","T","?","M","M","R","?","R","B",null,"M","?","?","M","?","R","M"],"character_chosen":"THE_SILENT","items_purchased":[],"campfire_rested":0,"item_purchase_floors":[],"current_hp_per_floor":[77,77,77,70,66,66,63,63,63,63,63,63,63,63,63,38,77,66,66,66,66,66,66,61],"gold":209,"neow_bonus":"TEN_PERCENT_HP_BONUS","is_prod":false,"is_daily":false,"chose_seed":false,"campfire_upgraded":5,"win_rate":0.0,"timestamp":1551880297,"path_taken":["M","$","?","?","M","R","M","R","T","?","?","M","R","?","R","BOSS","M","?","?","M","?","R","M"],"build_version":"2019-02-06","purchased_purges":1,"victory":false,"max_hp_per_floor":[77,77,77,77,77,77,77,77,77,77,77,77,77,77,77,77,77,77,77,77,77,77,77,77],"card_choices":[{"not_picked":["Deflect","Leg Sweep"],"picked":"PiercingWail","floor":1},{"not_picked":["Masterful Stab","Sucker Punch"],"picked":"Expertise","floor":4},{"not_picked":["Backflip","Leg Sweep"],"picked":"Outmaneuver","floor":5},{"not_picked":["Dash","Phantasmal Killer"],"picked":"Dodge and Roll","floor":7},{"not_picked":["Outmaneuver","Dagger Throw"],"picked":"Acrobatics","floor":11},{"not_picked":["Quick Slash","Finisher"],"picked":"Blur","floor":12},{"not_picked":["Tools of the Trade","Wraith Form v2"],"picked":"After Image","floor":16},{"not_picked":[],"picked":"Heel Hook","floor":18},{"not_picked":["Deadly Poison"],"picked":"SKIP","floor":21}],"player_experience":33982,"relics_obtained":[{"floor":9,"key":"War Paint"}],"event_choices":[{"damage_healed":0,"gold_gain":0,"player_choice":"Rummage","damage_taken":0,"relics_obtained":["WarpedTongs"],"max_hp_gain":0,"max_hp_loss":0,"event_name":"Accursed Blacksmith","floor":3,"gold_loss":0,"cards_obtained":["Pain"]},{"cards_removed":["Pain"],"damage_healed":0,"gold_gain":0,"player_choice":"Removed Curses","damage_taken":0,"max_hp_gain":0,"max_hp_loss":0,"event_name":"Fountain of Cleansing","floor":10,"gold_loss":0},{"damage_healed":0,"gold_gain":0,"cards_transformed":["Strike_G"],"player_choice":"Change","damage_taken":0,"max_hp_gain":0,"max_hp_loss":0,"event_name":"Living Wall","floor":14,"gold_loss":0,"cards_obtained":["Glass Knife"]},{"damage_healed":0,"gold_gain":0,"player_choice":"Read","damage_taken":0,"max_hp_gain":0,"max_hp_loss":0,"event_name":"The Library","floor":19,"gold_loss":0,"cards_obtained":["Backflip"]},{"damage_healed":0,"gold_gain":0,"player_choice":"Inject Mutagens","damage_taken":0,"relics_obtained":["MutagenicStrength"],"max_hp_gain":0,"max_hp_loss":0,"event_name":"Drug Dealer","floor":20,"gold_loss":0},{"cards_removed":["Strike_G"],"damage_healed":0,"gold_gain":0,"player_choice":"Card Removal","damage_taken":0,"max_hp_gain":0,"max_hp_loss":0,"event_name":"Wheel of Change","floor":22,"gold_loss":0}],"is_beta":true,"boss_relics":[{"not_picked":["Velvet Choker","Snecko Eye"],"picked":"Busted Crown"}],"items_purged_floors":[2],"is_endless":false,"potions_floor_spawned":[11,16,18,21],"killed_by":"Centurion and Healer","ascension_level":0}