{"gold_per_floor":[111,74,74,88,103,136,153,172,247,247,257,276,287,307,307,406,406,418,418,418,431,82,82,82,97,97,97,115,115,447,465,465,570,570,587,587,225,225,245,245,272,272,272,272,272,272,272,307,307,307],"floor_reached":51,"playtime":3247,"items_purged":["Strike_G","Strike_G"],"score":963,"play_id":"f64a52ae-da0f-4267-881f-fc7d53f84152","local_time":"20190316184128","is_ascension_mode":true,"campfire_choices":[{"data":"Backflip","floor":10,"key":"SMITH"},{"floor":15,"key":"REST"},{"floor":23,"key":"REST"},{"data":"After Image","floor":27,"key":"SMITH"},{"floor":29,"key":"REST"},{"data":"Burst","floor":32,"key":"SMITH"},{"data":"After Image","floor":40,"key":"SMITH"},{"data":"Footwork","floor":46,"key":"SMITH"},{"data":"Catalyst","floor":49,"key":"SMITH"}],"neow_cost":"NONE","seed_source_timestamp":608764551754382,"circlet_count":0,"master_deck":["Defend_G","Defend_G","Defend_G","Defend_G","Defend_G","Strike_G","Strike_G","Survivor","Neutralize","Poisoned Stab","Leg Sweep+1","Cloak And Dagger","Sucker Punch","Catalyst+1","Dagger Spray","Deflect","Backflip+1","Deadly Poison","Well Laid Plans","Burst+1","Crippling Poison","Escape Plan","Cloak And Dagger","After Image+1","Predator+1","Footwork","Footwork+1","Dark Shackles","Accuracy+1","Blade Dance+1","Poisoned Stab+1","PiercingWail","PiercingWail","After Image+1","Accuracy+1","Footwork+1","Deflect+1","Catalyst+1"],"relics":["Ring of the Snake","Prayer Wheel","Gremlin Horn","Sozu","Enchiridion","Oddly Smooth Stone","Omamori","Old Coin","WristBlade","Singing Bowl","Juzu Bracelet","Letter Opener","Bottled Tornado","Strawberry"],"potions_floor_usage":[28,41],"damage_taken":[{"damage":3,"enemies":"Jaw Worm","floor":1,"turns":5},{"damage":0,"enemies":"Cultist","floor":4,"turns":4},{"damage":0,"enemies":"2 Louse","floor":5,"turns":3},{"damage":33,"enemies":"Lagavulin","floor":6,"turns":10},{"damage":10,"enemies":"Large Slime","floor":7,"turns":10},{"damage":4,"enemies":"Blue Slaver","floor":8,"turns":5},{"damage":0,"enemies":"2 Fungi Beasts","floor":11,"turns":5},{"damage":1,"enemies":"Looter","floor":12,"turns":3},{"damage":0,"enemies":"Blue Slaver","floor":13,"turns":4},{"damage":12,"enemies":"Exordium Wildlife","floor":14,"turns":6},{"damage":4,"enemies":"Hexaghost","floor":16,"turns":8},{"damage":0,"enemies":"3 Byrds","floor":18,"turns":5},{"damage":5,"enemies":"Chosen","floor":21,"turns":6},{"damage":7,"enemies":"3 Cultists","floor":25,"turns":6},{"damage":24,"enemies":"Chosen and Byrds","floor":28,"turns":7},{"damage":0,"enemies":"Gremlin Leader","floor":30,"turns":7},{"damage":5,"enemies":"Shelled Parasite and Fungi","floor":31,"turns":5},{"damage":29,"enemies":"Collector","floor":33,"turns":11},{"damage":29,"enemies":"3 Darklings","floor":35,"turns":6},{"damage":0,"enemies":"3 Shapes","floor":39,"turns":4},{"damage":21,"enemies":"Giant Head","floor":41,"turns":11},{"damage":11,"enemies":"Nemesis","floor":48,"turns":11},{"damage":17,"enemies":"Donu and Deca","floor":50,"turns":15}],"seed_played":"-2193526321084405745","potions_obtained":[{"floor":5,"key":"Weak Potion"},{"floor":7,"key":"FearPotion"},{"floor":12,"key":"SpeedPotion"},{"floor":13,"key":"GhostInAJar"}],"is_trial":false,"path_per_floor":["M","$","?","M","M","E","M","M","T","R","M","M","M","M","R","B",null,"M","?","?","M","$","R","?","M","T","R","M","R","E","M","R","B",null,"M","?","$","?","M","R","E","?","T","?","?","R","T","E","R","B",null],"character_chosen":"THE_SILENT","items_purchased":["Leg Sweep","Oddly Smooth Stone","Footwork","Dark Shackles","Singing Bowl"],"campfire_rested":3,"item_purchase_floors":[2,22,22,22,37],"current_hp_per_floor":[67,67,67,67,67,34,24,20,20,20,20,19,19,7,30,26,64,64,50,34,29,29,53,53,46,46,46,22,46,46,41,41,12,65,36,36,36,36,38,38,17,17,17,17,70,70,70,66,66,49],"gold":307,"neow_bonus":"TEN_PERCENT_HP_BONUS","is_prod":false,"is_daily":false,"chose_seed":false,"campfire_upgraded":6,"win_rate":0,"timestamp":1552776088,"path_taken":["M","$","?","M","M","E","M","M","T","R","M","M","M","?","R","BOSS","M","?","?","M","$","R","?","M","T","R","M","R","E","?","R","BOSS","M","?","$","?","M","R","E","?","T","?","?","R","?","E","R","BOSS"],"build_version":"2019-01-23","purchased_purges":2,"victory":true,"max_hp_per_floor":[77,77,77,77,77,77,77,77,77,77,77,77,77,77,77,77,77,77,82,82,82,82,82,82,82,82,82,82,82,82,82,82,82,82,82,82,82,82,84,84,84,84,84,80,70,70,70,77,77,77],"card_choices":[{"not_picked":["Outmaneuver","All Out Attack"],"picked":"Poisoned Stab","floor":1},{"not_picked":["Eviscerate","Dagger Throw"],"picked":"Cloak And Dagger","floor":4},{"not_picked":["Expertise","Phantasmal Killer"],"picked":"Sucker Punch","floor":5},{"not_picked":["Deflect","Bouncing Flask"],"picked":"Catalyst","floor":6},{"not_picked":["Flying Knee","Sucker Punch"],"picked":"Dagger Spray","floor":7},{"not_picked":["Quick Slash","Eviscerate"],"picked":"Deflect","floor":7},{"not_picked":["Deflect","Flying Knee"],"picked":"Backflip","floor":8},{"not_picked":["Slice","Setup","Acrobatics"],"picked":"SKIP","floor":8},{"not_picked":["Choke","Reflex"],"picked":"Deadly Poison","floor":11},{"not_picked":["Noxious Fumes","Bane"],"picked":"Well Laid Plans","floor":11},{"not_picked":["Bane","Footwork"],"picked":"Burst","floor":12},{"not_picked":["Deflect","Well Laid Plans","Expertise"],"picked":"SKIP","floor":12},{"not_picked":["Poisoned Stab","Acrobatics"],"picked":"Crippling Poison","floor":13},{"not_picked":["Terror","Dagger Throw","Slice"],"picked":"SKIP","floor":13},{"not_picked":["Dagger Spray","Concentrate"],"picked":"Escape Plan","floor":14},{"not_picked":["Skewer","Poisoned Stab"],"picked":"Cloak And Dagger","floor":14},{"not_picked":["Glass Knife","Doppelganger"],"picked":"After Image","floor":16},{"not_picked":["Dagger Spray","Concentrate"],"picked":"Predator+1","floor":18},{"not_picked":["Eviscerate","Acrobatics","Bane"],"picked":"SKIP","floor":18},{"not_picked":["Backflip","Choke"],"picked":"Footwork","floor":21},{"not_picked":["Flying Knee","Blade Dance","Cloak And Dagger"],"picked":"SKIP","floor":21},{"not_picked":["Deflect","Flying Knee"],"picked":"Accuracy+1","floor":25},{"not_picked":["Slice","Dagger Throw","Quick Slash"],"picked":"SKIP","floor":25},{"not_picked":["Masterful Stab+1","Escape Plan"],"picked":"Blade Dance+1","floor":28},{"not_picked":["Sucker Punch","Corpse Explosion","Quick Slash"],"picked":"SKIP","floor":28},{"not_picked":["Dagger Spray","Prepared"],"picked":"Poisoned Stab+1","floor":30},{"not_picked":["Acrobatics","Deadly Poison"],"picked":"PiercingWail","floor":31},{"not_picked":["Endless Agony","Sucker Punch"],"picked":"PiercingWail","floor":31},{"not_picked":["A Thousand Cuts","Grand Finale"],"picked":"After Image","floor":33},{"not_picked":["Backflip","Prepared"],"picked":"Accuracy+1","floor":35},{"not_picked":["Acrobatics","Skewer","Eviscerate"],"picked":"SKIP","floor":35},{"not_picked":["Concentrate","Underhanded Strike+1"],"picked":"Footwork+1","floor":39},{"not_picked":["Dagger Throw","Caltrops","Dodge and Roll"],"picked":"Singing Bowl","floor":39},{"not_picked":["Bane+1","Dagger Spray+1"],"picked":"Deflect+1","floor":41},{"not_picked":["Flying Knee","Glass Knife"],"picked":"Catalyst+1","floor":48}],"player_experience":300273,"relics_obtained":[{"floor":6,"key":"Prayer Wheel"},{"floor":9,"key":"Gremlin Horn"},{"floor":20,"key":"Enchiridion"},{"floor":26,"key":"Omamori"},{"floor":30,"key":"Old Coin"},{"floor":41,"key":"Juzu Bracelet"},{"floor":43,"key":"Letter Opener"},{"floor":47,"key":"Bottled Tornado"},{"floor":48,"key":"Strawberry"}],"event_choices":[{"damage_healed":0,"gold_gain":0,"player_choice":"Upgraded","damage_taken":0,"max_hp_gain":0,"max_hp_loss":0,"event_name":"Upgrade Shrine","floor":3,"gold_loss":0,"cards_upgraded":["Leg Sweep"]},{"damage_healed":0,"gold_gain":0,"player_choice":"Shed Blood","damage_taken":19,"max_hp_gain":5,"max_hp_loss":0,"event_name":"Forgotten Altar","floor":19,"gold_loss":0},{"damage_healed":0,"gold_gain":0,"player_choice":"Obtained Book","damage_taken":16,"max_hp_gain":0,"max_hp_loss":0,"event_name":"Cursed Tome","floor":20,"gold_loss":0},{"damage_healed":0,"gold_gain":0,"player_choice":"Ignored","damage_taken":0,"max_hp_gain":0,"max_hp_loss":0,"event_name":"The Mausoleum","floor":24,"gold_loss":0},{"damage_healed":0,"gold_gain":0,"player_choice":"Ignored","damage_taken":0,"max_hp_gain":0,"max_hp_loss":0,"event_name":"Tomb of Lord Red Mask","floor":36,"gold_loss":0},{"damage_healed":0,"gold_gain":0,"player_choice":"Ignored","damage_taken":0,"max_hp_gain":0,"max_hp_loss":0,"event_name":"Mysterious Sphere","floor":38,"gold_loss":0},{"cards_removed":["Strike_G"],"damage_healed":0,"gold_gain":0,"player_choice":"Removed Attack","damage_taken":0,"max_hp_gain":0,"max_hp_loss":0,"event_name":"Falling","floor":42,"gold_loss":0},{"damage_healed":0,"gold_gain":0,"player_choice":"Max HP","damage_taken":0,"max_hp_gain":0,"max_hp_loss":4,"event_name":"Winding Halls","floor":44,"gold_loss":0},{"damage_healed":70,"gold_gain":0,"player_choice":"Heal","damage_taken":0,"max_hp_gain":0,"max_hp_loss":10,"event_name":"The Moai Head","floor":45,"gold_loss":0}],"is_beta":false,"boss_relics":[{"not_picked":["Coffee Dripper","Orrery"],"picked":"Sozu"},{"not_picked":["Lizard Tail","Tiny House"],"picked":"WristBlade"}],"items_purged_floors":[22,37],"is_endless":false,"potions_floor_spawned":[5,7,12,13,16,21,28,33,35,48],"ascension_level":6}