{"gold_per_floor":[116,128,138,151,166,166,186,186,210,135,135,161,161,188,200,283,295,317,229,239,20,30,30,46,64,64,76,76,176,26,46,46,122,122,137,156,156,166,166,166,166,185,235,245,114,142,142,14,14,14,14],"floor_reached":51,"playtime":2458,"items_purged":["Strike_G","Strike_G","Strike_G","Strike_G"],"score":1332,"play_id":"5416904f-4f93-4902-8abc-846d3a04a705","local_time":"20190203040044","is_ascension_mode":true,"campfire_choices":[{"data":"Neutralize","floor":6.0,"key":"SMITH"},{"data":"Prepared","floor":8.0,"key":"SMITH"},{"floor":11.0,"key":"REST"},{"data":"Setup","floor":13.0,"key":"SMITH"},{"data":"Grand Finale","floor":15.0,"key":"SMITH"},{"floor":23.0,"key":"REST"},{"floor":28.0,"key":"REST"},{"floor":32.0,"key":"REST"},{"floor":40,"key":"REST"},{"data":"Backflip","floor":47,"key":"SMITH"},{"data":"Footwork","floor":49,"key":"SMITH"}],"neow_cost":"NONE","seed_source_timestamp":289982464955500,"circlet_count":0,"master_deck":["AscendersBane","Defend_G","Defend_G","Defend_G","Defend_G","Strike_G","Survivor","Neutralize+1","Dagger Spray","Dagger Throw","Dagger Throw","Grand Finale+1","Underhanded Strike","Prepared+1","Setup+1","Heel Hook","PiercingWail","Finesse","Concentrate+1","Backflip+1","Acrobatics+1","Finesse","Backflip+1","Footwork+1"],"special_seed":0,"relics":["Ring of the Serpent","Bag of Preparation","Centennial Puzzle","MawBank","Runic Pyramid","Happy Flower","Pocketwatch","Ornamental Fan","War Paint","Art of War"],"potions_floor_usage":[46,50,51],"damage_taken":[{"damage":4.0,"enemies":"Small Slimes","floor":1.0,"turns":4.0},{"damage":4.0,"enemies":"Jaw Worm","floor":2.0,"turns":5.0},{"damage":0.0,"enemies":"2 Louse","floor":3.0,"turns":4.0},{"damage":3.0,"enemies":"Blue Slaver","floor":4.0,"turns":6.0},{"damage":7.0,"enemies":"Exordium Wildlife","floor":5.0,"turns":3.0},{"damage":4.0,"enemies":"Large Slime","floor":7.0,"turns":3.0},{"damage":25.0,"enemies":"Gremlin Nob","floor":12.0,"turns":4.0},{"damage":2.0,"enemies":"3 Sentries","floor":14.0,"turns":2.0},{"damage":34.0,"enemies":"Slime Boss","floor":16.0,"turns":5.0},{"damage":6.0,"enemies":"Shell Parasite","floor":18.0,"turns":2.0},{"damage":15.0,"enemies":"2 Thieves","floor":20.0,"turns":5.0},{"damage":0.0,"enemies":"3 Cultists","floor":22.0,"turns":2.0},{"damage":4.0,"enemies":"Shelled Parasite and Fungi","floor":24.0,"turns":2.0},{"damage":0.0,"enemies":"Centurion and Healer","floor":25.0,"turns":3.0},{"damage":31.0,"enemies":"Cultist and Chosen","floor":27.0,"turns":5.0},{"damage":11.0,"enemies":"Colosseum Slavers","floor":29.0,"turns":3.0},{"damage":3.0,"enemies":"Colosseum Nobs","floor":29.0,"turns":2.0},{"damage":4.0,"enemies":"Snake Plant","floor":31.0,"turns":3.0},{"damage":39.0,"enemies":"Automaton","floor":33.0,"turns":11.0},{"damage":0.0,"enemies":"Orb Walker","floor":35.0,"turns":2.0},{"damage":0.0,"enemies":"3 Darklings","floor":36.0,"turns":2.0},{"damage":17,"enemies":"Spire Growth","floor":38,"turns":4},{"damage":0,"enemies":"Jaw Worm Horde","floor":42,"turns":2},{"damage":4,"enemies":"4 Shapes","floor":44,"turns":2},{"damage":0,"enemies":"Reptomancer","floor":46,"turns":3},{"damage":7,"enemies":"Donu and Deca","floor":50,"turns":9},{"damage":53,"enemies":"Time Eater","floor":51,"turns":14}],"seed_played":"-796830335628926624","potions_obtained":[{"floor":3.0,"key":"Ancient Potion"},{"floor":4.0,"key":"Ancient Potion"},{"floor":5.0,"key":"SteroidPotion"},{"floor":24.0,"key":"Poison Potion"},{"floor":25.0,"key":"SkillPotion"},{"floor":27.0,"key":"Swift Potion"},{"floor":33.0,"key":"Explosive Potion"},{"floor":35.0,"key":"AttackPotion"},{"floor":46,"key":"SpeedPotion"}],"is_trial":false,"path_per_floor":["M","M","M","M","M","R","M","R","T","$","R","E","R","E","R","B",null,"M","$","M","$","M","R","M","M","T","M","R","?","$","M","R","B",null,"M","M","$","M","?","R","?","M","T","M","$","E","R","$","R","B","B"],"character_chosen":"THE_SILENT","items_purchased":["Finesse","Finesse","Backflip","Footwork","EssenceOfSteel"],"campfire_rested":5,"item_purchase_floors":[21,45,45,48,48],"current_hp_per_floor":[61,57,57,54,47,47,43,43,43,43,64,39,39,37,37,3,55,49,49,34,34,34,55,51,51,51,20,41,27,27,23,44,5,55,55,55,55,38,38,59,59,59,59,55,55,55,55,55,55,48,0],"gold":14,"neow_bonus":"TEN_PERCENT_HP_BONUS","is_prod":false,"is_daily":false,"chose_seed":false,"campfire_upgraded":6,"win_rate":0,"timestamp":1549134044,"path_taken":["M","M","M","M","M","R","M","R","T","$","R","E","R","E","R","BOSS","M","$","M","$","M","R","M","M","T","M","R","?","?","M","R","BOSS","M","M","$","M","?","R","?","M","T","M","?","E","R","$","R","BOSS","BOSS"],"build_version":"2019-01-23","purchased_purges":4,"victory":false,"max_hp_per_floor":[72,72,72,72,72,72,72,72,72,72,72,72,72,72,72,72,72,72,72,72,72,72,72,72,72,72,72,72,72,72,72,72,72,72,72,72,72,72,72,72,72,72,72,72,72,72,72,72,72,72,72],"card_choices":[{"not_picked":["Bane","Concentrate"],"picked":"Dagger Spray","floor":1.0},{"not_picked":["Skewer","Dodge and Roll"],"picked":"Dagger Throw","floor":2.0},{"not_picked":["Eviscerate","Sucker Punch"],"picked":"Dagger Throw","floor":3.0},{"not_picked":["Blade Dance","Outmaneuver"],"picked":"Grand Finale","floor":4.0},{"not_picked":["Finisher","Bouncing Flask"],"picked":"Underhanded Strike","floor":5.0},{"not_picked":["Outmaneuver","Dodge and Roll"],"picked":"Prepared","floor":7.0},{"not_picked":["Envenom","Bane"],"picked":"Setup","floor":12.0},{"not_picked":["Accuracy","Finisher"],"picked":"Heel Hook","floor":14.0},{"not_picked":["All Out Attack","PiercingWail","Backstab"],"picked":"SKIP","floor":18.0},{"not_picked":["All Out Attack","Backstab"],"picked":"PiercingWail","floor":18.0},{"not_picked":["Quick Slash+1","Bane","Well Laid Plans"],"picked":"SKIP","floor":20.0},{"not_picked":["Deflect","Bane+1","Prepared"],"picked":"SKIP","floor":22.0},{"not_picked":["All Out Attack","Slice","Endless Agony"],"picked":"SKIP","floor":24.0},{"not_picked":["Quick Slash+1","Expertise","Catalyst"],"picked":"SKIP","floor":25.0},{"not_picked":["Terror","Sucker Punch","Cloak And Dagger"],"picked":"SKIP","floor":27.0},{"not_picked":["Concentrate","Leg Sweep","Tools of the Trade"],"picked":"SKIP","floor":31.0},{"not_picked":["Leg Sweep","Tools of the Trade"],"picked":"Concentrate","floor":31.0},{"not_picked":["Dagger Throw+1","Flying Knee+1"],"picked":"Backflip+1","floor":35.0},{"not_picked":["All Out Attack","Finisher","Dagger Throw"],"picked":"SKIP","floor":36.0},{"not_picked":["Cloak And Dagger","PiercingWail","Blade Dance"],"picked":"SKIP","floor":38},{"not_picked":["Dodge and Roll+1","Footwork"],"picked":"Acrobatics","floor":42},{"not_picked":["Leg Sweep","Prepared","Outmaneuver"],"picked":"SKIP","floor":44},{"not_picked":["Blur","Glass Knife","Accuracy"],"picked":"SKIP","floor":46}],"player_experience":4200662,"relics_obtained":[{"floor":9.0,"key":"Bag of Preparation"},{"floor":12.0,"key":"Centennial Puzzle"},{"floor":14.0,"key":"MawBank"},{"floor":26.0,"key":"Happy Flower"},{"floor":29.0,"key":"Pocketwatch"},{"floor":29.0,"key":"Ornamental Fan"},{"floor":43,"key":"War Paint"},{"floor":46,"key":"Art of War"}],"event_choices":[{"damage_healed":0.0,"max_hp_gain":0.0,"max_hp_loss":0.0,"gold_gain":0.0,"event_name":"Colosseum","player_choice":"Fight","floor":29.0,"gold_loss":0.0,"damage_taken":0.0},{"damage_healed":0.0,"max_hp_gain":0.0,"max_hp_loss":0.0,"gold_gain":0.0,"event_name":"Colosseum","player_choice":"Fought Nobs","floor":29.0,"gold_loss":0.0,"damage_taken":0.0},{"cards_removed":["Defend_G"],"damage_healed":0,"gold_gain":0,"player_choice":"Removed Skill","damage_taken":0,"max_hp_gain":0,"max_hp_loss":0,"event_name":"Falling","floor":39,"gold_loss":0},{"damage_healed":0,"gold_gain":0,"player_choice":"Ignored","damage_taken":0,"max_hp_gain":0,"max_hp_loss":0,"event_name":"Tomb of Lord Red Mask","floor":41,"gold_loss":0}],"is_beta":false,"boss_relics":[{"not_picked":["Ectoplasm","HoveringKite"],"picked":"Runic Pyramid"},{"not_picked":["Runic Dome","WristBlade"],"picked":"Ring of the Serpent"}],"items_purged_floors":[10,19,21,30],"is_endless":false,"potions_floor_spawned":[3,4,5,24,25,27,29,33,35,38,46],"killed_by":"Time Eater","ascension_level":20}