{"gold_per_floor":[363,40,115,133,143,143,201,201,225,225],"floor_reached":10,"playtime":250,"items_purged":[],"score":132,"play_id":"bb9ce172-5a8d-4695-b603-a2fe1cc7556a","local_time":"20190320004546","is_ascension_mode":true,"campfire_choices":[{"data":"Armaments","floor":6,"key":"SMITH"}],"neow_cost":"TEN_PERCENT_HP_LOSS","seed_source_timestamp":287028900453484,"circlet_count":0,"master_deck":["AscendersBane","Strike_R","Strike_R","Strike_R","Strike_R","Strike_R","Defend_R","Defend_R","Defend_R","Defend_R","Bash","Armaments+1","Cleave","Pommel Strike"],"relics":["Burning Blood","Pocketwatch","Tiny Chest","Smiling Mask"],"potions_floor_usage":[],"damage_taken":[{"damage":4,"enemies":"Small Slimes","floor":1,"turns":5},{"damage":2,"enemies":"Jaw Worm","floor":4,"turns":5},{"damage":8,"enemies":"2 Louse","floor":5,"turns":2},{"damage":52,"enemies":"Gremlin Nob","floor":7,"turns":5},{"damage":0,"enemies":"3 Sentries","floor":10,"turns":2}],"seed_played":"2404763312630112415","potions_obtained":[{"floor":7,"key":"Poison Potion"}],"is_trial":false,"path_per_floor":["M","$","?","M","M","R","E","?","T","E"],"character_chosen":"IRONCLAD","items_purchased":["Pocketwatch"],"campfire_rested":0,"item_purchase_floors":[2],"current_hp_per_floor":[68,68,57,61,59,59,13,13,13,13],"gold":225,"neow_bonus":"TWO_FIFTY_GOLD","is_prod":false,"is_daily":false,"chose_seed":false,"campfire_upgraded":1,"win_rate":0,"timestamp":1553057146,"path_taken":["M","$","?","M","M","R","E","?","T","E"],"build_version":"2019-03-15","purchased_purges":0,"victory":false,"max_hp_per_floor":[68,68,68,68,68,68,68,68,68,68],"card_choices":[{"not_picked":["Havoc","Infernal Blade","Searing Blow"],"picked":"SKIP","floor":1},{"not_picked":["Flame Barrier","Thunderclap"],"picked":"Armaments","floor":4},{"not_picked":["Flame Barrier","Iron Wave"],"picked":"Cleave","floor":5},{"not_picked":["Second Wind","Dark Embrace"],"picked":"Pommel Strike","floor":7}],"player_experience":918761,"relics_obtained":[{"floor":7,"key":"Tiny Chest"},{"floor":9,"key":"Smiling Mask"}],"event_choices":[{"damage_healed":0,"gold_gain":75,"player_choice":"Gather Gold","damage_taken":11,"max_hp_gain":0,"max_hp_loss":0,"event_name":"World of Goop","floor":3,"gold_loss":0},{"damage_healed":0,"gold_gain":0,"player_choice":"Searched \u00270\u0027 times","damage_taken":0,"max_hp_gain":0,"max_hp_loss":0,"event_name":"Dead Adventurer","floor":8,"gold_loss":0}],"is_beta":true,"boss_relics":[],"items_purged_floors":[],"is_endless":false,"potions_floor_spawned":[7],"killed_by":"3 Sentries","ascension_level":20}