{"gold_per_floor":[110,123,143,143,157,157,185,185,237,237,237,237,265,282,282,386,386,402,419,434,452,452,452,482,482,506,518,545,575,587,181,181,282,282,292,304,353,353],"floor_reached":38,"playtime":2335,"items_purged":[],"score":560,"play_id":"5de6ea51-1fde-44fd-bd38-5cde213bea8e","local_time":"20190308000644","is_ascension_mode":true,"campfire_choices":[{"floor":6.0,"key":"REST"},{"data":"Streamline","floor":8.0,"key":"SMITH"},{"data":"Conserve Battery","floor":10.0,"key":"SMITH"},{"data":"Loop","floor":15.0,"key":"SMITH"},{"data":"Defragment","floor":23.0,"key":"SMITH"},{"floor":25.0,"key":"REST"},{"floor":32.0,"key":"REST"}],"neow_cost":"NONE","seed_source_timestamp":381984812630500,"circlet_count":0,"master_deck":["Strike_B+1","Strike_B+1","Strike_B+1","Strike_B+1","Defend_B+1","Defend_B+1","Defend_B+1","Defend_B+1","Zap","Dualcast","Loop+1","Ball Lightning","Conserve Battery+1","Streamline+1","Reinforced Body","Coolheaded","Electrodynamics","Stack+1","FTL","Cold Snap+1","Defragment+1","Stack+1","Redo+1","Compile Driver+1","Apotheosis","Amplify","Go for the Eyes","Conserve Battery","Aggregate"],"special_seed":0,"relics":["Cracked Core","Regal Pillow","Symbiotic Virus","Art of War","Pen Nib","Nuclear Battery","DataDisk","MawBank","Tiny Chest","Inserter","Dead Branch"],"potions_floor_usage":[38],"damage_taken":[{"damage":1.0,"enemies":"Cultist","floor":1.0,"turns":3.0},{"damage":7.0,"enemies":"Jaw Worm","floor":2.0,"turns":3.0},{"damage":4.0,"enemies":"2 Louse","floor":3.0,"turns":2.0},{"damage":8.0,"enemies":"Lots of Slimes","floor":5.0,"turns":3.0},{"damage":25.0,"enemies":"3 Sentries","floor":7.0,"turns":5.0},{"damage":4.0,"enemies":"Gremlin Nob","floor":13.0,"turns":4.0},{"damage":0.0,"enemies":"Looter","floor":14.0,"turns":2.0},{"damage":4.0,"enemies":"The Guardian","floor":16.0,"turns":10.0},{"damage":8.0,"enemies":"Shell Parasite","floor":18.0,"turns":3.0},{"damage":3.0,"enemies":"2 Thieves","floor":19.0,"turns":3.0},{"damage":3.0,"enemies":"Snake Plant","floor":20.0,"turns":4.0},{"damage":11.0,"enemies":"Cultist and Chosen","floor":21.0,"turns":6.0},{"damage":42.0,"enemies":"Slavers","floor":24.0,"turns":7.0},{"damage":6.0,"enemies":"Centurion and Healer","floor":28.0,"turns":4.0},{"damage":18.0,"enemies":"Shelled Parasite and Fungi","floor":29.0,"turns":4.0},{"damage":45.0,"enemies":"Automaton","floor":33.0,"turns":7.0},{"damage":0.0,"enemies":"3 Shapes","floor":35.0,"turns":5.0},{"damage":18.0,"enemies":"3 Darklings","floor":36.0,"turns":4.0},{"damage":29.0,"enemies":"2 Orb Walkers","floor":37.0,"turns":4.0},{"damage":25,"enemies":"Jaw Worm Horde","floor":38,"turns":1}],"seed_played":"-2213101489436328119","potions_obtained":[{"floor":2.0,"key":"Weak Potion"},{"floor":3.0,"key":"Poison Potion"},{"floor":14.0,"key":"FearPotion"},{"floor":19.0,"key":"Block Potion"},{"floor":24.0,"key":"Fire Potion"},{"floor":29.0,"key":"FearPotion"},{"floor":33.0,"key":"SpeedPotion"},{"floor":37.0,"key":"Explosive Potion"}],"is_trial":false,"path_per_floor":["M","M","M","$","M","R","E","R","T","R","$","?","E","M","R","B",null,"M","M","M","M","?","R","E","R","T","?","M","M","?","$","R","B",null,"M","M","?","M"],"character_chosen":"DEFECT","items_purchased":["Tiny Chest","Apotheosis","FocusPotion","Fire Potion"],"campfire_rested":3,"item_purchase_floors":[31,31,31,31],"current_hp_per_floor":[67,60,56,56,48,75,50,50,50,50,50,75,71,71,71,67,73,65,62,59,48,73,73,31,68,68,68,62,44,44,44,75,30,64,64,46,17,0],"gold":353,"neow_bonus":"RANDOM_COMMON_RELIC","is_prod":false,"is_daily":false,"chose_seed":false,"campfire_upgraded":4,"win_rate":0,"timestamp":1552000004,"path_taken":["M","M","M","$","M","R","E","R","T","R","?","?","E","?","R","BOSS","M","M","M","M","?","R","E","R","T","?","?","M","?","$","R","BOSS","M","M","?","M"],"build_version":"2019-01-23","purchased_purges":0,"victory":false,"max_hp_per_floor":[75,75,75,75,75,75,75,75,75,75,75,75,75,75,75,75,75,75,75,75,75,75,75,75,75,75,75,75,75,75,75,75,75,75,75,75,75,75],"card_choices":[{"not_picked":["Stack","Ball Lightning"],"picked":"Loop","floor":1.0},{"not_picked":["Redo","Compile Driver"],"picked":"Sunder","floor":2.0},{"not_picked":["Compile Driver","Rebound"],"picked":"Ball Lightning","floor":3.0},{"not_picked":["Sweeping Beam","Barrage"],"picked":"Conserve Battery","floor":5.0},{"not_picked":["Meteor Strike","Leap"],"picked":"Streamline","floor":7.0},{"not_picked":["Static Discharge","Redo"],"picked":"Reinforced Body","floor":13.0},{"not_picked":["Heatsinks","Skim"],"picked":"Coolheaded","floor":14.0},{"not_picked":["Buffer","Thunder Strike"],"picked":"Electrodynamics","floor":16.0},{"not_picked":["Coolheaded","Ball Lightning"],"picked":"Stack+1","floor":18.0},{"not_picked":["Chaos","White Noise"],"picked":"FTL","floor":19.0},{"not_picked":["Chill","Darkness"],"picked":"Cold Snap+1","floor":20.0},{"not_picked":["Rebound+1","Sweeping Beam"],"picked":"Defragment","floor":21.0},{"not_picked":["Streamline","Compile Driver"],"picked":"Stack+1","floor":24.0},{"not_picked":["Blizzard","Turbo"],"picked":"Redo+1","floor":28.0},{"not_picked":["Coolheaded","Force Field"],"picked":"Compile Driver+1","floor":29.0},{"not_picked":["Fission","Creative AI"],"picked":"Amplify","floor":33.0},{"not_picked":["Beam Cell+1","Sweeping Beam"],"picked":"Go for the Eyes","floor":35.0},{"not_picked":["Redo","Rebound+1"],"picked":"Conserve Battery","floor":36.0},{"not_picked":["Coolheaded+1","Hello World+1"],"picked":"Aggregate","floor":37.0}],"player_experience":551968,"relics_obtained":[{"floor":7.0,"key":"Symbiotic Virus"},{"floor":9.0,"key":"Art of War"},{"floor":13.0,"key":"Pen Nib"},{"floor":24.0,"key":"DataDisk"},{"floor":26.0,"key":"MawBank"},{"floor":37.0,"key":"Dead Branch"}],"event_choices":[{"cards_removed":["Sunder"],"damage_healed":25.0,"max_hp_gain":0.0,"max_hp_loss":0.0,"gold_gain":0.0,"event_name":"Bonfire Elementals","player_choice":"Offered Uncommon","floor":12.0,"gold_loss":0.0,"damage_taken":0.0},{"damage_healed":25.0,"max_hp_gain":0.0,"max_hp_loss":0.0,"gold_gain":0.0,"event_name":"The Library","player_choice":"Heal","floor":22.0,"gold_loss":0.0,"damage_taken":0.0},{"damage_healed":0.0,"max_hp_gain":0.0,"max_hp_loss":0.0,"gold_gain":0.0,"event_name":"FaceTrader","player_choice":"Leave","floor":27.0,"gold_loss":0.0,"damage_taken":0.0},{"damage_healed":0.0,"max_hp_gain":0.0,"max_hp_loss":0.0,"gold_gain":0.0,"event_name":"Back to Basics","player_choice":"Simplicity","floor":30.0,"gold_loss":0.0,"damage_taken":0.0,"cards_upgraded":["Strike_B","Strike_B","Strike_B","Strike_B","Defend_B","Defend_B","Defend_B","Defend_B"]},{"damage_healed":0.0,"max_hp_gain":0.0,"max_hp_loss":0.0,"gold_gain":0.0,"event_name":"Mysterious Sphere","player_choice":"Fight","floor":37.0,"gold_loss":0.0,"damage_taken":0.0}],"is_beta":false,"boss_relics":[{"not_picked":["Black Star","Eternal Feather"],"picked":"Nuclear Battery"},{"not_picked":["White Beast Statue","Sozu"],"picked":"Inserter"}],"items_purged_floors":[],"is_endless":false,"potions_floor_spawned":[2,3,14,19,24,29,33,37],"killed_by":"Jaw Worm Horde","ascension_level":6}