{"gold_per_floor":[111,125,137,155,174,174,201,217,217,217,230,260,260,279,279,353,353,253,153,153,153,153,153,1,1,1,1,1,1,1,1,1,1,1,1,1,1,1,1,1,1],"floor_reached":41,"playtime":1463,"items_purged":["Strike_G","Strike_G"],"score":879,"play_id":"7f35764a-7c07-4b20-b0e5-91d411be12d8","local_time":"20190120011925","is_ascension_mode":true,"campfire_choices":[{"floor":6.0,"key":"REST"},{"data":"Cloak And Dagger","floor":10.0,"key":"SMITH"},{"data":"Deadly Poison","floor":15,"key":"SMITH"},{"data":"Envenom","floor":28,"key":"SMITH"},{"data":"Leg Sweep","floor":30,"key":"SMITH"},{"data":"Cloak And Dagger","floor":32,"key":"SMITH"}],"neow_cost":"PERCENT_DAMAGE","seed_source_timestamp":28822816527769,"circlet_count":0,"master_deck":["AscendersBane","Defend_G","Defend_G","Defend_G","Strike_G","Strike_G","Strike_G","Survivor","Neutralize","Skewer","Flying Knee","Deadly Poison+1","Leg Sweep+1","PiercingWail","Deflect","Cloak And Dagger+1","Dodge and Roll","Dash","Doppelganger","Envenom+1","Endless Agony","Cloak And Dagger+1","PiercingWail","Distraction+1","Cloak And Dagger","Cloak And Dagger","Backstab","Terror","After Image","Blade Dance+1","PiercingWail","Blur"],"special_seed":0,"relics":["Ring of the Snake","Kunai","Meat on the Bone","Thread and Needle","Ectoplasm","Oddly Smooth Stone","Pantograph","Anchor","Runic Dome"],"potions_floor_usage":[12,12,21,23,38],"damage_taken":[{"damage":0.0,"enemies":"2 Louse","floor":1.0,"turns":3.0},{"damage":2.0,"enemies":"Small Slimes","floor":2.0,"turns":5.0},{"damage":4.0,"enemies":"Cultist","floor":3.0,"turns":3.0},{"damage":10.0,"enemies":"Lots of Slimes","floor":4.0,"turns":6.0},{"damage":7.0,"enemies":"Exordium Wildlife","floor":5.0,"turns":6.0},{"damage":38.0,"enemies":"3 Sentries","floor":7.0,"turns":16.0},{"damage":1.0,"enemies":"3 Louse","floor":8.0,"turns":4.0},{"damage":1.0,"enemies":"Blue Slaver","floor":11.0,"turns":4.0},{"damage":18,"enemies":"Gremlin Nob","floor":12,"turns":4},{"damage":0,"enemies":"Looter","floor":14,"turns":3},{"damage":5,"enemies":"The Guardian","floor":16,"turns":16},{"damage":4,"enemies":"2 Thieves","floor":18,"turns":4},{"damage":7,"enemies":"Spheric Guardian","floor":21,"turns":8},{"damage":23,"enemies":"Snecko","floor":22,"turns":9},{"damage":30,"enemies":"Book of Stabbing","floor":23,"turns":7},{"damage":2,"enemies":"Chosen and Byrds","floor":25,"turns":8},{"damage":23,"enemies":"Champ","floor":33,"turns":16},{"damage":20,"enemies":"3 Darklings","floor":35,"turns":7},{"damage":0,"enemies":"Orb Walker","floor":36,"turns":4},{"damage":24,"enemies":"Sphere and 2 Shapes","floor":37,"turns":7},{"damage":19,"enemies":"4 Shapes","floor":38,"turns":8},{"damage":122,"enemies":"Giant Head","floor":41,"turns":9}],"seed_played":"2542443035938244875","potions_obtained":[{"floor":1.0,"key":"LiquidBronze"},{"floor":4.0,"key":"GhostInAJar"},{"floor":7.0,"key":"Poison Potion"},{"floor":14,"key":"GamblersBrew"},{"floor":21,"key":"FearPotion"},{"floor":33,"key":"LiquidBronze"},{"floor":37,"key":"EssenceOfSteel"},{"floor":38,"key":"LiquidBronze"}],"is_trial":false,"path_per_floor":["M","M","M","M","M","R","E","M","T","R","M","E","?","M","R","B",null,"M","$","?","M","M","E","$","M","T","T","R","$","R","?","R","B",null,"M","M","M","M","$","?","E"],"character_chosen":"THE_SILENT","items_purchased":["Cloak And Dagger","Cloak And Dagger"],"campfire_rested":1,"item_purchase_floors":[19,24],"current_hp_per_floor":[56,54,50,40,33,56,18,17,17,17,28,22,22,34,34,41,69,65,65,65,58,47,29,29,39,39,39,39,39,39,39,39,41,69,49,49,37,30,30,64,0],"gold":1,"neow_bonus":"TWENTY_PERCENT_HP_BONUS","is_prod":false,"is_daily":false,"chose_seed":false,"campfire_upgraded":5,"win_rate":0,"timestamp":1547914765,"path_taken":["M","M","M","M","M","R","E","M","T","R","M","E","?","M","R","BOSS","M","$","?","?","M","E","?","M","T","?","R","?","R","?","R","BOSS","M","M","M","M","$","?","E"],"build_version":"2019-01-17v2","purchased_purges":2,"victory":false,"max_hp_per_floor":[78,78,78,78,78,78,78,78,78,78,78,78,78,78,78,78,78,78,78,78,78,78,78,78,78,78,78,78,78,78,78,78,78,78,78,78,78,78,78,64,64],"card_choices":[{"not_picked":["PiercingWail","Finisher"],"picked":"Skewer","floor":1.0},{"not_picked":["Deadly Poison","Finisher"],"picked":"Flying Knee","floor":2.0},{"not_picked":["Choke","Acrobatics"],"picked":"Deadly Poison","floor":3.0},{"not_picked":["Blade Dance","Deflect"],"picked":"Leg Sweep","floor":4.0},{"not_picked":["Sucker Punch","Poisoned Stab"],"picked":"PiercingWail","floor":5.0},{"not_picked":["Dagger Spray","Bullet Time"],"picked":"Deflect","floor":7.0},{"not_picked":["Dodge and Roll","Slice"],"picked":"Cloak And Dagger","floor":8.0},{"not_picked":["Deadly Poison","Quick Slash"],"picked":"Dodge and Roll","floor":11.0},{"not_picked":["Leg Sweep","Dagger Throw"],"picked":"Dash","floor":12},{"not_picked":["Sucker Punch","Finisher"],"picked":"Doppelganger","floor":14},{"not_picked":["Bullet Time","Night Terror"],"picked":"Envenom","floor":16},{"not_picked":["Dagger Throw","Tactician"],"picked":"Endless Agony","floor":18},{"not_picked":["Heel Hook","Underhanded Strike"],"picked":"PiercingWail","floor":21},{"not_picked":["Heel Hook","Calculated Gamble"],"picked":"Distraction+1","floor":22},{"not_picked":["Dagger Throw","Flying Knee","Unload"],"picked":"SKIP","floor":23},{"not_picked":["Outmaneuver+1","Deflect"],"picked":"Cloak And Dagger","floor":25},{"not_picked":["A Thousand Cuts","Glass Knife"],"picked":"After Image","floor":33},{"not_picked":["Flying Knee","Quick Slash","Dagger Spray"],"picked":"SKIP","floor":35},{"not_picked":["Poisoned Stab","Sucker Punch"],"picked":"Blade Dance+1","floor":36},{"not_picked":["Dagger Spray+1","Prepared+1"],"picked":"PiercingWail","floor":37},{"not_picked":["Bouncing Flask","Bane"],"picked":"Blur","floor":38}],"player_experience":4160958,"relics_obtained":[{"floor":7.0,"key":"Kunai"},{"floor":9.0,"key":"Meat on the Bone"},{"floor":12,"key":"Thread and Needle"},{"floor":23,"key":"Oddly Smooth Stone"},{"floor":26,"key":"Pantograph"},{"floor":27,"key":"Anchor"}],"event_choices":[{"damage_healed":0,"gold_gain":0,"player_choice":"Searched \u00271\u0027 times","damage_taken":0,"max_hp_gain":0,"max_hp_loss":0,"event_name":"Dead Adventurer","floor":13,"gold_loss":0},{"damage_healed":0,"gold_gain":0,"player_choice":"0 cards matched","damage_taken":0,"max_hp_gain":0,"max_hp_loss":0,"event_name":"Match and Keep!","floor":20,"gold_loss":0,"cards_obtained":[]},{"damage_healed":0,"gold_gain":0,"cards_transformed":["Defend_G","Defend_G"],"player_choice":"Became Test Subject","damage_taken":0,"max_hp_gain":0,"max_hp_loss":0,"event_name":"Drug Dealer","floor":31,"gold_loss":0,"cards_obtained":["Backstab","Terror"]},{"damage_healed":64,"gold_gain":0,"player_choice":"Heal","damage_taken":0,"max_hp_gain":0,"max_hp_loss":14,"event_name":"The Moai Head","floor":40,"gold_loss":0}],"is_beta":false,"boss_relics":[{"not_picked":["Black Star","Calling Bell"],"picked":"Ectoplasm"},{"not_picked":["HoveringKite","Velvet Choker"],"picked":"Runic Dome"}],"items_purged_floors":[19,24],"is_endless":false,"potions_floor_spawned":[1,4,5,7,14,21,33,37,38],"killed_by":"Giant Head","ascension_level":20}