{"gold_per_floor":[111,128,203,221,221,250,66,76,125,49,49,49,69,83,83,181,181,192,192,0,12,30,30,30],"floor_reached":24,"playtime":981,"items_purged":[],"score":257,"play_id":"dd417e38-e918-4e2b-a97b-ea3a3bef5e1b","local_time":"20190320122456","is_ascension_mode":true,"campfire_choices":[{"floor":11,"key":"REST"},{"floor":15,"key":"REST"},{"floor":23,"key":"REST"}],"neow_cost":"NONE","seed_source_timestamp":934055223267940,"circlet_count":0,"master_deck":["Strike_R","Strike_R","Strike_R","Strike_R","Strike_R","Defend_R","Defend_R","Defend_R","Defend_R","Bash","Limit Break+1","Shockwave","Warcry","Shrug It Off","Spot Weakness","Inflame","Headbutt","Ghostly Armor","Deep Breath","Demon Form","Immolate","Intimidate"],"relics":["Black Blood","Question Card","Blood Vial","Red Skull"],"potions_floor_usage":[8,22,24],"damage_taken":[{"damage":2,"enemies":"2 Louse","floor":1,"turns":3},{"damage":10,"enemies":"Jaw Worm","floor":2,"turns":4},{"damage":7,"enemies":"Cultist","floor":4,"turns":5},{"damage":58,"enemies":"Lagavulin","floor":6,"turns":9},{"damage":8,"enemies":"Blue Slaver","floor":8,"turns":5},{"damage":0,"enemies":"Looter","floor":13,"turns":3},{"damage":22,"enemies":"3 Louse","floor":14,"turns":3},{"damage":34,"enemies":"Hexaghost","floor":16,"turns":8},{"damage":35,"enemies":"3 Byrds","floor":18,"turns":4},{"damage":44,"enemies":"Colosseum Slavers","floor":19,"turns":6},{"damage":10,"enemies":"Shell Parasite","floor":21,"turns":5},{"damage":10,"enemies":"Snecko","floor":22,"turns":4},{"damage":45,"enemies":"Book of Stabbing","floor":24,"turns":4}],"seed_played":"-1637212215912678422","potions_obtained":[{"floor":1,"key":"SpeedPotion"},{"floor":4,"key":"FearPotion"},{"floor":13,"key":"PowerPotion"},{"floor":22,"key":"SkillPotion"}],"is_trial":false,"path_per_floor":["M","M","?","M","?","E","$","M","T","$","R","?","M","M","R","B",null,"M","?","?","M","M","R","E"],"character_chosen":"IRONCLAD","items_purchased":["Blood Vial","Inflame","Ghostly Armor"],"campfire_rested":3,"item_purchase_floors":[7,7,10],"current_hp_per_floor":[76,72,61,60,60,8,8,8,8,8,32,32,40,26,50,24,66,43,11,11,13,15,39,0],"gold":30,"neow_bonus":"ONE_RANDOM_RARE_CARD","is_prod":false,"is_daily":false,"chose_seed":false,"campfire_upgraded":0,"win_rate":0,"timestamp":1553099096,"path_taken":["M","M","?","M","?","E","$","M","T","$","R","?","?","M","R","BOSS","M","?","?","M","M","R","E"],"build_version":"2019-01-23","purchased_purges":0,"victory":false,"max_hp_per_floor":[80,80,80,80,80,80,80,80,80,80,80,80,80,80,80,80,80,80,80,80,80,80,80,80],"card_choices":[{"not_picked":["Combust","Evolve"],"picked":"Shockwave","floor":1},{"not_picked":["Power Through","Perfected Strike"],"picked":"Warcry","floor":2},{"not_picked":["Seeing Red","Flex"],"picked":"Shrug It Off","floor":4},{"not_picked":["Pommel Strike","Fire Breathing"],"picked":"Spot Weakness","floor":6},{"not_picked":["Body Slam","Twin Strike","Sword Boomerang"],"picked":"Headbutt","floor":8},{"not_picked":["True Grit","Reckless Charge","Fire Breathing","Warcry"],"picked":"SKIP","floor":13},{"not_picked":["Feel No Pain","Sword Boomerang","Perfected Strike","Headbutt"],"picked":"SKIP","floor":14},{"not_picked":["Fiend Fire","Bludgeon","Exhume"],"picked":"Immolate","floor":16},{"not_picked":["Heavy Blade","Headbutt","Cleave+1","Searing Blow"],"picked":"SKIP","floor":18},{"not_picked":["Havoc","Flex+1","Cleave"],"picked":"Intimidate","floor":21},{"not_picked":["Heavy Blade","Perfected Strike","Dark Embrace","Body Slam"],"picked":"SKIP","floor":22}],"player_experience":314855,"relics_obtained":[{"floor":6,"key":"Question Card"},{"floor":9,"key":"Red Skull"}],"event_choices":[{"damage_healed":0,"gold_gain":75,"player_choice":"Gather Gold","damage_taken":11,"max_hp_gain":0,"max_hp_loss":0,"event_name":"World of Goop","floor":3,"gold_loss":0},{"damage_healed":0,"gold_gain":0,"player_choice":"Grow","damage_taken":0,"max_hp_gain":0,"max_hp_loss":0,"event_name":"Living Wall","floor":5,"gold_loss":0,"cards_upgraded":["Limit Break"]},{"damage_healed":0,"gold_gain":0,"player_choice":"2 cards matched","damage_taken":0,"max_hp_gain":0,"max_hp_loss":0,"event_name":"Match and Keep!","floor":12,"gold_loss":0,"cards_obtained":["Deep Breath","Demon Form"]},{"damage_healed":0,"gold_gain":0,"player_choice":"Fight","damage_taken":0,"max_hp_gain":0,"max_hp_loss":0,"event_name":"Colosseum","floor":19,"gold_loss":0},{"damage_healed":0,"gold_gain":0,"player_choice":"Fled From Nobs","damage_taken":0,"max_hp_gain":0,"max_hp_loss":0,"event_name":"Colosseum","floor":19,"gold_loss":0},{"damage_healed":0,"gold_gain":0,"player_choice":"Paid Fearfully","damage_taken":0,"max_hp_gain":0,"max_hp_loss":0,"event_name":"Masked Bandits","floor":20,"gold_loss":192}],"is_beta":false,"boss_relics":[{"not_picked":["Lizard Tail","Runic Dome"],"picked":"Black Blood"}],"items_purged_floors":[],"is_endless":false,"potions_floor_spawned":[1,4,13,19,22],"killed_by":"Book of Stabbing","ascension_level":6}