{"gold_per_floor":[119,119,140,240,4,4,40,59,59,59],"floor_reached":10,"playtime":251,"items_purged":["Injury"],"score":119,"play_id":"8a904c92-430a-4eb4-b0d6-eaa84f30d10d","local_time":"20190311194337","is_ascension_mode":true,"campfire_choices":[{"data":"Sword Boomerang","floor":6,"key":"SMITH"}],"neow_cost":"NONE","seed_source_timestamp":351470723200700,"circlet_count":0,"master_deck":["AscendersBane","Strike_R","Strike_R","Strike_R","Strike_R","Strike_R","Defend_R","Defend_R","Defend_R","Defend_R","Bash","Impatience","Flex","Sword Boomerang+1","Body Slam","Clothesline"],"relics":["Burning Blood","Golden Idol","Bronze Scales","Charon\u0027s Ashes","Shovel"],"potions_floor_usage":[7],"damage_taken":[{"damage":11,"enemies":"2 Louse","floor":1,"turns":3},{"damage":11,"enemies":"Cultist","floor":3,"turns":4},{"damage":35,"enemies":"Lagavulin","floor":7,"turns":6},{"damage":12,"enemies":"Jaw Worm","floor":8,"turns":3},{"damage":24,"enemies":"Exordium Wildlife","floor":10,"turns":2}],"seed_played":"-3896062771109859002","potions_obtained":[{"floor":3,"key":"Fire Potion"},{"floor":8,"key":"BloodPotion"}],"is_trial":false,"path_per_floor":["M","?","M","?","$","R","E","M","T","M"],"character_chosen":"IRONCLAD","items_purchased":["Bronze Scales"],"campfire_rested":0,"item_purchase_floors":[5],"current_hp_per_floor":[63,63,58,58,58,58,29,23,23,0],"gold":59,"neow_bonus":"RANDOM_COLORLESS","is_prod":false,"is_daily":false,"chose_seed":false,"campfire_upgraded":1,"win_rate":0,"timestamp":1552347817,"path_taken":["M","?","M","?","$","R","E","?","T","M"],"build_version":"2019-02-06","purchased_purges":1,"victory":false,"max_hp_per_floor":[75,75,75,75,75,75,75,75,75,75],"card_choices":[{"not_picked":["Bloodletting","Corruption"],"picked":"Flex","floor":1},{"not_picked":["Hemokinesis","Evolve"],"picked":"Sword Boomerang","floor":3},{"not_picked":["Sword Boomerang","Dropkick"],"picked":"Body Slam","floor":7},{"not_picked":["Uppercut","Body Slam"],"picked":"Clothesline","floor":8}],"player_experience":637206,"relics_obtained":[{"floor":7,"key":"Charon\u0027s Ashes"},{"floor":9,"key":"Shovel"}],"event_choices":[{"damage_healed":0,"gold_gain":0,"player_choice":"Take Wound","damage_taken":0,"relics_obtained":["Golden Idol"],"max_hp_gain":0,"max_hp_loss":0,"event_name":"Golden Idol","floor":2,"gold_loss":0,"cards_obtained":["Injury"]},{"damage_healed":0,"gold_gain":100,"player_choice":"Gold","damage_taken":0,"max_hp_gain":0,"max_hp_loss":0,"event_name":"Wheel of Change","floor":4,"gold_loss":0}],"is_beta":true,"boss_relics":[],"items_purged_floors":[5],"is_endless":false,"potions_floor_spawned":[3,8],"killed_by":"Exordium Wildlife","ascension_level":16}