{"gold_per_floor":[114,189,200,200,269,302,302,333,379,304,304,55,86,97,97,168,168,183,183,183,201,219,219,219,219,246,246,279,294,26,26,26,100,100,111,0,0,13,13],"floor_reached":39,"playtime":1393,"items_purged":[],"score":926,"play_id":"828dcdda-722b-446d-b0e6-e3e99d9202e0","local_time":"20190315005044","is_ascension_mode":true,"campfire_choices":[{"data":"Twin Strike","floor":7,"key":"SMITH"},{"floor":11,"key":"REST"},{"data":"Armaments","floor":15,"key":"SMITH"},{"floor":23,"key":"REST"},{"data":"Offering","floor":27,"key":"SMITH"},{"floor":32,"key":"REST"}],"neow_cost":"NONE","seed_source_timestamp":173066621285300,"circlet_count":0,"master_deck":["AscendersBane","Bash","Heavy Blade","Pummel","Twin Strike+1","Shrug It Off","Offering","Ghostly Armor","Armaments+1","Demon Form","Feel No Pain","Anger","Reckless Charge","Inflame","Rampage","Offering+1","Double Tap","Intimidate","Thunderclap","Sword Boomerang","Twin Strike","Feed","Metallicize+1"],"relics":["Burning Blood","NeowsBlessing","Boot","PreservedInsect","Regal Pillow","Oddly Smooth Stone","Dream Catcher","Pandora\u0027s Box","Art of War","Self Forming Clay","Bottled Tornado","MutagenicStrength","Sozu","Red Mask"],"potions_floor_usage":[22,33],"damage_taken":[{"damage":0,"enemies":"Jaw Worm","floor":1,"turns":1},{"damage":0,"enemies":"Small Slimes","floor":3,"turns":1},{"damage":0,"enemies":"Lagavulin","floor":6,"turns":1},{"damage":39,"enemies":"3 Sentries","floor":8,"turns":10},{"damage":6,"enemies":"Gremlin Nob","floor":13,"turns":2},{"damage":0,"enemies":"2 Louse","floor":14,"turns":2},{"damage":46,"enemies":"The Guardian","floor":16,"turns":16},{"damage":24,"enemies":"2 Thieves","floor":18,"turns":3},{"damage":39,"enemies":"Chosen","floor":21,"turns":5},{"damage":19,"enemies":"Snecko","floor":22,"turns":3},{"damage":30,"enemies":"Slavers","floor":28,"turns":3},{"damage":33,"enemies":"Shelled Parasite and Fungi","floor":29,"turns":4},{"damage":57,"enemies":"Collector","floor":33,"turns":7},{"damage":39,"enemies":"3 Darklings","floor":35,"turns":5},{"damage":14,"enemies":"3 Shapes","floor":38,"turns":5},{"damage":26,"enemies":"Writhing Mass","floor":39,"turns":4}],"seed_played":"1050122397825152535","potions_obtained":[{"floor":3,"key":"SkillPotion"},{"floor":6,"key":"FearPotion"},{"floor":21,"key":"AttackPotion"},{"floor":22,"key":"Regen Potion"}],"is_trial":false,"path_per_floor":["M","?","M","?","?","E","R","E","T","?","R","$","E","M","R","B",null,"M","?","$","M","M","R","$","?","T","R","E","M","$","?","R","B",null,"M","?","?","M","M"],"character_chosen":"IRONCLAD","items_purchased":["Offering","Oddly Smooth Stone","Bottled Tornado"],"campfire_rested":3,"item_purchase_floors":[12,12,30],"current_hp_per_floor":[74,63,69,46,46,52,52,19,19,19,56,56,56,62,62,22,62,44,75,75,42,29,66,66,75,75,75,51,24,24,24,61,15,60,30,30,30,25,0],"gold":13,"neow_bonus":"THREE_ENEMY_KILL","is_prod":false,"is_daily":false,"chose_seed":false,"campfire_upgraded":3,"win_rate":0,"timestamp":1552625444,"path_taken":["M","?","M","?","?","E","R","E","T","?","R","$","E","M","R","BOSS","M","?","?","M","?","R","$","?","T","R","E","M","$","?","R","BOSS","M","?","?","?","M"],"build_version":"2019-02-06","purchased_purges":0,"victory":false,"max_hp_per_floor":[75,75,75,75,75,75,75,75,75,75,75,75,75,75,75,75,75,75,75,75,75,75,75,75,75,75,75,75,75,75,75,75,75,75,78,78,78,81,81],"card_choices":[{"not_picked":["Warcry","Dual Wield"],"picked":"Heavy Blade","floor":1},{"not_picked":["Body Slam","Metallicize"],"picked":"Pummel","floor":3},{"not_picked":["Bloodletting","Clothesline"],"picked":"Twin Strike","floor":6},{"not_picked":["True Grit","Fire Breathing"],"picked":"Shrug It Off","floor":8},{"not_picked":["Wild Strike","Pommel Strike"],"picked":"Ghostly Armor","floor":13},{"not_picked":["Second Wind","Exhume"],"picked":"Armaments","floor":14},{"not_picked":["Juggernaut","Offering"],"picked":"Demon Form","floor":16},{"not_picked":["Rupture+1","Evolve"],"picked":"Intimidate","floor":18},{"not_picked":["Armaments","Shrug It Off"],"picked":"Thunderclap","floor":21},{"not_picked":["Headbutt","Clash"],"picked":"Sword Boomerang","floor":22},{"not_picked":["Reckless Charge","Iron Wave"],"picked":"Twin Strike","floor":28},{"not_picked":["Armaments","Demon Form","Havoc"],"picked":"SKIP","floor":29},{"not_picked":["Dark Embrace","Juggernaut"],"picked":"Feed","floor":33},{"not_picked":["Pommel Strike","Warcry"],"picked":"Metallicize+1","floor":35},{"not_picked":["True Grit","Clothesline","Havoc"],"picked":"SKIP","floor":38}],"player_experience":660660,"relics_obtained":[{"floor":6,"key":"Boot"},{"floor":8,"key":"PreservedInsect"},{"floor":9,"key":"Regal Pillow"},{"floor":13,"key":"Dream Catcher"},{"floor":26,"key":"Art of War"},{"floor":28,"key":"Self Forming Clay"}],"event_choices":[{"damage_healed":0,"gold_gain":75,"player_choice":"Gather Gold","damage_taken":11,"max_hp_gain":0,"max_hp_loss":0,"event_name":"World of Goop","floor":2,"gold_loss":0},{"damage_healed":0,"gold_gain":0,"player_choice":"Entered Light","damage_taken":23,"max_hp_gain":0,"max_hp_loss":0,"event_name":"Shining Light","floor":4,"gold_loss":0,"cards_upgraded":["Strike_R","Defend_R"]},{"damage_healed":0,"gold_gain":69,"player_choice":"Gained Gold","damage_taken":0,"max_hp_gain":0,"max_hp_loss":0,"event_name":"Golden Wing","floor":5,"gold_loss":0},{"cards_removed":["Strike_R"],"damage_healed":0,"gold_gain":0,"player_choice":"Card Removal","damage_taken":0,"max_hp_gain":0,"max_hp_loss":0,"event_name":"The Cleric","floor":10,"gold_loss":75},{"cards_removed":["Searing Blow"],"damage_healed":31,"gold_gain":0,"player_choice":"Offered Uncommon","damage_taken":0,"max_hp_gain":0,"max_hp_loss":0,"event_name":"Bonfire Elementals","floor":19,"gold_loss":0},{"damage_healed":15,"gold_gain":0,"player_choice":"Heal","damage_taken":0,"max_hp_gain":0,"max_hp_loss":0,"event_name":"The Library","floor":25,"gold_loss":0},{"damage_healed":0,"gold_gain":0,"player_choice":"Inject Mutagens","damage_taken":0,"relics_obtained":["MutagenicStrength"],"max_hp_gain":0,"max_hp_loss":0,"event_name":"Drug Dealer","floor":31,"gold_loss":0},{"damage_healed":0,"gold_gain":0,"player_choice":"Paid","damage_taken":0,"relics_obtained":["Red Mask"],"max_hp_gain":0,"max_hp_loss":0,"event_name":"Tomb of Lord Red Mask","floor":36,"gold_loss":111},{"damage_healed":0,"gold_gain":0,"player_choice":"Ignored","damage_taken":0,"max_hp_gain":0,"max_hp_loss":0,"event_name":"SecretPortal","floor":37,"gold_loss":0}],"is_beta":true,"boss_relics":[{"not_picked":["Snecko Eye","Runic Dome"],"picked":"Pandora\u0027s Box"},{"not_picked":["Coffee Dripper","Cursed Key"],"picked":"Sozu"}],"items_purged_floors":[],"is_endless":false,"potions_floor_spawned":[3,6,21,22,35],"killed_by":"Writhing Mass","ascension_level":20}