{"gold_per_floor":[114,132,182,198,212,212,238,238,238,20,40,40,40,40,40,40],"floor_reached":16,"playtime":469,"items_purged":[],"score":200,"play_id":"9bc00e22-2f48-458c-be95-084fa49a4b18","local_time":"20190127135048","is_ascension_mode":true,"campfire_choices":[{"data":"Bash","floor":6,"key":"SMITH"},{"data":"Armaments","floor":8,"key":"SMITH"},{"data":"Feed","floor":12,"key":"SMITH"},{"data":"Flame Barrier","floor":15,"key":"SMITH"}],"neow_cost":"NONE","seed_source_timestamp":65971502386529,"circlet_count":0,"master_deck":["AscendersBane","Strike_R","Strike_R","Strike_R","Strike_R","Strike_R","Defend_R","Defend_R","Defend_R","Defend_R","Bash+1","Flame Barrier+1","Wild Strike","Thunderclap","Feed+1","Armaments+1"],"relics":["Burning Blood","Gambling Chip","Unceasing Top","ClockworkSouvenir"],"potions_floor_usage":[7],"damage_taken":[{"damage":2,"enemies":"2 Louse","floor":1,"turns":4},{"damage":7,"enemies":"Cultist","floor":2,"turns":4},{"damage":4,"enemies":"Jaw Worm","floor":4,"turns":4},{"damage":1,"enemies":"Exordium Wildlife","floor":5,"turns":4},{"damage":18,"enemies":"Lagavulin","floor":7,"turns":7},{"damage":5,"enemies":"3 Louse","floor":11,"turns":6},{"damage":42,"enemies":"The Guardian","floor":16,"turns":12}],"seed_played":"-765838449563989472","potions_obtained":[{"floor":0,"key":"Dexterity Potion"},{"floor":0,"key":"Strength Potion"}],"is_trial":false,"path_per_floor":["M","M","?","M","M","R","E","R","T","$","M","R","?","$","R","B"],"character_chosen":"IRONCLAD","items_purchased":["ClockworkSouvenir"],"campfire_rested":0,"item_purchase_floors":[10],"current_hp_per_floor":[72,71,64,66,71,71,59,59,59,59,64,64,64,64,64,22],"gold":40,"neow_bonus":"THREE_SMALL_POTIONS","is_prod":false,"is_daily":false,"chose_seed":false,"campfire_upgraded":4,"win_rate":0,"timestamp":1548615048,"path_taken":["M","M","?","?","M","R","E","R","T","$","M","R","?","?","R","BOSS"],"build_version":"2019-01-23","purchased_purges":0,"victory":false,"max_hp_per_floor":[75,75,75,75,75,75,75,75,75,75,79,79,79,79,79,79],"card_choices":[{"not_picked":["Shrug It Off","Dropkick"],"picked":"Flame Barrier","floor":1},{"not_picked":["Perfected Strike","Flex"],"picked":"Wild Strike","floor":2},{"not_picked":["Sword Boomerang","Pummel"],"picked":"Thunderclap","floor":4},{"not_picked":["Ghostly Armor","Twin Strike"],"picked":"Feed","floor":5},{"not_picked":["Perfected Strike","Exhume"],"picked":"Armaments","floor":7},{"not_picked":["Evolve","Wild Strike","Heavy Blade"],"picked":"SKIP","floor":11}],"player_experience":855854,"relics_obtained":[{"floor":7,"key":"Gambling Chip"},{"floor":9,"key":"Unceasing Top"}],"event_choices":[{"damage_healed":0,"gold_gain":50,"player_choice":"Touch","damage_taken":7,"max_hp_gain":0,"max_hp_loss":0,"event_name":"FaceTrader","floor":3,"gold_loss":0},{"damage_healed":0,"gold_gain":0,"player_choice":"Leave","damage_taken":0,"max_hp_gain":0,"max_hp_loss":0,"event_name":"The Cleric","floor":13,"gold_loss":0}],"is_beta":true,"boss_relics":[],"items_purged_floors":[],"is_endless":false,"potions_floor_spawned":[2],"killed_by":"The Guardian","ascension_level":20}