{"gold_per_floor":[112,92,108,121,221,256,256,271,271,271,290,320,379,396,396,396],"floor_reached":16,"playtime":563,"items_purged":[],"score":146,"play_id":"edd73c0c-f7ab-4274-9629-10242c206f17","local_time":"20190319213714","is_ascension_mode":true,"campfire_choices":[{"data":"Uppercut","floor":7,"key":"SMITH"},{"floor":10,"key":"REST"},{"floor":15,"key":"REST"}],"neow_cost":"PERCENT_DAMAGE","seed_source_timestamp":881211785717880,"circlet_count":0,"master_deck":["Strike_R","Strike_R","Strike_R","Strike_R","Strike_R","Defend_R","Defend_R","Defend_R","Defend_R","Bash","Uppercut+1","Warcry","Twin Strike","Iron Wave","True Grit","Rage","Intimidate"],"relics":["Burning Blood","Nunchaku","Darkstone Periapt","Sundial","Dodecahedron"],"potions_floor_usage":[6,12,12,16],"damage_taken":[{"damage":8,"enemies":"Jaw Worm","floor":1,"turns":5},{"damage":1,"enemies":"Cultist","floor":3,"turns":3},{"damage":4,"enemies":"2 Louse","floor":4,"turns":3},{"damage":35,"enemies":"Lagavulin","floor":6,"turns":4},{"damage":15,"enemies":"Gremlin Gang","floor":8,"turns":6},{"damage":6,"enemies":"2 Fungi Beasts","floor":11,"turns":4},{"damage":12,"enemies":"Gremlin Nob","floor":12,"turns":3},{"damage":6,"enemies":"Large Slime","floor":14,"turns":6},{"damage":60,"enemies":"Slime Boss","floor":16,"turns":7}],"seed_played":"-1021060588274449587","potions_obtained":[{"floor":1,"key":"PowerPotion"},{"floor":2,"key":"Swift Potion"},{"floor":6,"key":"Ancient Potion"},{"floor":11,"key":"Strength Potion"}],"is_trial":false,"path_per_floor":["M","?","M","M","?","E","R","M","T","R","M","E","?","M","R","B"],"character_chosen":"IRONCLAD","items_purchased":[],"campfire_rested":2,"item_purchase_floors":[],"current_hp_per_floor":[49,49,54,56,56,27,27,18,18,42,42,36,36,36,60,0],"gold":396,"neow_bonus":"ONE_RARE_RELIC","is_prod":false,"is_daily":false,"chose_seed":false,"campfire_upgraded":1,"win_rate":0,"timestamp":1553045834,"path_taken":["M","?","?","M","?","E","R","M","T","R","?","E","?","M","R","BOSS"],"build_version":"2019-01-23","purchased_purges":0,"victory":false,"max_hp_per_floor":[80,80,80,80,80,80,80,80,80,80,80,80,80,80,80,80],"card_choices":[{"not_picked":["Sever Soul","Armaments"],"picked":"Uppercut","floor":1},{"not_picked":["Battle Trance","Fire Breathing"],"picked":"Warcry","floor":3},{"not_picked":["Anger","Armaments"],"picked":"Twin Strike","floor":4},{"not_picked":["Body Slam","Feel No Pain","Berserk"],"picked":"SKIP","floor":6},{"not_picked":["Clothesline","Flex"],"picked":"Iron Wave","floor":8},{"not_picked":["Headbutt","Clothesline"],"picked":"True Grit","floor":11},{"not_picked":["Barricade","Burning Pact"],"picked":"Rage","floor":12},{"not_picked":["Carnage","Wild Strike"],"picked":"Intimidate","floor":14}],"player_experience":312724,"relics_obtained":[{"floor":6,"key":"Darkstone Periapt"},{"floor":9,"key":"Sundial"},{"floor":12,"key":"Dodecahedron"}],"event_choices":[{"damage_healed":0,"gold_gain":0,"player_choice":"Bought 1 Potion","damage_taken":0,"max_hp_gain":0,"max_hp_loss":0,"event_name":"The Woman in Blue","floor":2,"gold_loss":0},{"damage_healed":0,"gold_gain":100,"player_choice":"Gold","damage_taken":0,"max_hp_gain":0,"max_hp_loss":0,"event_name":"Wheel of Change","floor":5,"gold_loss":0},{"damage_healed":0,"gold_gain":59,"player_choice":"Gained Gold","damage_taken":0,"max_hp_gain":0,"max_hp_loss":0,"event_name":"Golden Wing","floor":13,"gold_loss":0}],"is_beta":false,"boss_relics":[],"items_purged_floors":[],"is_endless":false,"potions_floor_spawned":[1,6,11],"killed_by":"Slime Boss","ascension_level":6}