{"gold_per_floor":[109,42,55,74,92,123,204,204,230,259,259,276,294,307,307,384,384,394,263,263,263,282,282,317,332,332,360,380,305,338,348,348,427,427,447,466,466,483,483,483,503,530,554,554,572,584,25,37,37,37],"floor_reached":50,"playtime":2345,"items_purged":["Strike_R"],"score":1096,"play_id":"e3b03380-5522-44d8-8614-186810a985d7","local_time":"20190130221351","is_ascension_mode":true,"campfire_choices":[{"data":"Immolate","floor":8.0,"key":"SMITH"},{"data":"Bash","floor":11.0,"key":"SMITH"},{"data":"Uppercut","floor":15.0,"key":"SMITH"},{"data":"Immolate","floor":23.0,"key":"SMITH"},{"data":"Demon Form","floor":32.0,"key":"SMITH"},{"data":"Juggernaut","floor":40.0,"key":"SMITH"},{"data":"Offering","floor":44.0,"key":"SMITH"},{"data":"Feel No Pain","floor":49.0,"key":"SMITH"}],"neow_cost":"NONE","seed_source_timestamp":0,"circlet_count":0,"master_deck":["AscendersBane","Bash+1","Power Through","Twin Strike","Evolve","Shrug It Off","Immolate+1","Uppercut+1","Spot Weakness","Immolate+1","True Grit","Ghostly","Ghostly","Ghostly","Demon Form+1","Shockwave","Shrug It Off+1","Pommel Strike","Anger","Reaper","Berserk","Intimidate","Shockwave","Feel No Pain+1","Wild Strike","Corruption","Juggernaut+1","Cleave+1","Flame Barrier","Offering+1","Doubt","Shrug It Off","Feel No Pain"],"special_seed":0,"relics":["Burning Blood","Thread and Needle","Orichalcum","Shuriken","Lantern","Blue Candle","Cursed Key","Whetstone","Anchor","Matryoshka","Pandora\u0027s Box","Pen Nib","Regal Pillow","Bag of Preparation","Bottled Tornado","Bag of Marbles"],"potions_floor_usage":[],"damage_taken":[{"damage":5.0,"enemies":"2 Louse","floor":1.0,"turns":4.0},{"damage":0.0,"enemies":"Cultist","floor":3.0,"turns":3.0},{"damage":0.0,"enemies":"Small Slimes","floor":4.0,"turns":4.0},{"damage":2.0,"enemies":"Exordium Wildlife","floor":5.0,"turns":4.0},{"damage":20.0,"enemies":"Lagavulin","floor":6.0,"turns":11.0},{"damage":1.0,"enemies":"3 Sentries","floor":10.0,"turns":4.0},{"damage":3.0,"enemies":"Blue Slaver","floor":12.0,"turns":3.0},{"damage":0.0,"enemies":"Large Slime","floor":13.0,"turns":4.0},{"damage":0.0,"enemies":"2 Fungi Beasts","floor":14.0,"turns":3.0},{"damage":58.0,"enemies":"Hexaghost","floor":16.0,"turns":11.0},{"damage":0.0,"enemies":"Chosen","floor":18.0,"turns":3.0},{"damage":0.0,"enemies":"Spheric Guardian","floor":22.0,"turns":5.0},{"damage":10.0,"enemies":"Slavers","floor":24.0,"turns":4.0},{"damage":13.0,"enemies":"Centurion and Healer","floor":25.0,"turns":2.0},{"damage":7.0,"enemies":"Book of Stabbing","floor":27.0,"turns":7.0},{"damage":8.0,"enemies":"Snake Plant","floor":28.0,"turns":5.0},{"damage":8.0,"enemies":"Slavers","floor":30.0,"turns":5.0},{"damage":0.0,"enemies":"Cultist and Chosen","floor":31.0,"turns":4.0},{"damage":16.0,"enemies":"Collector","floor":33.0,"turns":9.0},{"damage":0.0,"enemies":"3 Shapes","floor":35.0,"turns":3.0},{"damage":6.0,"enemies":"Orb Walker","floor":36.0,"turns":3.0},{"damage":8.0,"enemies":"Writhing Mass","floor":38.0,"turns":6.0},{"damage":0.0,"enemies":"Sphere and 2 Shapes","floor":41.0,"turns":5.0},{"damage":12.0,"enemies":"Reptomancer","floor":42.0,"turns":6.0},{"damage":5.0,"enemies":"Jaw Worm Horde","floor":45.0,"turns":7.0},{"damage":2.0,"enemies":"Writhing Mass","floor":46.0,"turns":5.0},{"damage":2.0,"enemies":"Spire Growth","floor":48.0,"turns":4.0},{"damage":0,"enemies":"Awakened One","floor":50,"turns":1}],"seed_played":"8067630381988042960","potions_obtained":[{"floor":1.0,"key":"GamblersBrew"},{"floor":5.0,"key":"PowerPotion"},{"floor":10.0,"key":"Block Potion"},{"floor":13.0,"key":"LiquidBronze"},{"floor":27.0,"key":"PowerPotion"},{"floor":28.0,"key":"Ancient Potion"},{"floor":33.0,"key":"SpeedPotion"}],"is_trial":false,"path_per_floor":["M","?","M","M","M","E","T","R","T","E","R","M","M","M","R","B",null,"M","$","?","?","M","R","E","M","T","E","M","?","E","M","R","B",null,"M","M","?","M","?","R","M","E","T","R","M","M","$","M","R","B"],"character_chosen":"IRONCLAD","items_purchased":["PowerPotion","Bottled Tornado","Shrug It Off","Feel No Pain","Bag of Marbles"],"campfire_rested":0,"item_purchase_floors":[19,47,47,47,47],"current_hp_per_floor":[69,69,75,75,75,61,61,61,61,66,66,69,75,75,75,23,62,68,68,47,40,40,40,36,29,29,28,26,26,24,30,30,20,35,40,40,38,38,36,36,38,32,32,32,36,38,38,38,38,38],"gold":37,"neow_bonus":"THREE_CARDS","is_prod":false,"is_daily":false,"chose_seed":false,"campfire_upgraded":8,"win_rate":0,"timestamp":1548904431,"path_taken":["M","?","M","?","M","E","?","R","T","E","R","M","M","M","R","BOSS","M","$","?","?","M","R","E","M","T","E","M","?","E","M","R","BOSS","M","M","?","M","?","R","M","E","T","R","?","M","$","?","R","BOSS"],"build_version":"2019-01-23","purchased_purges":1,"victory":false,"max_hp_per_floor":[75,75,75,75,75,75,75,75,75,75,75,75,75,75,75,75,75,75,75,80,40,40,40,40,40,40,40,40,40,40,40,40,40,40,40,40,38,38,38,38,38,38,38,38,38,38,38,38,38,38],"card_choices":[{"not_picked":["Warcry","Heavy Blade"],"picked":"Power Through","floor":0.0},{"not_picked":["Seeing Red","Armaments"],"picked":"Twin Strike","floor":1.0},{"not_picked":["Power Through","Flame Barrier"],"picked":"Evolve","floor":3.0},{"not_picked":["Clash","Warcry"],"picked":"Shrug It Off","floor":4.0},{"not_picked":["Warcry","Dropkick","Clash"],"picked":"SKIP","floor":5.0},{"not_picked":["Warcry","Dropkick","Clash"],"picked":"SKIP","floor":5.0},{"not_picked":["Combust","Rampage"],"picked":"Immolate","floor":6.0},{"not_picked":["Dual Wield","Thunderclap","Twin Strike"],"picked":"SKIP","floor":10.0},{"not_picked":["Dual Wield","Thunderclap","Twin Strike"],"picked":"SKIP","floor":10.0},{"not_picked":["Perfected Strike","Evolve"],"picked":"Uppercut","floor":12.0},{"not_picked":["Metallicize","Carnage","Headbutt"],"picked":"SKIP","floor":13.0},{"not_picked":["Shockwave","Power Through"],"picked":"Spot Weakness","floor":14.0},{"not_picked":["Bludgeon","Dark Embrace"],"picked":"Immolate","floor":16.0},{"not_picked":["Cleave","Flex"],"picked":"True Grit","floor":18.0},{"not_picked":["Thunderclap","Corruption","Infernal Blade"],"picked":"SKIP","floor":22.0},{"not_picked":["Clash","Heavy Blade"],"picked":"Demon Form","floor":24.0},{"not_picked":["Rampage","Twin Strike"],"picked":"Shockwave","floor":25.0},{"not_picked":["Wild Strike","Shockwave","Perfected Strike"],"picked":"SKIP","floor":27.0},{"not_picked":["Bloodletting","Infernal Blade"],"picked":"Shrug It Off+1","floor":28.0},{"not_picked":["Flame Barrier","Cleave"],"picked":"Pommel Strike","floor":30.0},{"not_picked":["Iron Wave","Armaments"],"picked":"Anger","floor":31.0},{"not_picked":["Berserk","Exhume"],"picked":"Reaper","floor":33.0},{"not_picked":["Dual Wield+1","Cleave+1","Sword Boomerang"],"picked":"SKIP","floor":35.0},{"not_picked":["Perfected Strike","Anger"],"picked":"Cleave+1","floor":36.0},{"not_picked":["Heavy Blade","Bloodletting+1"],"picked":"Flame Barrier","floor":38.0},{"not_picked":["Headbutt","Warcry","Rampage"],"picked":"SKIP","floor":41.0},{"not_picked":["Reckless Charge","Searing Blow"],"picked":"Offering","floor":42.0},{"not_picked":["Rage","Perfected Strike","Twin Strike"],"picked":"SKIP","floor":45.0},{"not_picked":["Heavy Blade","Headbutt","Shockwave"],"picked":"SKIP","floor":46.0},{"not_picked":["Sword Boomerang","Headbutt+1","Rage"],"picked":"SKIP","floor":48.0}],"player_experience":856323,"relics_obtained":[{"floor":6.0,"key":"Orichalcum"},{"floor":7.0,"key":"Shuriken"},{"floor":9.0,"key":"Lantern"},{"floor":10.0,"key":"Blue Candle"},{"floor":24.0,"key":"Whetstone"},{"floor":27.0,"key":"Anchor"},{"floor":30.0,"key":"Matryoshka"},{"floor":42.0,"key":"Pen Nib"},{"floor":43.0,"key":"Regal Pillow"},{"floor":43.0,"key":"Bag of Preparation"}],"event_choices":[{"damage_healed":0.0,"max_hp_gain":0.0,"max_hp_loss":0.0,"gold_gain":0.0,"event_name":"WeMeetAgain","player_choice":"Paid Gold","floor":2.0,"gold_loss":67.0,"damage_taken":0.0,"relics_obtained":["Thread and Needle"]},{"damage_healed":0.0,"max_hp_gain":5.0,"max_hp_loss":0.0,"gold_gain":0.0,"event_name":"Forgotten Altar","player_choice":"Shed Blood","floor":20.0,"gold_loss":0.0,"damage_taken":26.0},{"damage_healed":0.0,"max_hp_gain":0.0,"max_hp_loss":40.0,"gold_gain":0.0,"event_name":"Ghosts","player_choice":"Became a Ghost","floor":21.0,"gold_loss":0.0,"damage_taken":0.0,"cards_obtained":["Ghostly","Ghostly","Ghostly"]},{"cards_removed":["Defend_R"],"damage_healed":0.0,"max_hp_gain":0.0,"max_hp_loss":0.0,"gold_gain":0.0,"event_name":"Beggar","player_choice":"Gave Gold","floor":29.0,"gold_loss":75.0,"damage_taken":0.0},{"damage_healed":0.0,"max_hp_gain":0.0,"max_hp_loss":2.0,"gold_gain":0.0,"event_name":"Winding Halls","player_choice":"Max HP","floor":37.0,"gold_loss":0.0,"damage_taken":0.0},{"damage_healed":0.0,"max_hp_gain":0.0,"max_hp_loss":0.0,"gold_gain":0.0,"event_name":"The Woman in Blue","player_choice":"Bought 0 Potions","floor":39.0,"gold_loss":0.0,"damage_taken":0.0}],"is_beta":true,"boss_relics":[{"not_picked":["Empty Cage","Ectoplasm"],"picked":"Cursed Key"},{"not_picked":["Coffee Dripper","Philosopher\u0027s Stone"],"picked":"Pandora\u0027s Box"}],"items_purged_floors":[19],"is_endless":false,"potions_floor_spawned":[1,5,10,13,22,27,28,33,35,36,42,45,48],"killed_by":"Awakened One","ascension_level":20}