{"gold_per_floor":[117,129,144,159,0,0,12,68,93,93,122,133,133,168,168,245,245,263,273,288,298,3,3],"floor_reached":23,"playtime":1036,"items_purged":[],"score":359,"play_id":"cc1af211-788a-4f2f-95f5-339bca136c88","local_time":"20190202003353","is_ascension_mode":true,"campfire_choices":[{"data":"Glass Knife","floor":6,"key":"SMITH"},{"data":"Noxious Fumes","floor":10,"key":"SMITH"},{"data":"Crippling Poison","floor":15,"key":"SMITH"}],"neow_cost":"","seed_source_timestamp":0,"circlet_count":0,"master_deck":["AscendersBane","Defend_G","Defend_G","Defend_G","Defend_G","Defend_G","Strike_G","Strike_G","Strike_G","Strike_G","Survivor","Neutralize","Terror","Backflip","Predator","Concentrate","PiercingWail","Glass Knife+1","Crippling Poison+1","Noxious Fumes+1","Footwork","Heel Hook","Distraction","Grand Finale","Parasite","Pain","Decay","Backflip","Expertise","Bouncing Flask+1","Prepared"],"relics":["Ring of the Snake","Dream Catcher","Happy Flower","Orichalcum","Thread and Needle","Calling Bell","Potion Belt","Molten Egg 2","Unceasing Top","Toy Ornithopter"],"potions_floor_usage":[8,11,21,23,23,23],"damage_taken":[{"damage":2,"enemies":"Cultist","floor":1,"turns":5},{"damage":1,"enemies":"Jaw Worm","floor":2,"turns":5},{"damage":0,"enemies":"Small Slimes","floor":3,"turns":4},{"damage":4,"enemies":"Red Slaver","floor":4,"turns":8},{"damage":1,"enemies":"Blue Slaver","floor":7,"turns":2},{"damage":6,"enemies":"Gremlin Nob","floor":8,"turns":3},{"damage":2,"enemies":"3 Sentries","floor":11,"turns":7},{"damage":0,"enemies":"Looter","floor":12,"turns":2},{"damage":1,"enemies":"Lagavulin","floor":14,"turns":6},{"damage":17,"enemies":"Hexaghost","floor":16,"turns":9},{"damage":0,"enemies":"theJungle:5_Spyders","floor":18,"turns":5},{"damage":12,"enemies":"Shell Parasite","floor":19,"turns":5},{"damage":9,"enemies":"Snake Plant","floor":20,"turns":4},{"damage":28,"enemies":"theJungle:JungleHuntersEncounter","floor":21,"turns":4},{"damage":35,"enemies":"theJungle:MamaSnecko","floor":23,"turns":4}],"seed_played":"8970326713434107616","potions_obtained":[{"floor":2,"key":"Poison Potion"},{"floor":3,"key":"Block Potion"},{"floor":8,"key":"SpeedPotion"},{"floor":12,"key":"Ancient Potion"},{"floor":20,"key":"Strength Potion"}],"is_trial":true,"path_per_floor":["M","M","M","M","$","R","M","?","T","R","E","M","?","E","R","B",null,"M","M","M","M","$","E"],"character_chosen":"THE_SILENT","items_purchased":["PiercingWail","Glass Knife","Toy Ornithopter","SkillPotion","Poison Potion"],"campfire_rested":0,"item_purchase_floors":[5,5,22,22,22],"current_hp_per_floor":[57,56,56,52,52,52,51,45,45,45,43,43,43,42,42,25,56,56,44,35,7,7,0],"gold":3,"neow_bonus":"","is_prod":false,"is_daily":false,"chose_seed":false,"campfire_upgraded":3,"win_rate":0,"timestamp":1549035233,"path_taken":["M","M","M","?","?","R","M","?","T","R","E","?","?","E","R","BOSS","M","M","?","M","$","E"],"build_version":"2019-01-23","purchased_purges":0,"victory":false,"max_hp_per_floor":[66,66,66,66,66,66,66,66,66,66,66,66,66,66,66,66,66,66,66,66,66,66,66],"card_choices":[{"not_picked":["Cloak And Dagger","Prepared"],"picked":"Terror","floor":1},{"not_picked":["Bane","Deadly Poison"],"picked":"Backflip","floor":2},{"not_picked":["Endless Agony","Underhanded Strike"],"picked":"Predator","floor":3},{"not_picked":["Underhanded Strike","Prepared"],"picked":"Concentrate","floor":4},{"not_picked":["Choke","Eviscerate"],"picked":"Crippling Poison","floor":7},{"not_picked":["Slice","Dagger Spray"],"picked":"Noxious Fumes","floor":8},{"not_picked":["All Out Attack","Leg Sweep"],"picked":"Footwork","floor":11},{"not_picked":["Dagger Throw","PiercingWail"],"picked":"Heel Hook","floor":12},{"not_picked":["Die Die Die","A Thousand Cuts"],"picked":"Grand Finale","floor":16},{"not_picked":["Outmaneuver","Flechettes+1"],"picked":"Backflip","floor":18},{"not_picked":["Dagger Spray+1","Quick Slash+1"],"picked":"Expertise","floor":19},{"not_picked":["Cloak And Dagger","Phantasmal Killer"],"picked":"Bouncing Flask+1","floor":20},{"not_picked":["Sucker Punch+1","PiercingWail"],"picked":"Prepared","floor":21}],"player_experience":4182621,"relics_obtained":[{"floor":8,"key":"Dream Catcher"},{"floor":9,"key":"Happy Flower"},{"floor":11,"key":"Orichalcum"},{"floor":14,"key":"Thread and Needle"},{"floor":17,"key":"Potion Belt"},{"floor":17,"key":"Molten Egg 2"},{"floor":17,"key":"Unceasing Top"}],"event_choices":[{"damage_healed":0,"gold_gain":0,"player_choice":"Searched \u00271\u0027 times","damage_taken":0,"max_hp_gain":0,"max_hp_loss":0,"event_name":"Dead Adventurer","floor":8,"gold_loss":0},{"damage_healed":0,"gold_gain":0,"cards_transformed":["Strike_G"],"player_choice":"Transformed","damage_taken":0,"max_hp_gain":0,"max_hp_loss":0,"event_name":"Transmorgrifier","floor":13,"gold_loss":0,"cards_obtained":["Distraction"]}],"is_beta":false,"boss_relics":[{"not_picked":["Pandora\u0027s Box","Cursed Key"],"picked":"Calling Bell"}],"items_purged_floors":[],"is_endless":false,"potions_floor_spawned":[2,3,8,12,14,20],"killed_by":"theJungle:MamaSnecko","ascension_level":15}