{"gold_per_floor":[111,211,7,7,28,69,69,112,136,174,194,28,28,43,43,174,237,262,281,380,396,410,410,479,479],"floor_reached":25,"playtime":1024,"items_purged":[],"score":301,"play_id":"acc73904-ce29-4873-9bd0-2314da792873","local_time":"20190310003029","is_ascension_mode":true,"campfire_choices":[{"floor":7,"key":"REST"},{"floor":13,"key":"REST"},{"data":"Apotheosis","floor":15,"key":"SMITH"},{"floor":23,"key":"REST"}],"neow_cost":"NONE","seed_source_timestamp":30739593171276,"circlet_count":0,"master_deck":["Strike_R","Strike_R+1","Strike_R","Strike_R","Strike_R","Defend_R","Defend_R","Defend_R","Defend_R","Bash","Barricade","Clothesline","Seeing Red","Double Tap","Carnage","True Grit","Warcry","Apotheosis+1","Headbutt","Demon Form","Iron Wave","Uppercut","Sentinel+1"],"relics":["Burning Blood","Toy Ornithopter","Golden Idol","Red Skull","Boot","Regal Pillow","Strawberry","Tiny House","Tiny Chest"],"potions_floor_usage":[6,16,18,21,24,24,24],"damage_taken":[{"damage":4,"enemies":"2 Louse","floor":1,"turns":4},{"damage":8,"enemies":"Cultist","floor":5,"turns":5},{"damage":54,"enemies":"Lagavulin","floor":6,"turns":9},{"damage":6,"enemies":"Gremlin Nob","floor":8,"turns":3},{"damage":30,"enemies":"Lagavulin","floor":10,"turns":4},{"damage":0,"enemies":"Small Slimes","floor":11,"turns":3},{"damage":21,"enemies":"Exordium Wildlife","floor":14,"turns":6},{"damage":49,"enemies":"The Guardian","floor":16,"turns":9},{"damage":50,"enemies":"Spheric Guardian","floor":18,"turns":7},{"damage":7,"enemies":"Shell Parasite","floor":19,"turns":4},{"damage":11,"enemies":"Snecko","floor":21,"turns":3},{"damage":26,"enemies":"Centurion and Healer","floor":22,"turns":5},{"damage":53,"enemies":"Slavers","floor":24,"turns":8},{"damage":27,"enemies":"Cultist and Chosen","floor":25,"turns":4}],"seed_played":"6500686527164250143","potions_obtained":[{"floor":1,"key":"SkillPotion"},{"floor":10,"key":"Swift Potion"},{"floor":11,"key":"SmokeBomb"},{"floor":14,"key":"Fire Potion"},{"floor":17,"key":"AttackPotion"},{"floor":18,"key":"SteroidPotion"},{"floor":21,"key":"EntropicBrew"}],"is_trial":false,"path_per_floor":["M","?","$","?","M","E","R","E","T","E","M","$","R","M","R","B",null,"M","M","?","M","M","R","E","M"],"character_chosen":"IRONCLAD","items_purchased":["Toy Ornithopter","Apotheosis"],"campfire_rested":3,"item_purchase_floors":[3,12],"current_hp_per_floor":[80,80,80,60,58,15,39,39,39,22,28,28,69,54,54,16,74,35,34,34,34,14,56,24,0],"gold":479,"neow_bonus":"ONE_RANDOM_RARE_CARD","is_prod":false,"is_daily":false,"chose_seed":false,"campfire_upgraded":1,"win_rate":0,"timestamp":1552195829,"path_taken":["M","?","?","?","M","E","R","E","T","E","?","$","R","M","R","BOSS","M","?","?","M","M","R","E","M"],"build_version":"2019-01-23","purchased_purges":0,"victory":false,"max_hp_per_floor":[80,80,80,80,80,80,80,80,80,87,87,87,87,87,87,87,92,92,92,92,92,92,92,92,92],"card_choices":[{"not_picked":["Cleave","Searing Blow"],"picked":"Clothesline","floor":1},{"not_picked":["Perfected Strike","Pummel"],"picked":"Seeing Red","floor":5},{"not_picked":["Fire Breathing","Body Slam"],"picked":"Double Tap","floor":6},{"not_picked":["Burning Pact","True Grit"],"picked":"Carnage","floor":8},{"not_picked":["Cleave","Body Slam"],"picked":"True Grit","floor":10},{"not_picked":["Wild Strike","Blood for Blood"],"picked":"Warcry","floor":11},{"not_picked":["Pummel","Flex"],"picked":"Headbutt","floor":14},{"not_picked":["Berserk","Fiend Fire"],"picked":"Demon Form","floor":16},{"not_picked":["Heavy Blade","Body Slam"],"picked":"Iron Wave","floor":17},{"not_picked":["Corruption","Evolve+1","Clothesline"],"picked":"SKIP","floor":18},{"not_picked":["Perfected Strike","Anger"],"picked":"Uppercut","floor":19},{"not_picked":["Sentinel","Hemokinesis","True Grit"],"picked":"SKIP","floor":21},{"not_picked":["Sword Boomerang","Pommel Strike","Wild Strike"],"picked":"SKIP","floor":22},{"not_picked":["Flex","Barricade"],"picked":"Sentinel+1","floor":24}],"player_experience":286903,"relics_obtained":[{"floor":6,"key":"Red Skull"},{"floor":8,"key":"Boot"},{"floor":9,"key":"Regal Pillow"},{"floor":10,"key":"Strawberry"},{"floor":24,"key":"Tiny Chest"}],"event_choices":[{"damage_healed":0,"gold_gain":100,"player_choice":"Pray","damage_taken":0,"max_hp_gain":0,"max_hp_loss":0,"event_name":"Golden Shrine","floor":2,"gold_loss":0},{"damage_healed":0,"gold_gain":0,"player_choice":"Take Damage","damage_taken":20,"relics_obtained":["Golden Idol"],"max_hp_gain":0,"max_hp_loss":0,"event_name":"Golden Idol","floor":4,"gold_loss":0},{"damage_healed":0,"gold_gain":99,"player_choice":"Stole From Cult","damage_taken":0,"max_hp_gain":0,"max_hp_loss":0,"event_name":"Nest","floor":20,"gold_loss":0}],"is_beta":false,"boss_relics":[{"not_picked":["Coffee Dripper","Runic Dome"],"picked":"Tiny House"}],"items_purged_floors":[],"is_endless":false,"potions_floor_spawned":[1,10,11,14,18,19,21],"killed_by":"Cultist and Chosen","ascension_level":5}