{"gold_per_floor":[113,113,113,17,92,92,14,43,43,43,56,56,70,90,90,192,192,202,202,49,49,149,149,162,162,186,216,216,216,227,243,243,343,343,361,361,410,136,147,182,182,18,18,33,33,51,51,69,69,69],"floor_reached":51,"playtime":3094,"items_purged":["Strike_G"],"score":923,"play_id":"fdf798d7-dab1-424e-b564-9a5885bd08cd","local_time":"20190306083624","is_ascension_mode":true,"campfire_choices":[{"data":"Accuracy","floor":6,"key":"SMITH"},{"data":"Accuracy","floor":12,"key":"SMITH"},{"data":"Cloak And Dagger","floor":15,"key":"SMITH"},{"floor":23,"key":"REST"},{"floor":25,"key":"REST"},{"floor":32,"key":"REST"},{"floor":41,"key":"REST"},{"floor":47,"key":"REST"},{"data":"Mayhem","floor":49,"key":"SMITH"}],"neow_cost":"NONE","seed_source_timestamp":333800653769811,"circlet_count":0,"master_deck":["Defend_G","Defend_G","Defend_G","Defend_G","Defend_G","Strike_G","Survivor","Neutralize","Accuracy+1","Accuracy+1","Backflip","Infinite Blades+1","Blade Dance","Cloak And Dagger+1","Dodge and Roll","Calculated Gamble","Doppelganger+1","Footwork","Corpse Explosion","Accuracy","Blur","Mayhem+1","Parasite","Blur+1","Distraction+1"],"relics":["Ring of the Snake","NeowsBlessing","Orichalcum","Kunai","Empty Cage","Anchor","Pocketwatch","Molten Egg 2","Bag of Preparation","Thread and Needle","Busted Crown","Nunchaku","Lantern","Question Card"],"potions_floor_usage":[22,27,33,40,40,46,50,50,50],"damage_taken":[{"damage":0,"enemies":"Cultist","floor":1,"turns":1},{"damage":0,"enemies":"3 Sentries","floor":8,"turns":2},{"damage":0,"enemies":"Small Slimes","floor":11,"turns":1},{"damage":0,"enemies":"2 Louse","floor":13,"turns":3},{"damage":8,"enemies":"Large Slime","floor":14,"turns":4},{"damage":11,"enemies":"Hexaghost","floor":16,"turns":9},{"damage":3,"enemies":"Chosen","floor":18,"turns":4},{"damage":5,"enemies":"Colosseum Slavers","floor":22,"turns":5},{"damage":22,"enemies":"Colosseum Nobs","floor":22,"turns":5},{"damage":0,"enemies":"Shell Parasite","floor":24,"turns":4},{"damage":10,"enemies":"Book of Stabbing","floor":27,"turns":5},{"damage":14,"enemies":"Snake Plant","floor":30,"turns":5},{"damage":9,"enemies":"Shelled Parasite and Fungi","floor":31,"turns":5},{"damage":36,"enemies":"Automaton","floor":33,"turns":15},{"damage":20,"enemies":"3 Darklings","floor":35,"turns":4},{"damage":35,"enemies":"2 Orb Walkers","floor":37,"turns":4},{"damage":0,"enemies":"Orb Walker","floor":39,"turns":3},{"damage":0,"enemies":"Giant Head","floor":40,"turns":10},{"damage":0,"enemies":"Writhing Mass","floor":44,"turns":7},{"damage":0,"enemies":"4 Shapes","floor":46,"turns":3},{"damage":0,"enemies":"Sphere and 2 Shapes","floor":48,"turns":4},{"damage":33,"enemies":"Time Eater","floor":50,"turns":13}],"seed_played":"-7362504376673226980","potions_obtained":[{"floor":8,"key":"Block Potion"},{"floor":13,"key":"Swift Potion"},{"floor":14,"key":"Dexterity Potion"},{"floor":18,"key":"Explosive Potion"},{"floor":22,"key":"Poison Potion"},{"floor":27,"key":"Energy Potion"},{"floor":31,"key":"SteroidPotion"},{"floor":44,"key":"Poison Potion"},{"floor":45,"key":"PowerPotion"},{"floor":45,"key":"EssenceOfSteel"},{"floor":46,"key":"Strength Potion"}],"is_trial":false,"path_per_floor":["M","?","?","$","?","R","$","E","T","?","M","R","M","M","R","B",null,"M","?","$","?","?","R","M","R","T","E","$","?","M","M","R","B",null,"M","?","?","$","M","E","R","$","T","M","?","M","R","M","R","B",null],"character_chosen":"THE_SILENT","items_purchased":["Accuracy","Backflip","Infinite Blades","Anchor","Accuracy","Blur","EssenceOfSteel","Mayhem"],"campfire_rested":5,"item_purchase_floors":[4,4,7,20,38,38,38,42],"current_hp_per_floor":[63,63,56,56,45,45,45,45,45,45,45,45,45,37,37,26,59,56,43,43,43,16,38,38,60,60,50,50,50,36,27,49,13,60,40,40,5,5,5,5,27,27,27,27,27,27,49,49,49,16],"gold":69,"neow_bonus":"THREE_ENEMY_KILL","is_prod":false,"is_daily":false,"chose_seed":false,"campfire_upgraded":4,"win_rate":0,"timestamp":1551857784,"path_taken":["M","?","?","$","?","R","$","E","T","?","M","R","M","M","R","BOSS","M","?","$","?","?","R","M","R","T","E","$","?","M","?","R","BOSS","M","?","?","?","M","E","R","$","T","?","?","M","R","M","R","BOSS"],"build_version":"2019-01-23","purchased_purges":1,"victory":true,"max_hp_per_floor":[70,70,70,70,70,70,70,70,70,70,70,70,70,70,70,70,70,70,75,75,75,75,75,75,75,75,75,75,75,75,75,75,75,75,75,75,75,75,75,75,75,75,75,75,75,75,75,75,75,75],"card_choices":[{"not_picked":["Deflect","Backflip"],"picked":"Accuracy","floor":1},{"not_picked":["Quick Slash","Finisher"],"picked":"Blade Dance","floor":8},{"not_picked":["Flying Knee","Quick Slash"],"picked":"Cloak And Dagger","floor":11},{"not_picked":["Calculated Gamble","Deadly Poison"],"picked":"Dodge and Roll","floor":13},{"not_picked":["Acrobatics","Dagger Spray"],"picked":"Calculated Gamble","floor":14},{"not_picked":["Unload","Wraith Form v2"],"picked":"Doppelganger","floor":16},{"not_picked":["Choke","PiercingWail","Outmaneuver"],"picked":"SKIP","floor":18},{"not_picked":["Backstab+1","Slice+1","Setup+1"],"picked":"SKIP","floor":24},{"not_picked":["Deflect","Leg Sweep+1","Concentrate"],"picked":"SKIP","floor":27},{"not_picked":["Endless Agony+1","Dagger Spray+1","Deadly Poison+1"],"picked":"SKIP","floor":30},{"not_picked":["Prepared","Well Laid Plans"],"picked":"Footwork","floor":31},{"not_picked":["Phantasmal Killer","Unload+1"],"picked":"Corpse Explosion","floor":33},{"not_picked":["Deadly Poison"],"picked":"SKIP","floor":35},{"not_picked":["Dagger Throw+1"],"picked":"SKIP","floor":39},{"not_picked":["Bane+1"],"picked":"SKIP","floor":40},{"not_picked":["All Out Attack+1"],"picked":"Blur+1","floor":44},{"not_picked":["Poisoned Stab+1"],"picked":"Distraction+1","floor":46},{"not_picked":["All Out Attack+1","Skewer+1"],"picked":"SKIP","floor":48}],"player_experience":226903,"relics_obtained":[{"floor":8,"key":"Orichalcum"},{"floor":9,"key":"Kunai"},{"floor":22,"key":"Pocketwatch"},{"floor":22,"key":"Molten Egg 2"},{"floor":26,"key":"Bag of Preparation"},{"floor":27,"key":"Thread and Needle"},{"floor":37,"key":"Nunchaku"},{"floor":40,"key":"Lantern"},{"floor":43,"key":"Question Card"}],"event_choices":[{"damage_healed":0,"gold_gain":0,"player_choice":"Leave","damage_taken":0,"max_hp_gain":0,"max_hp_loss":0,"event_name":"The Cleric","floor":2,"gold_loss":0},{"cards_removed":["Strike_G"],"damage_healed":0,"gold_gain":0,"player_choice":"Card Removal","damage_taken":7,"max_hp_gain":0,"max_hp_loss":0,"event_name":"Golden Wing","floor":3,"gold_loss":0},{"damage_healed":0,"gold_gain":75,"player_choice":"Gather Gold","damage_taken":11,"max_hp_gain":0,"max_hp_loss":0,"event_name":"World of Goop","floor":5,"gold_loss":0},{"damage_healed":0,"gold_gain":0,"player_choice":"Upgraded","damage_taken":0,"max_hp_gain":0,"max_hp_loss":0,"event_name":"Upgrade Shrine","floor":10,"gold_loss":0,"cards_upgraded":["Infinite Blades"]},{"damage_healed":0,"gold_gain":0,"player_choice":"Shed Blood","damage_taken":18,"max_hp_gain":5,"max_hp_loss":0,"event_name":"Forgotten Altar","floor":19,"gold_loss":0},{"damage_healed":0,"gold_gain":0,"player_choice":"Ignored","damage_taken":0,"max_hp_gain":0,"max_hp_loss":0,"event_name":"Ghosts","floor":21,"gold_loss":0},{"damage_healed":0,"gold_gain":0,"player_choice":"Fight","damage_taken":0,"max_hp_gain":0,"max_hp_loss":0,"event_name":"Colosseum","floor":22,"gold_loss":0},{"damage_healed":0,"gold_gain":0,"player_choice":"Fought Nobs","damage_taken":0,"max_hp_gain":0,"max_hp_loss":0,"event_name":"Colosseum","floor":22,"gold_loss":0},{"damage_healed":0,"gold_gain":0,"player_choice":"Forge","damage_taken":0,"max_hp_gain":0,"max_hp_loss":0,"event_name":"Accursed Blacksmith","floor":29,"gold_loss":0,"cards_upgraded":["Doppelganger"]},{"damage_healed":0,"gold_gain":0,"player_choice":"Ignored","damage_taken":0,"max_hp_gain":0,"max_hp_loss":0,"event_name":"Tomb of Lord Red Mask","floor":36,"gold_loss":0},{"damage_healed":0,"gold_gain":0,"player_choice":"Fight","damage_taken":0,"max_hp_gain":0,"max_hp_loss":0,"event_name":"Mysterious Sphere","floor":37,"gold_loss":0},{"damage_healed":0,"gold_gain":0,"player_choice":"Got Potions","damage_taken":0,"max_hp_gain":0,"max_hp_loss":0,"event_name":"Lab","floor":45,"gold_loss":0}],"is_beta":false,"boss_relics":[{"not_picked":["White Beast Statue","Calling Bell"],"picked":"Empty Cage"},{"not_picked":["Pandora\u0027s Box","Snecko Eye"],"picked":"Busted Crown"}],"items_purged_floors":[38],"is_endless":false,"potions_floor_spawned":[8,13,14,18,22,27,31,39,44,46,48],"ascension_level":6}