{"gold_per_floor":[113,113,63,63,83,83,103,126,150,82,82,257,257,33,33,154,154,167,167,98,172,147,147],"floor_reached":23,"playtime":658,"items_purged":["Doubt"],"score":248,"play_id":"98998764-f973-4d6c-bf4d-524f3e584bdd","local_time":"20190314022244","is_ascension_mode":true,"campfire_choices":[{"data":"Corruption","floor":6,"key":"SMITH"},{"data":"Bash","floor":11,"key":"SMITH"},{"data":"Rage","floor":15,"key":"SMITH"}],"neow_cost":"NONE","seed_source_timestamp":7075487609452,"circlet_count":0,"master_deck":["Strike_R","Strike_R","Strike_R","Defend_R","Defend_R","Defend_R","Defend_R","Bash+1","Corruption+1","Clash","Thunderclap","Flame Barrier","Rage+1","Seeing Red","Sword Boomerang","Feel No Pain","Ghostly Armor"],"relics":["Burning Blood","NeowsBlessing","Golden Idol","Ancient Tea Set","Lantern","Pen Nib","Eternal Feather","Dodecahedron"],"potions_floor_usage":[16,16,16],"damage_taken":[{"damage":0,"enemies":"Small Slimes","floor":1,"turns":1},{"damage":0,"enemies":"Jaw Worm","floor":5,"turns":1},{"damage":0,"enemies":"2 Louse","floor":7,"turns":1},{"damage":12,"enemies":"Lots of Slimes","floor":8,"turns":4},{"damage":19,"enemies":"Hexaghost","floor":16,"turns":9},{"damage":34,"enemies":"Spheric Guardian","floor":18,"turns":6},{"damage":24,"enemies":"2 Thieves","floor":22,"turns":5},{"damage":34,"enemies":"Slavers","floor":23,"turns":1}],"seed_played":"4393066870527721342","potions_obtained":[{"floor":1,"key":"EssenceOfSteel"},{"floor":5,"key":"SkillPotion"},{"floor":7,"key":"Regen Potion"}],"is_trial":false,"path_per_floor":["M","?","?","?","M","R","M","M","T","$","R","?","?","$","R","B",null,"M","?","$","T","M","E"],"character_chosen":"IRONCLAD","items_purchased":["Rage","Pen Nib","Feel No Pain"],"campfire_rested":0,"item_purchase_floors":[10,14,20],"current_hp_per_floor":[78,74,74,74,74,74,74,68,68,68,68,68,61,61,61,63,71,43,43,43,43,25,0],"gold":147,"neow_bonus":"THREE_ENEMY_KILL","is_prod":false,"is_daily":false,"chose_seed":false,"campfire_upgraded":3,"win_rate":0,"timestamp":1552497764,"path_taken":["M","?","?","?","M","R","?","M","T","$","R","?","?","?","R","BOSS","M","?","$","?","?","E"],"build_version":"2019-01-23","purchased_purges":1,"victory":false,"max_hp_per_floor":[80,74,74,74,74,74,74,74,74,74,74,74,74,74,74,74,74,74,74,74,74,74,74],"card_choices":[{"not_picked":["Reckless Charge","Dual Wield"],"picked":"Corruption","floor":1},{"not_picked":["Corruption","Clothesline"],"picked":"Thunderclap","floor":5},{"not_picked":["Cleave","Corruption","Heavy Blade"],"picked":"SKIP","floor":7},{"not_picked":["Warcry","Heavy Blade"],"picked":"Flame Barrier","floor":8},{"not_picked":["Double Tap","Brutality"],"picked":"Limit Break","floor":16},{"not_picked":["Ghostly Armor+1","Armaments"],"picked":"Seeing Red","floor":18},{"not_picked":["Cleave","Clash+1"],"picked":"Ghostly Armor","floor":22}],"player_experience":352500,"relics_obtained":[{"floor":9,"key":"Ancient Tea Set"},{"floor":21,"key":"Dodecahedron"}],"event_choices":[{"damage_healed":0,"gold_gain":0,"player_choice":"Lose Max HP","damage_taken":0,"relics_obtained":["Golden Idol"],"max_hp_gain":0,"max_hp_loss":6,"event_name":"Golden Idol","floor":2,"gold_loss":0},{"cards_removed":["Strike_R"],"damage_healed":0,"gold_gain":0,"player_choice":"Card Removal","damage_taken":0,"max_hp_gain":0,"max_hp_loss":0,"event_name":"The Cleric","floor":3,"gold_loss":50},{"damage_healed":0,"gold_gain":0,"cards_transformed":["Strike_R"],"player_choice":"Transformed","damage_taken":0,"max_hp_gain":0,"max_hp_loss":0,"event_name":"Transmorgrifier","floor":4,"gold_loss":0,"cards_obtained":["Clash"]},{"damage_healed":0,"gold_gain":175,"player_choice":"AGREE","damage_taken":0,"max_hp_gain":0,"max_hp_loss":0,"event_name":"Liars Game","floor":12,"gold_loss":0,"cards_obtained":["Doubt"]},{"damage_healed":0,"gold_gain":0,"player_choice":"Success","damage_taken":7,"relics_obtained":["Lantern"],"max_hp_gain":0,"max_hp_loss":0,"event_name":"Scrap Ooze","floor":13,"gold_loss":0},{"damage_healed":0,"gold_gain":0,"cards_transformed":["Limit Break"],"player_choice":"Transformed","damage_taken":0,"max_hp_gain":0,"max_hp_loss":0,"event_name":"Transmorgrifier","floor":19,"gold_loss":0,"cards_obtained":["Sword Boomerang"]}],"is_beta":false,"boss_relics":[{"not_picked":["Mark of Pain","Runic Cube"],"picked":"Eternal Feather"}],"items_purged_floors":[14],"is_endless":false,"potions_floor_spawned":[1,5,7],"killed_by":"Slavers","ascension_level":8}