{"gold_per_floor":[215,215,232,80,97,124,136,168,168,185,210,210,221,236,236,307,307,317,20,32,44,44,44,54,54,54,54,87,87,119,139,139,210,210,227,1226,1241,1254,704,739,739,614,614,614,634,667,667,681,681,681,681,681,206,237,237],"floor_reached":56,"playtime":2972,"items_purged":["Strike_B","Normality","Normality","Strike_B+1"],"score":1977,"play_id":"4e2038d8-3aaf-4fb8-871f-e141745c5cac","local_time":"20190227225853","is_ascension_mode":true,"campfire_choices":[{"floor":12,"key":"REST"},{"data":"Defragment","floor":15,"key":"SMITH"},{"data":"Fission","floor":23,"key":"SMITH"},{"data":"Apotheosis","floor":25,"key":"SMITH"},{"data":"Defragment","floor":29,"key":"SMITH"},{"data":"Creative AI","floor":32,"key":"SMITH"},{"floor":44,"key":"RECALL"},{"data":"Seek","floor":49,"key":"SMITH"},{"data":"Electrodynamics","floor":52,"key":"SMITH"}],"neow_cost":"NONE","seed_source_timestamp":897555406754009,"circlet_count":0,"master_deck":["AscendersBane","Strike_B+1","Strike_B+1","Defend_B+1","Defend_B+1","Defend_B+1","Defend_B+1","Zap","Dualcast","Ball Lightning","Gash","FTL","Leap","Defragment+1","Creative AI+1","Defragment+1","Coolheaded","Cold Snap","Electrodynamics+1","Fission+1","Conserve Battery","Apotheosis+1","Coolheaded","Go for the Eyes+1","Biased Cognition","Seek+1","Stack+1"],"relics":["Cracked Core","Pocketwatch","Ornamental Fan","Bird Faced Urn","Mango","Nuclear Battery","Enchiridion","DataDisk","Symbiotic Virus","Velvet Choker","Sundial","Toy Ornithopter","Singing Bowl","Mummified Hand","Toxic Egg 2","Happy Flower","Bronze Scales","Cables"],"potions_floor_usage":[6,7,8,10,30,55,55],"damage_taken":[{"damage":4,"enemies":"2 Louse","floor":1,"turns":3},{"damage":0,"enemies":"Jaw Worm","floor":3,"turns":3},{"damage":3,"enemies":"Small Slimes","floor":5,"turns":2},{"damage":16,"enemies":"Lagavulin","floor":6,"turns":7},{"damage":12,"enemies":"Exordium Wildlife","floor":7,"turns":4},{"damage":27,"enemies":"Gremlin Nob","floor":8,"turns":5},{"damage":0,"enemies":"Looter","floor":10,"turns":3},{"damage":10,"enemies":"3 Sentries","floor":11,"turns":7},{"damage":4,"enemies":"2 Fungi Beasts","floor":13,"turns":3},{"damage":5,"enemies":"Red Slaver","floor":14,"turns":4},{"damage":38,"enemies":"Slime Boss","floor":16,"turns":7},{"damage":5,"enemies":"Shell Parasite","floor":18,"turns":16},{"damage":0,"enemies":"Spheric Guardian","floor":20,"turns":4},{"damage":0,"enemies":"3 Cultists","floor":21,"turns":3},{"damage":14,"enemies":"Snake Plant","floor":24,"turns":3},{"damage":10,"enemies":"Book of Stabbing","floor":28,"turns":5},{"damage":20,"enemies":"Slavers","floor":30,"turns":16},{"damage":6,"enemies":"Shelled Parasite and Fungi","floor":31,"turns":5},{"damage":5,"enemies":"Collector","floor":33,"turns":8},{"damage":0,"enemies":"Orb Walker","floor":35,"turns":3},{"damage":19,"enemies":"3 Shapes","floor":37,"turns":4},{"damage":66,"enemies":"Writhing Mass","floor":38,"turns":23},{"damage":69,"enemies":"Reptomancer","floor":40,"turns":19},{"damage":0,"enemies":"Spire Growth","floor":45,"turns":5},{"damage":6,"enemies":"Giant Head","floor":46,"turns":10},{"damage":2,"enemies":"4 Shapes","floor":48,"turns":3},{"damage":35,"enemies":"Donu and Deca","floor":50,"turns":10},{"damage":44,"enemies":"Shield and Spear","floor":54,"turns":7},{"damage":66,"enemies":"The Heart","floor":55,"turns":8}],"seed_played":"-6745445860355521252","potions_obtained":[{"floor":3,"key":"Fire Potion"},{"floor":6,"key":"Energy Potion"},{"floor":8,"key":"SteroidPotion"},{"floor":11,"key":"SneckoOil"},{"floor":14,"key":"GamblersBrew"},{"floor":18,"key":"Ancient Potion"},{"floor":31,"key":"Regen Potion"}],"is_trial":false,"path_per_floor":["M","?","M","$","M","E","M","E","T","M","E","R","M","M","R","B",null,"M","$","M","M","?","R","M","R","T","?","E","R","E","M","R","B",null,"M","?","M","M","$","E","?","$","T","R","M","E","?","M","R","B",null,"R","$","E","B",null],"character_chosen":"DEFECT","items_purchased":["PowerPotion","FTL","Leap","Apotheosis","Coolheaded","Sundial","Toy Ornithopter","Happy Flower","Stack+1","Bronze Scales"],"campfire_rested":1,"item_purchase_floors":[4,4,4,19,19,39,39,53,53,53],"current_hp_per_floor":[60,65,65,65,62,46,34,7,7,11,19,46,48,47,47,27,74,90,90,90,90,69,69,63,63,63,63,63,63,90,88,88,90,90,90,90,75,90,90,77,77,77,77,77,93,96,96,98,98,89,96,96,96,80,85],"gold":237,"neow_bonus":"HUNDRED_GOLD","is_prod":false,"is_daily":false,"chose_seed":false,"campfire_upgraded":7,"win_rate":0,"timestamp":1551326333,"path_taken":["M","?","M","$","M","E","M","E","T","M","E","R","M","M","R","BOSS","M","$","M","M","?","R","M","R","T","?","E","R","E","M","R","BOSS","M","?","M","M","$","E","?","$","T","R","M","E","?","M","R","BOSS","R","$","E","BOSS"],"build_version":"2019-02-06","purchased_purges":4,"victory":true,"max_hp_per_floor":[71,76,76,76,76,76,76,76,76,76,90,90,90,90,90,90,90,90,90,90,90,90,90,90,90,90,90,90,90,90,90,90,90,90,90,90,90,90,90,92,92,92,92,92,94,96,96,98,98,98,98,98,98,100,100],"card_choices":[{"not_picked":["Rebound","Conserve Battery"],"picked":"Ball Lightning","floor":1},{"not_picked":["Fusion","Lockon"],"picked":"Gash","floor":3},{"not_picked":["Turbo","Redo"],"picked":"Defragment","floor":5},{"not_picked":["Sweeping Beam","Beam Cell"],"picked":"Creative AI","floor":6},{"not_picked":["Consume","Hologram"],"picked":"Defragment","floor":7},{"not_picked":["Fusion","Multi-Cast"],"picked":"Coolheaded","floor":8},{"not_picked":["Lockon","Heatsinks"],"picked":"Cold Snap","floor":10},{"not_picked":["Redo","FTL"],"picked":"Electrodynamics","floor":11},{"not_picked":["Heatsinks","Lockon","Ball Lightning"],"picked":"SKIP","floor":13},{"not_picked":["Stack","Steam","Scrape"],"picked":"SKIP","floor":14},{"not_picked":["Machine Learning","Hyperbeam"],"picked":"Fission","floor":16},{"not_picked":["Gash","Barrage"],"picked":"Conserve Battery","floor":18},{"not_picked":["Auto Shields","Conserve Battery"],"picked":"Go for the Eyes+1","floor":20},{"not_picked":["Barrage","Go for the Eyes","Steam"],"picked":"SKIP","floor":21},{"not_picked":["Stack","Steam"],"picked":"Biased Cognition","floor":24},{"not_picked":["Skim","Hologram","Gash"],"picked":"SKIP","floor":28},{"not_picked":["Defragment","Go for the Eyes","Barrage"],"picked":"SKIP","floor":30},{"not_picked":["Ball Lightning","Stack","Compile Driver"],"picked":"SKIP","floor":31},{"not_picked":["Lockon","Go for the Eyes","Rebound"],"picked":"SKIP","floor":35},{"not_picked":["Steam+1","Turbo+1","Sweeping Beam"],"picked":"SKIP","floor":37},{"not_picked":["Lockon+1","Reprogram+1"],"picked":"Seek","floor":38},{"not_picked":["Rebound","Amplify","Melter"],"picked":"Singing Bowl","floor":40},{"not_picked":["Rebound","Heatsinks+1","Coolheaded"],"picked":"Singing Bowl","floor":45},{"not_picked":["Leap","Streamline","Biased Cognition"],"picked":"Singing Bowl","floor":46},{"not_picked":["Ball Lightning+1","Hologram+1","Undo+1"],"picked":"Singing Bowl","floor":48},{"not_picked":["Electrodynamics","All For One","Chill+1"],"picked":"Singing Bowl","floor":54}],"player_experience":2054918,"relics_obtained":[{"floor":6,"key":"Pocketwatch"},{"floor":8,"key":"Ornamental Fan"},{"floor":9,"key":"Bird Faced Urn"},{"floor":11,"key":"Mango"},{"floor":22,"key":"Enchiridion"},{"floor":28,"key":"DataDisk"},{"floor":30,"key":"Symbiotic Virus"},{"floor":40,"key":"Singing Bowl"},{"floor":43,"key":"Mummified Hand"},{"floor":46,"key":"Toxic Egg 2"},{"floor":54,"key":"Cables"}],"event_choices":[{"damage_healed":0,"gold_gain":0,"player_choice":"Donut","damage_taken":0,"max_hp_gain":5,"max_hp_loss":0,"event_name":"Big Fish","floor":2,"gold_loss":0},{"damage_healed":0,"gold_gain":0,"player_choice":"Obtained Book","damage_taken":21,"max_hp_gain":0,"max_hp_loss":0,"event_name":"Cursed Tome","floor":22,"gold_loss":0},{"damage_healed":0,"gold_gain":0,"player_choice":"Simplicity","damage_taken":0,"max_hp_gain":0,"max_hp_loss":0,"event_name":"Back to Basics","floor":27,"gold_loss":0,"cards_upgraded":["Strike_B","Strike_B","Strike_B","Defend_B","Defend_B","Defend_B","Defend_B"]},{"damage_healed":0,"gold_gain":999,"player_choice":"Gold","damage_taken":0,"max_hp_gain":0,"max_hp_loss":0,"event_name":"MindBloom","floor":36,"gold_loss":0,"cards_obtained":["Normality","Normality"]},{"damage_healed":0,"gold_gain":0,"player_choice":"Ignored","damage_taken":0,"max_hp_gain":0,"max_hp_loss":0,"event_name":"Tomb of Lord Red Mask","floor":41,"gold_loss":0},{"damage_healed":0,"gold_gain":0,"player_choice":"Ignored","damage_taken":0,"max_hp_gain":0,"max_hp_loss":0,"event_name":"SecretPortal","floor":47,"gold_loss":0}],"is_beta":true,"boss_relics":[{"not_picked":["FrozenCore","Orrery"],"picked":"Nuclear Battery"},{"not_picked":["White Beast Statue","Runic Pyramid"],"picked":"Velvet Choker"}],"items_purged_floors":[19,39,42,53],"is_endless":false,"potions_floor_spawned":[3,6,8,11,14,18,28,31,38,46],"ascension_level":15}