{"gold_per_floor":[361,44,59,75,55,80,80,98,121,147,165,165,176,192,192,269,269,280,280,280,280,58,58,72,137,183,218,218,106,120,152,152,152,152,162,262,262,275,175,200,212,236,248,272,365,377,415,438,450,462,474,486,22,47,47],"floor_reached":55,"playtime":2254,"items_purged":["Normality","Strike_B"],"score":1319,"play_id":"ad4883a2-eb55-40c8-a71d-34719604c82e","local_time":"20190218215036","is_ascension_mode":true,"campfire_choices":[{"floor":7.0,"key":"REST"},{"data":"Darkness","floor":12.0,"key":"SMITH"},{"floor":15.0,"key":"REST"},{"floor":23.0,"key":"REST"},{"floor":32.0,"key":"REST"},{"data":"Biased Cognition","floor":41.0,"key":"SMITH"},{"floor":46.0,"key":"RECALL"},{"data":"Buffer","floor":49.0,"key":"SMITH"},{"data":"Reinforced Body","floor":52,"key":"SMITH"}],"neow_cost":"PERCENT_DAMAGE","seed_source_timestamp":116358516075257,"circlet_count":0,"master_deck":["AscendersBane","Strike_B","Defend_B","Defend_B","Defend_B","Defend_B","Zap","Dualcast","FTL","Doom and Gloom","Steam","Darkness+1","Genetic Algorithm","Redo","Biased Cognition+1","Reinforced Body+1","Genetic Algorithm","Conserve Battery","Core Surge","Conserve Battery","Tempest","Electrodynamics","Undo","Compile Driver","Multi-Cast+1","BootSequence","Self Repair","Cold Snap+1","Cold Snap","Go for the Eyes+1","Defragment+1","Conserve Battery+1","Decay","Coolheaded","Buffer+1","Seek","Skim+1"],"special_seed":0,"relics":["Cracked Core","Runic Capacitor","Regal Pillow","Bag of Preparation","Orichalcum","Cursed Key","Nilry\u0027s Codex","PreservedInsect","Tiny Chest","Oddly Smooth Stone","Red Mask","Lizard Tail","Prayer Wheel","MawBank","Sundial","Molten Egg 2","ClockworkSouvenir","Anchor","Bronze Scales"],"potions_floor_usage":[50,50,54],"damage_taken":[{"damage":3.0,"enemies":"Jaw Worm","floor":1.0,"turns":4.0},{"damage":1.0,"enemies":"Cultist","floor":3.0,"turns":3.0},{"damage":0.0,"enemies":"2 Louse","floor":4.0,"turns":2.0},{"damage":25.0,"enemies":"Lagavulin","floor":6.0,"turns":7.0},{"damage":6.0,"enemies":"Looter","floor":8.0,"turns":4.0},{"damage":19.0,"enemies":"3 Sentries","floor":10.0,"turns":5.0},{"damage":5.0,"enemies":"Blue Slaver","floor":11.0,"turns":4.0},{"damage":0.0,"enemies":"3 Louse","floor":13.0,"turns":2.0},{"damage":5.0,"enemies":"Gremlin Gang","floor":14.0,"turns":3.0},{"damage":43.0,"enemies":"The Guardian","floor":16.0,"turns":11.0},{"damage":7.0,"enemies":"Chosen","floor":18.0,"turns":4.0},{"damage":0.0,"enemies":"2 Thieves","floor":24.0,"turns":3.0},{"damage":15.0,"enemies":"Book of Stabbing","floor":25.0,"turns":4.0},{"damage":16.0,"enemies":"Slavers","floor":27.0,"turns":5.0},{"damage":6.0,"enemies":"Centurion and Healer","floor":30.0,"turns":5.0},{"damage":0.0,"enemies":"Masked Bandits","floor":31.0,"turns":2.0},{"damage":25.0,"enemies":"Collector","floor":33.0,"turns":10.0},{"damage":6.0,"enemies":"3 Darklings","floor":35.0,"turns":4.0},{"damage":0.0,"enemies":"Mind Bloom Boss Battle","floor":36.0,"turns":9.0},{"damage":0.0,"enemies":"Orb Walker","floor":38.0,"turns":3.0},{"damage":15.0,"enemies":"Nemesis","floor":40.0,"turns":6.0},{"damage":6.0,"enemies":"4 Shapes","floor":42.0,"turns":7.0},{"damage":14.0,"enemies":"Spire Growth","floor":44.0,"turns":7.0},{"damage":15.0,"enemies":"Reptomancer","floor":47.0,"turns":7.0},{"damage":7.0,"enemies":"3 Darklings","floor":48.0,"turns":7.0},{"damage":50,"enemies":"Donu and Deca","floor":50,"turns":10},{"damage":24,"enemies":"Shield and Spear","floor":54,"turns":5},{"damage":46,"enemies":"The Heart","floor":55,"turns":9}],"seed_played":"2027752656758671827","potions_obtained":[{"floor":1.0,"key":"Fire Potion"},{"floor":5.0,"key":"FairyPotion"},{"floor":6.0,"key":"Strength Potion"},{"floor":10.0,"key":"AttackPotion"},{"floor":16.0,"key":"Fire Potion"},{"floor":30.0,"key":"FocusPotion"},{"floor":35.0,"key":"Energy Potion"},{"floor":38.0,"key":"PowerPotion"}],"is_trial":false,"path_per_floor":["M","$","M","M","?","E","R","M","T","E","M","R","M","M","R","B",null,"M","?","?","?","$","R","M","E","T","E","?","$","M","?","R","B",null,"M","?","?","M","$","E","R","M","T","M","T","R","E","M","R","B",null,"R","$","E","B"],"character_chosen":"DEFECT","items_purchased":["Runic Capacitor","Doom and Gloom","Steam","Undo","PreservedInsect","BootSequence","Seek","ClockworkSouvenir","Anchor","Swift Potion"],"campfire_rested":4,"item_purchase_floors":[2,2,2,22,22,29,53,53,53,53],"current_hp_per_floor":[43,43,42,42,42,17,53,47,47,28,23,23,23,18,54,11,56,49,28,28,28,28,64,64,49,49,33,33,33,27,27,63,45,65,66,71,67,67,67,59,59,60,60,53,53,53,38,38,38,40,60,60,60,43,0],"gold":47,"neow_bonus":"TWO_FIFTY_GOLD","is_prod":false,"is_daily":false,"chose_seed":false,"campfire_upgraded":4,"win_rate":0,"timestamp":1550544636,"path_taken":["M","$","M","M","?","E","R","M","T","E","M","R","?","M","R","BOSS","M","?","?","?","?","R","M","E","T","E","?","$","?","?","R","BOSS","M","?","?","M","$","E","R","M","T","M","?","R","E","M","R","BOSS","R","$","E","BOSS"],"build_version":"2019-02-06","purchased_purges":2,"victory":false,"max_hp_per_floor":[71,71,71,71,71,71,71,71,71,71,71,71,71,71,71,71,71,71,71,71,71,71,71,71,71,71,71,71,71,71,71,71,71,71,71,71,67,67,67,67,67,67,67,67,67,67,67,67,67,67,67,67,67,67,67],"card_choices":[{"not_picked":["Go for the Eyes","Compile Driver"],"picked":"FTL","floor":1.0},{"not_picked":["Beam Cell","Redo"],"picked":"Darkness","floor":3.0},{"not_picked":["Heatsinks","Storm"],"picked":"Genetic Algorithm","floor":4.0},{"not_picked":["Gash","Steam"],"picked":"Redo","floor":6.0},{"not_picked":["Go for the Eyes","Coolheaded"],"picked":"Biased Cognition","floor":8.0},{"not_picked":["Beam Cell","Leap"],"picked":"Reinforced Body","floor":10.0},{"not_picked":["Streamline","Tempest","Turbo"],"picked":"SKIP","floor":11.0},{"not_picked":["Force Field","Beam Cell"],"picked":"Genetic Algorithm","floor":13.0},{"not_picked":["Skim","Ball Lightning"],"picked":"Conserve Battery","floor":14.0},{"not_picked":["Seek","Creative AI"],"picked":"Core Surge","floor":16.0},{"not_picked":["Chaos","Streamline"],"picked":"Conserve Battery","floor":18.0},{"not_picked":["Beam Cell","Static Discharge+1","Streamline"],"picked":"SKIP","floor":24.0},{"not_picked":["Scrape","Beam Cell"],"picked":"Compile Driver","floor":25.0},{"not_picked":["Heatsinks","Sweeping Beam"],"picked":"Multi-Cast","floor":27.0},{"not_picked":["Rebound","Ball Lightning"],"picked":"Self Repair","floor":30.0},{"not_picked":["Beam Cell","Go for the Eyes","Storm"],"picked":"SKIP","floor":35.0},{"not_picked":["Conserve Battery+1","Steam"],"picked":"Cold Snap+1","floor":38.0},{"not_picked":["Gash","Stack"],"picked":"Cold Snap","floor":38.0},{"not_picked":["Turbo","Barrage","Rebound"],"picked":"SKIP","floor":40.0},{"not_picked":["Barrage","Stack"],"picked":"Go for the Eyes+1","floor":42.0},{"not_picked":["Loop","Ball Lightning"],"picked":"Defragment+1","floor":42.0},{"not_picked":["Go for the Eyes","Double Energy"],"picked":"Conserve Battery+1","floor":44.0},{"not_picked":["Reprogram","Static Discharge","Turbo"],"picked":"SKIP","floor":44.0},{"not_picked":["White Noise","Hyperbeam","Hologram"],"picked":"SKIP","floor":47.0},{"not_picked":["Beam Cell+1","Streamline+1"],"picked":"Coolheaded","floor":48.0},{"not_picked":["Ball Lightning+1","Doom and Gloom+1"],"picked":"Buffer","floor":48.0},{"not_picked":["Compile Driver+1","Hologram"],"picked":"Skim+1","floor":54}],"player_experience":1990359,"relics_obtained":[{"floor":6.0,"key":"Regal Pillow"},{"floor":9.0,"key":"Bag of Preparation"},{"floor":10.0,"key":"Orichalcum"},{"floor":19.0,"key":"Nilry\u0027s Codex"},{"floor":25.0,"key":"Tiny Chest"},{"floor":27.0,"key":"Oddly Smooth Stone"},{"floor":31.0,"key":"Red Mask"},{"floor":36.0,"key":"Prayer Wheel"},{"floor":40.0,"key":"MawBank"},{"floor":45.0,"key":"Sundial"},{"floor":47.0,"key":"Molten Egg 2"},{"floor":54,"key":"Bronze Scales"}],"event_choices":[{"damage_healed":0.0,"max_hp_gain":0.0,"max_hp_loss":0.0,"gold_gain":0.0,"event_name":"The Woman in Blue","player_choice":"Bought 1 Potion","floor":5.0,"gold_loss":0.0,"damage_taken":0.0},{"damage_healed":0.0,"max_hp_gain":0.0,"max_hp_loss":0.0,"gold_gain":0.0,"event_name":"Cursed Tome","player_choice":"Obtained Book","floor":19.0,"gold_loss":0.0,"damage_taken":21.0},{"damage_healed":0.0,"max_hp_gain":0.0,"max_hp_loss":0.0,"gold_gain":0.0,"cards_transformed":["Strike_B","Strike_B"],"event_name":"Drug Dealer","player_choice":"Became Test Subject","floor":20.0,"gold_loss":0.0,"damage_taken":0.0,"cards_obtained":["Tempest","Electrodynamics"]},{"damage_healed":0.0,"max_hp_gain":0.0,"max_hp_loss":0.0,"gold_gain":0.0,"event_name":"Ghosts","player_choice":"Ignored","floor":21.0,"gold_loss":0.0,"damage_taken":0.0},{"damage_healed":0.0,"max_hp_gain":0.0,"max_hp_loss":0.0,"gold_gain":0.0,"event_name":"Upgrade Shrine","player_choice":"Upgraded","floor":28.0,"gold_loss":0.0,"damage_taken":0.0,"cards_upgraded":["Multi-Cast"]},{"damage_healed":0.0,"max_hp_gain":0.0,"max_hp_loss":0.0,"gold_gain":0.0,"event_name":"Masked Bandits","player_choice":"Fought Bandits","floor":31.0,"gold_loss":0.0,"damage_taken":0.0},{"damage_healed":0.0,"max_hp_gain":0.0,"max_hp_loss":0.0,"gold_gain":0.0,"event_name":"MindBloom","player_choice":"Fight","floor":36.0,"gold_loss":0.0,"damage_taken":0.0},{"damage_healed":0.0,"max_hp_gain":0.0,"max_hp_loss":4.0,"gold_gain":0.0,"event_name":"Winding Halls","player_choice":"Max HP","floor":37.0,"gold_loss":0.0,"damage_taken":0.0}],"is_beta":true,"boss_relics":[{"not_picked":["Busted Crown","Runic Pyramid"],"picked":"Cursed Key"},{"not_picked":["Snecko Eye","Sozu"],"picked":"Lizard Tail"}],"items_purged_floors":[29,39],"is_endless":false,"potions_floor_spawned":[1,6,8,10,16,30,31,33,35,36,38],"killed_by":"The Heart","ascension_level":15}