{"gold_per_floor":[117,192,203,217,217,217,242,262,289,322,129,147,157,188,188,263,263,279,22,22,22,37,71,71,101,152,165,191,204,237,251,251,328,328,340,340,360,15,33,33,66,78,103,103,103,118,118,118,118,118,118,118,21,48,48],"floor_reached":55,"playtime":2671,"items_purged":["Strike_G"],"score":1357,"play_id":"7e66059b-0c3c-4f27-91b6-5062fc17513a","local_time":"20190216163808","is_ascension_mode":true,"campfire_choices":[{"floor":6,"key":"REST"},{"floor":15,"key":"REST"},{"floor":24,"key":"REST"},{"floor":32,"key":"RECALL"},{"floor":40,"key":"REST"},{"floor":44,"key":"REST"},{"floor":49,"key":"REST"},{"floor":52,"key":"REST"}],"neow_cost":"NONE","seed_source_timestamp":189660429446826,"circlet_count":0,"master_deck":["AscendersBane","Defend_G+1","Defend_G+1","Defend_G+1","Defend_G+1","Defend_G+1","Survivor","Neutralize","Skewer","Crippling Poison","Dagger Spray","Bouncing Flask","Crippling Poison","Footwork","Footwork","Acrobatics","Backflip","Cloak And Dagger","Bite","Bite","Bite","Bite","Bite","PiercingWail","Wraith Form v2","Escape Plan","Malaise","PiercingWail","Wraith Form v2","Backflip","Dash","Footwork","Blade Dance","Noxious Fumes+1","Well Laid Plans","Backflip","Caltrops"],"relics":["Fusion Hammer","Pen Nib","Omamori","Smiling Mask","Mummified Hand","Oddly Smooth Stone","Ginger","Kunai","Vajra","Mercury Hourglass","Bag of Marbles","Lantern","Black Star","Membership Card","Molten Egg 2","Meat on the Bone","Regal Pillow","Bronze Scales","WarpedTongs","Centennial Puzzle","Pear"],"potions_floor_usage":[10,14,16,41,50,54],"damage_taken":[{"damage":4,"enemies":"Small Slimes","floor":1,"turns":4},{"damage":0,"enemies":"Jaw Worm","floor":3,"turns":3},{"damage":0,"enemies":"Cultist","floor":4,"turns":3},{"damage":19,"enemies":"3 Sentries","floor":7,"turns":7},{"damage":1,"enemies":"3 Louse","floor":8,"turns":3},{"damage":1,"enemies":"Lagavulin","floor":10,"turns":7},{"damage":0,"enemies":"Gremlin Gang","floor":12,"turns":1},{"damage":13,"enemies":"Blue Slaver","floor":13,"turns":3},{"damage":8,"enemies":"3 Sentries","floor":14,"turns":8},{"damage":18,"enemies":"Slime Boss","floor":16,"turns":8},{"damage":27,"enemies":"Shell Parasite","floor":18,"turns":8},{"damage":14,"enemies":"Chosen","floor":22,"turns":6},{"damage":24,"enemies":"Gremlin Leader","floor":23,"turns":12},{"damage":26,"enemies":"Slavers","floor":25,"turns":9},{"damage":0,"enemies":"Snecko","floor":27,"turns":6},{"damage":11,"enemies":"Book of Stabbing","floor":28,"turns":6},{"damage":0,"enemies":"Sentry and Sphere","floor":29,"turns":8},{"damage":21,"enemies":"Slavers","floor":30,"turns":6},{"damage":4,"enemies":"Centurion and Healer","floor":31,"turns":7},{"damage":62,"enemies":"Champ","floor":33,"turns":20},{"damage":2,"enemies":"3 Shapes","floor":35,"turns":6},{"damage":3,"enemies":"3 Darklings","floor":37,"turns":7},{"damage":14,"enemies":"Jaw Worm Horde","floor":39,"turns":6},{"damage":50,"enemies":"Giant Head","floor":41,"turns":17},{"damage":22,"enemies":"Sphere and 2 Shapes","floor":42,"turns":9},{"damage":0,"enemies":"Maw","floor":46,"turns":9},{"damage":52,"enemies":"Donu and Deca","floor":50,"turns":13},{"damage":50,"enemies":"Shield and Spear","floor":54,"turns":8},{"damage":52,"enemies":"The Heart","floor":55,"turns":3}],"seed_played":"-7398357066295653704","potions_obtained":[{"floor":3,"key":"AttackPotion"},{"floor":4,"key":"Dexterity Potion"},{"floor":10,"key":"Regen Potion"},{"floor":14,"key":"FearPotion"},{"floor":18,"key":"Swift Potion"},{"floor":37,"key":"GamblersBrew"}],"is_trial":false,"path_per_floor":["M","?","M","M","?","R","E","M","T","E","$","M","M","E","R","B",null,"M","$","?","?","M","E","R","E","T","M","E","M","E","M","R","B",null,"M","$","M","$","M","R","E","M","T","R","?","M","?","?","R","B",null,"R","$","E","B"],"character_chosen":"THE_SILENT","items_purchased":["Oddly Smooth Stone","Kunai","Membership Card","Molten Egg 2","Footwork","Backflip","Caltrops","SkillPotion","SpeedPotion"],"campfire_rested":7,"item_purchase_floors":[11,19,38,38,38,53,53,53,53],"current_hp_per_floor":[55,44,44,44,39,58,39,38,38,37,37,37,24,31,50,32,58,31,31,31,31,29,43,46,32,32,44,39,46,33,46,46,19,39,41,41,45,45,38,46,16,22,22,46,56,56,53,53,53,29,47,53,53,44,0],"gold":48,"neow_bonus":"BOSS_RELIC","is_prod":false,"is_daily":false,"chose_seed":false,"campfire_upgraded":0,"win_rate":0,"timestamp":1550353088,"path_taken":["M","?","M","M","?","R","E","M","T","E","?","M","M","E","R","BOSS","M","$","?","?","M","E","R","E","T","M","E","M","E","M","R","BOSS","M","$","M","$","M","R","E","M","T","R","?","?","?","?","R","BOSS","R","$","E","BOSS"],"build_version":"2019-02-06","purchased_purges":1,"victory":false,"max_hp_per_floor":[66,66,66,66,66,66,66,66,66,66,66,66,66,66,66,66,66,66,66,46,46,46,46,46,46,46,46,46,46,46,46,46,46,46,46,46,46,46,46,46,46,46,46,46,56,56,53,53,53,53,53,53,53,63,63],"card_choices":[{"not_picked":["Poisoned Stab","Expertise"],"picked":"Skewer","floor":1},{"not_picked":["Heel Hook","Outmaneuver"],"picked":"Crippling Poison","floor":3},{"not_picked":["Blade Dance","Backflip"],"picked":"Dagger Spray","floor":4},{"not_picked":["Dagger Throw","Deflect"],"picked":"Bouncing Flask","floor":7},{"not_picked":["PiercingWail","Burst"],"picked":"Crippling Poison","floor":8},{"not_picked":["Doppelganger","Predator"],"picked":"Footwork","floor":10},{"not_picked":["Quick Slash","Dagger Throw"],"picked":"Footwork","floor":12},{"not_picked":["Poisoned Stab","Flechettes"],"picked":"Acrobatics","floor":13},{"not_picked":["Dagger Spray","Leg Sweep"],"picked":"Backflip","floor":14},{"not_picked":["Caltrops","Masterful Stab"],"picked":"Cloak And Dagger","floor":18},{"not_picked":["Deflect","Blade Dance+1"],"picked":"PiercingWail","floor":22},{"not_picked":["Skewer","Sucker Punch"],"picked":"Wraith Form v2","floor":23},{"not_picked":["Prepared","Noxious Fumes","Terror"],"picked":"SKIP","floor":25},{"not_picked":["Eviscerate","Tactician"],"picked":"Escape Plan","floor":27},{"not_picked":["Catalyst","Expertise"],"picked":"Malaise","floor":28},{"not_picked":["Bane","Slice","Eviscerate"],"picked":"SKIP","floor":29},{"not_picked":["Sucker Punch+1","Reflex","Noxious Fumes"],"picked":"SKIP","floor":30},{"not_picked":["Quick Slash","Concentrate"],"picked":"PiercingWail","floor":31},{"not_picked":["Malaise","Grand Finale"],"picked":"Wraith Form v2","floor":33},{"not_picked":["Slice","Prepared"],"picked":"Backflip","floor":35},{"not_picked":["Skewer","PiercingWail"],"picked":"Dash","floor":37},{"not_picked":["Outmaneuver","PiercingWail"],"picked":"Blade Dance","floor":39},{"not_picked":["Deflect+1","Outmaneuver"],"picked":"Wraith Form v2","floor":41},{"not_picked":["Escape Plan+1","PiercingWail"],"picked":"Noxious Fumes+1","floor":42},{"not_picked":["Outmaneuver","Deflect"],"picked":"Well Laid Plans","floor":46},{"not_picked":["Deadly Poison","Die Die Die+1","Slice+1"],"picked":"SKIP","floor":54}],"player_experience":1974025,"relics_obtained":[{"floor":7,"key":"Omamori"},{"floor":9,"key":"Smiling Mask"},{"floor":10,"key":"Mummified Hand"},{"floor":14,"key":"Ginger"},{"floor":23,"key":"Vajra"},{"floor":25,"key":"Mercury Hourglass"},{"floor":28,"key":"Bag of Marbles"},{"floor":30,"key":"Lantern"},{"floor":41,"key":"Meat on the Bone"},{"floor":41,"key":"Regal Pillow"},{"floor":43,"key":"Bronze Scales"},{"floor":54,"key":"Centennial Puzzle"},{"floor":54,"key":"Pear"}],"event_choices":[{"damage_healed":0,"gold_gain":75,"player_choice":"Gather Gold","damage_taken":11,"max_hp_gain":0,"max_hp_loss":0,"event_name":"World of Goop","floor":2,"gold_loss":0},{"damage_healed":0,"gold_gain":0,"player_choice":"Success","damage_taken":5,"relics_obtained":["Pen Nib"],"max_hp_gain":0,"max_hp_loss":0,"event_name":"Scrap Ooze","floor":5,"gold_loss":0},{"damage_healed":0,"gold_gain":0,"player_choice":"Became a vampire","damage_taken":0,"max_hp_gain":0,"max_hp_loss":20,"event_name":"Vampires","floor":20,"gold_loss":0,"cards_obtained":["Bite","Bite","Bite","Bite","Bite"]},{"damage_healed":0,"gold_gain":0,"player_choice":"Simplicity","damage_taken":0,"max_hp_gain":0,"max_hp_loss":0,"event_name":"Back to Basics","floor":21,"gold_loss":0,"cards_upgraded":["Defend_G","Defend_G","Defend_G","Defend_G","Defend_G"]},{"cards_removed":["Wraith Form v2"],"damage_healed":0,"gold_gain":0,"player_choice":"Offered Rare","damage_taken":0,"max_hp_gain":10,"max_hp_loss":0,"event_name":"Bonfire Elementals","floor":45,"gold_loss":0},{"damage_healed":0,"gold_gain":0,"player_choice":"Max HP","damage_taken":0,"max_hp_gain":0,"max_hp_loss":3,"event_name":"Winding Halls","floor":47,"gold_loss":0},{"damage_healed":0,"gold_gain":0,"player_choice":"Rummage","damage_taken":0,"relics_obtained":["WarpedTongs"],"max_hp_gain":0,"max_hp_loss":0,"event_name":"Accursed Blacksmith","floor":48,"gold_loss":0,"cards_obtained":["Pain"]}],"is_beta":true,"boss_relics":[{"not_picked":["Philosopher\u0027s Stone","HoveringKite","Pandora\u0027s Box"]},{"not_picked":["White Beast Statue","Sozu"],"picked":"Black Star"}],"items_purged_floors":[11],"is_endless":false,"potions_floor_spawned":[3,4,8,10,14,18,22,23,30,33,37,39],"killed_by":"The Heart","ascension_level":15}