{"gold_per_floor":[115,40,115,126,142,142,173,173,173,183,194,144,144,160,160,264,264,280,27,27,42,57,57,68,68,123,140,151,186,186,186,186,186],"floor_reached":33,"playtime":1341,"items_purged":["Defend_R","Decay"],"score":294,"play_id":"8886fb26-fc6c-49e2-8309-996313bea85e","local_time":"20190313010710","is_ascension_mode":false,"campfire_choices":[{"data":"Bash","floor":6,"key":"SMITH"},{"data":"Defend_R","floor":13,"key":"PURGE"},{"data":"Defend_R","floor":15,"key":"PURGE"},{"data":"Shame","floor":23,"key":"PURGE"},{"data":"Writhe","floor":30,"key":"PURGE"},{"data":"Perfected Strike","floor":32,"key":"SMITH"}],"neow_cost":"TEN_PERCENT_HP_LOSS","seed_source_timestamp":31575623898517,"circlet_count":0,"master_deck":["Strike_R","Strike_R","Strike_R","Strike_R","Strike_R","Defend_R","Bash+1","Twin Strike","Headbutt","Clash","Thunderclap","Body Slam+1","Ghostly","Ghostly","Ghostly","Ghostly","Ghostly","Body Slam+1","Armaments+1","Perfected Strike+1","Pommel Strike"],"relics":["Burning Blood","Incense Burner","Peace Pipe","Ice Cream","Calling Bell","Happy Flower","Dodecahedron","Du-Vu Doll","Dream Catcher","Lantern","Bird Faced Urn"],"potions_floor_usage":[16,24,29,33,33,33],"damage_taken":[{"damage":8,"enemies":"Jaw Worm","floor":1,"turns":5},{"damage":0,"enemies":"Cultist","floor":4,"turns":2},{"damage":8,"enemies":"Small Slimes","floor":5,"turns":3},{"damage":15,"enemies":"Gremlin Nob","floor":7,"turns":4},{"damage":19,"enemies":"3 Louse","floor":10,"turns":3},{"damage":1,"enemies":"Blue Slaver","floor":11,"turns":2},{"damage":8,"enemies":"Lots of Slimes","floor":14,"turns":3},{"damage":48,"enemies":"The Guardian","floor":16,"turns":7},{"damage":3,"enemies":"Chosen","floor":18,"turns":3},{"damage":13,"enemies":"3 Byrds","floor":21,"turns":5},{"damage":3,"enemies":"Cultist and Chosen","floor":22,"turns":7},{"damage":5,"enemies":"Sentry and Sphere","floor":24,"turns":6},{"damage":3,"enemies":"Snake Plant","floor":27,"turns":5},{"damage":6,"enemies":"Cultist and Chosen","floor":28,"turns":6},{"damage":9,"enemies":"Gremlin Leader","floor":29,"turns":6},{"damage":39,"enemies":"Automaton","floor":33,"turns":6}],"seed_played":"-5186155689174734045","potions_obtained":[{"floor":5,"key":"Energy Potion"},{"floor":11,"key":"Energy Potion"},{"floor":16,"key":"Energy Potion"},{"floor":22,"key":"Energy Potion"},{"floor":27,"key":"Weak Potion"},{"floor":29,"key":"Energy Potion"}],"is_trial":false,"path_per_floor":["M","$","?","M","M","R","E","?","T","M","M","?","R","M","R","B",null,"M","$","?","M","M","R","M","$","T","M","M","E","R","?","R","B"],"character_chosen":"IRONCLAD","items_purchased":["Dream Catcher"],"campfire_rested":0,"item_purchase_floors":[19],"current_hp_per_floor":[70,70,63,69,67,67,58,72,72,59,64,64,64,62,62,20,69,69,69,34,27,30,30,31,31,31,34,34,31,31,31,31,0],"gold":186,"neow_bonus":"ONE_RARE_RELIC","is_prod":false,"is_daily":false,"chose_seed":false,"campfire_upgraded":2,"win_rate":0,"timestamp":1552406830,"path_taken":["M","$","?","?","M","R","E","?","T","M","M","?","R","M","R","BOSS","M","$","?","M","M","R","M","$","T","M","M","E","R","?","R","BOSS"],"build_version":"2019-01-23","purchased_purges":2,"victory":false,"max_hp_per_floor":[72,72,72,72,72,72,72,72,72,72,72,69,69,69,69,69,69,69,69,34,34,34,34,34,34,34,34,34,34,34,34,34,34],"card_choices":[{"not_picked":["Headbutt","Sword Boomerang"],"picked":"Twin Strike","floor":1},{"not_picked":["Body Slam","Sentinel"],"picked":"Headbutt","floor":4},{"not_picked":["Heavy Blade","Ghostly Armor","Reckless Charge"],"picked":"SKIP","floor":5},{"not_picked":["Evolve","Limit Break"],"picked":"Clash","floor":7},{"not_picked":["Power Through","Burning Pact","Clothesline"],"picked":"SKIP","floor":10},{"not_picked":["Dual Wield","Flex"],"picked":"Thunderclap","floor":11},{"not_picked":["Thunderclap","Ghostly Armor","Cleave"],"picked":"SKIP","floor":14},{"not_picked":["Iron Wave","True Grit"],"picked":"Body Slam+1","floor":18},{"not_picked":["Cleave","Disarm+1"],"picked":"Body Slam+1","floor":21},{"not_picked":["Dropkick","Spot Weakness"],"picked":"Armaments+1","floor":22},{"not_picked":["Warcry","Blood for Blood+1"],"picked":"Perfected Strike","floor":24},{"not_picked":["Heavy Blade","Uppercut","Searing Blow+1"],"picked":"SKIP","floor":27},{"not_picked":["Seeing Red","Sword Boomerang"],"picked":"Pommel Strike","floor":28},{"not_picked":["Second Wind","Metallicize+1","Bloodletting"],"picked":"SKIP","floor":29}],"player_experience":339622,"relics_obtained":[{"floor":7,"key":"Peace Pipe"},{"floor":9,"key":"Ice Cream"},{"floor":17,"key":"Happy Flower"},{"floor":17,"key":"Dodecahedron"},{"floor":17,"key":"Du-Vu Doll"},{"floor":26,"key":"Lantern"},{"floor":29,"key":"Bird Faced Urn"}],"event_choices":[{"damage_healed":0,"gold_gain":75,"player_choice":"Touch","damage_taken":7,"max_hp_gain":0,"max_hp_loss":0,"event_name":"FaceTrader","floor":3,"gold_loss":0},{"damage_healed":18,"gold_gain":0,"player_choice":"Healed and dodged fight","damage_taken":0,"max_hp_gain":0,"max_hp_loss":0,"event_name":"Mushrooms","floor":8,"gold_loss":0,"cards_obtained":["Parasite"]},{"cards_removed":["Parasite"],"damage_healed":0,"gold_gain":0,"player_choice":"Card Removal","damage_taken":0,"max_hp_gain":0,"max_hp_loss":0,"event_name":"The Cleric","floor":12,"gold_loss":50},{"damage_healed":0,"gold_gain":0,"player_choice":"Became a Ghost","damage_taken":0,"max_hp_gain":0,"max_hp_loss":35,"event_name":"Ghosts","floor":20,"gold_loss":0,"cards_obtained":["Ghostly","Ghostly","Ghostly","Ghostly","Ghostly"]},{"damage_healed":0,"gold_gain":0,"player_choice":"Ignored","damage_taken":0,"max_hp_gain":0,"max_hp_loss":0,"event_name":"Vampires","floor":31,"gold_loss":0}],"is_beta":false,"boss_relics":[{"not_picked":["Runic Pyramid","Cursed Key"],"picked":"Calling Bell"}],"items_purged_floors":[2,19],"is_endless":false,"potions_floor_spawned":[5,11,16,22,27,28,29],"killed_by":"Automaton","ascension_level":0}