{"path_per_floor":["M","M","?","?","M","R","?","R","T","?","$","M","M","E","R","B",null,"M","M","M","?","$","R","M","R","T","?","?","E","R","$","R","B",null,"M","?","?","M","$","?","R","M","T","M","E"],"character_chosen":"IRONCLAD","items_purchased":["Limit Break","Whirlwind","Oddly Smooth Stone","Heavy Blade"],"gold_per_floor":[110,123,123,123,148,148,108,108,135,135,56,81,97,140,140,271,271,294,309,327,327,247,247,260,260,260,260,260,298,298,99,99,227,227,245,0,0,21,21,354,354,367,445,463,491],"floor_reached":46,"campfire_rested":3,"playtime":2743,"current_hp_per_floor":[80,80,62,42,44,44,44,68,75,75,75,75,80,73,73,61,81,73,54,32,32,32,32,33,59,59,43,43,33,59,59,59,16,69,69,69,58,60,60,60,60,47,47,16,9],"items_purged":[],"gold":491,"score":576,"play_id":"fd893e12-95ee-4c1c-8682-7c757a48e5f3","is_prod":false,"is_daily":false,"is_ascension_mode":true,"campfire_upgraded":3,"path_taken":["M","M","?","?","M","R","?","R","T","?","?","?","M","E","R","BOSS","M","?","M","?","$","R","M","R","T","?","?","E","R","$","R","BOSS","M","?","?","M","?","?","R","M","T","M","E","M"],"build_version":"2018-02-08-PROD1","purchased_purges":1,"victory":false,"master_deck":["Strike_R","Strike_R","Strike_R","Strike_R","Defend_R","Defend_R","Defend_R","Defend_R","Bash","Thunderclap","Pommel Strike","Armaments+1","Power Through","Limit Break+1","Warcry","Spot Weakness","Inflame","Offering","Flex","Spot Weakness+1","Shrug It Off","Offering","Whirlwind+1","Shrug It Off+1","Heavy Blade","Offering","Madness","Madness","Inflame+1"],"max_hp_per_floor":[80,80,80,80,80,80,80,80,87,87,87,87,87,87,87,87,87,87,87,87,87,87,87,87,87,87,87,87,87,87,87,87,87,87,87,87,87,87,87,87,87,87,87,87,87],"relics":["Burning Blood","Happy Flower","Strawberry","Omamori","Question Card","Shovel","Nilry\u0027s Codex","Torii","Juzu Bracelet","Oddly Smooth Stone","Molten Egg 2","Cursed Key","Red Mask","Vajra","Ornamental Fan","Meat on the Bone"],"card_choices":[{"not_picked":["Exhume","True Grit"],"picked":"Thunderclap"},{"not_picked":["Body Slam","Uppercut"],"picked":"Pommel Strike"},{"not_picked":["Anger","Perfected Strike"],"picked":"Armaments"},{"not_picked":["Wild Strike","Clothesline"],"picked":"Warcry"},{"not_picked":["Perfected Strike","Wild Strike"],"picked":"Spot Weakness"},{"not_picked":["Combust","Limit Break"],"picked":"Inflame"},{"not_picked":["Fiend Fire","Reaper"],"picked":"Offering"},{"not_picked":["Cleave","Perfected Strike","Clothesline"],"picked":"Flex"},{"not_picked":["Dropkick","Rupture","True Grit"],"picked":"Spot Weakness"},{"not_picked":["Havoc","Armaments","Carnage"],"picked":"Shrug It Off"},{"not_picked":["Havoc","Flex","Juggernaut"],"picked":"Shrug It Off"},{"not_picked":["Brutality","Impervious","Barricade"],"picked":"Offering"},{"not_picked":["Clothesline","Cleave","Clash"],"picked":"Inflame"}],"player_experience":120806,"potions_floor_usage":[14,16,19,29,29,44,45,46],"damage_taken":[{"damage":0,"enemies":"Small Slimes","floor":1,"turns":3},{"damage":2,"enemies":"2 Louse","floor":2,"turns":3},{"damage":4,"enemies":"Jaw Worm","floor":5,"turns":4},{"damage":6,"enemies":"3 Louse","floor":12,"turns":6},{"damage":1,"enemies":"Looter","floor":13,"turns":4},{"damage":13,"enemies":"3 Sentries","floor":14,"turns":6},{"damage":18,"enemies":"Slime Boss","floor":16,"turns":10},{"damage":14,"enemies":"3 Byrds","floor":18,"turns":6},{"damage":25,"enemies":"2 Thieves","floor":19,"turns":5},{"damage":28,"enemies":"Snake Plant","floor":20,"turns":3},{"damage":5,"enemies":"3 Cultists","floor":24,"turns":5},{"damage":22,"enemies":"Book of Stabbing","floor":29,"turns":3},{"damage":49,"enemies":"Champ","floor":33,"turns":8},{"damage":6,"enemies":"3 Shapes","floor":35,"turns":2},{"damage":4,"enemies":"Orb Walker","floor":38,"turns":2},{"damage":19,"enemies":"Sphere and 2 Shapes","floor":42,"turns":4},{"damage":40,"enemies":"4 Shapes","floor":44,"turns":2},{"damage":13,"enemies":"Giant Head","floor":45,"turns":6},{"damage":19,"enemies":"3 Darklings","floor":46,"turns":2}],"event_choices":[{"event_name":"Scrap Ooze","player_choice":"success","floor":3,"damage_taken":18},{"event_name":"Golden Idol","player_choice":"Take Damage","floor":4,"damage_taken":0},{"event_name":"The Woman in Blue","player_choice":"Bought 3 Potions","floor":7,"damage_taken":0},{"event_name":"Living Wall","player_choice":"Change","floor":10,"damage_taken":0},{"event_name":"Duplicator","player_choice":"One dupe","floor":21,"damage_taken":0},{"event_name":"Cursed Tome","player_choice":"Obtained Book","floor":27,"damage_taken":0},{"event_name":"The Mausoleum","player_choice":"Yes","floor":28,"damage_taken":0},{"event_name":"Tomb of Lord Red Mask","player_choice":"Paid","floor":36,"damage_taken":0},{"event_name":"Winding Halls","player_choice":"Embrace Madness","floor":37,"damage_taken":0},{"event_name":"The Moai Head","player_choice":"Gave Idol","floor":40,"damage_taken":0}],"boss_relics":[{"not_picked":["Philosopher\u0027s Stone","Mark of Pain"],"picked":"Question Card"},{"not_picked":["Tiny House","Orrery"],"picked":"Cursed Key"}],"potions_floor_spawned":[1,12,13,14,19,24,33,35,44,45],"seed_played":"-6063734500978730229","killed_by":"3 Darklings","ascension_level":5,"is_trial":false}