{"gold_per_floor":[115,115,115,190,203,243,257,207,207,207,220,258,258,258,258,381,381,402,427,427,159,184,184,207,207,207,240,240,165,165,165,165,165],"floor_reached":33,"playtime":1551,"items_purged":[],"score":444,"play_id":"eaeac1cc-c46c-46d6-bb34-f6de4ac53ef9","local_time":"20190306050003","is_ascension_mode":true,"campfire_choices":[{"data":"Fire Breathing","floor":10,"key":"SMITH"},{"data":"Flex","floor":13,"key":"SMITH"},{"floor":15,"key":"REST"},{"floor":23,"key":"REST"},{"data":"Limit Break","floor":25,"key":"SMITH"},{"floor":28,"key":"REST"},{"data":"Flame Barrier","floor":30,"key":"SMITH"},{"floor":32,"key":"REST"}],"neow_cost":"NONE","seed_source_timestamp":322373624325896,"circlet_count":0,"master_deck":["AscendersBane","Strike_R+1","Strike_R","Defend_R","Defend_R","Defend_R","Defend_R+1","Bash","Armaments+1","Iron Wave","Thunderclap","Fire Breathing+1","Flex+1","Offering","Shrug It Off","Whirlwind","Flame Barrier+1","Flame Barrier+1","Limit Break+1","Metallicize","Battle Trance+1","Headbutt"],"relics":["Burning Blood","NeowsBlessing","Golden Idol","Ginger","Pantograph","Matryoshka","Orrery","Omamori","Ornamental Fan","Juzu Bracelet"],"potions_floor_usage":[12,12,16,27,27,33],"damage_taken":[{"damage":0,"enemies":"Small Slimes","floor":1,"turns":1},{"damage":0,"enemies":"Jaw Worm","floor":5,"turns":1},{"damage":0,"enemies":"Lagavulin","floor":6,"turns":1},{"damage":2,"enemies":"2 Louse","floor":7,"turns":2},{"damage":1,"enemies":"Large Slime","floor":11,"turns":5},{"damage":27,"enemies":"Gremlin Nob","floor":12,"turns":4},{"damage":44,"enemies":"The Guardian","floor":16,"turns":17},{"damage":19,"enemies":"Spheric Guardian","floor":18,"turns":4},{"damage":9,"enemies":"3 Byrds","floor":19,"turns":4},{"damage":45,"enemies":"Shelled Parasite and Fungi","floor":22,"turns":13},{"damage":13,"enemies":"Cultist and Chosen","floor":24,"turns":6},{"damage":31,"enemies":"Gremlin Leader","floor":27,"turns":6},{"damage":85,"enemies":"Collector","floor":33,"turns":6}],"seed_played":"1565353576386342589","potions_obtained":[{"floor":6,"key":"Energy Potion"},{"floor":11,"key":"Swift Potion"},{"floor":12,"key":"Explosive Potion"},{"floor":22,"key":"FearPotion"},{"floor":24,"key":"LiquidBronze"},{"floor":27,"key":"AttackPotion"}],"is_trial":false,"path_per_floor":["M","?","?","?","M","E","M","?","T","R","M","E","R","?","R","B",null,"M","M","?","$","M","R","M","R","T","E","R","?","R","?","R","B"],"character_chosen":"IRONCLAD","items_purchased":["Flame Barrier","Limit Break","Metallicize"],"campfire_rested":4,"item_purchase_floors":[21,21,21],"current_hp_per_floor":[78,58,42,31,37,43,47,47,47,47,52,31,31,31,55,42,71,58,55,55,55,16,40,33,33,33,8,32,32,32,32,56,0],"gold":165,"neow_bonus":"THREE_ENEMY_KILL","is_prod":false,"is_daily":false,"chose_seed":false,"campfire_upgraded":4,"win_rate":0,"timestamp":1551844803,"path_taken":["M","?","?","?","M","E","M","?","T","R","M","E","R","?","R","BOSS","M","M","?","$","M","R","M","R","T","E","R","?","R","?","R","BOSS"],"build_version":"2019-01-23","purchased_purges":0,"victory":false,"max_hp_per_floor":[80,80,80,80,80,80,80,80,80,80,80,80,80,80,80,80,80,80,80,80,80,80,80,80,80,80,80,80,80,80,80,80,80],"card_choices":[{"not_picked":["Perfected Strike","Headbutt"],"picked":"Armaments","floor":1},{"not_picked":["Sword Boomerang","Perfected Strike"],"picked":"Iron Wave","floor":5},{"not_picked":["Hemokinesis","Carnage"],"picked":"Thunderclap","floor":6},{"not_picked":["Dual Wield","Burning Pact"],"picked":"Fire Breathing","floor":7},{"not_picked":["Havoc","Headbutt","Disarm"],"picked":"SKIP","floor":11},{"not_picked":["Second Wind","Havoc"],"picked":"Flex","floor":12},{"not_picked":["Reaper","Bludgeon"],"picked":"Offering","floor":16},{"not_picked":["Infernal Blade","Pommel Strike"],"picked":"Shrug It Off","floor":17},{"not_picked":["Thunderclap","Infernal Blade"],"picked":"Whirlwind","floor":17},{"not_picked":["Anger","Corruption"],"picked":"Flame Barrier+1","floor":18},{"not_picked":["Power Through","Pommel Strike+1","Feel No Pain"],"picked":"SKIP","floor":19},{"not_picked":["Havoc","Offering"],"picked":"Battle Trance+1","floor":22},{"not_picked":["Blood for Blood","Whirlwind","Havoc"],"picked":"SKIP","floor":24},{"not_picked":["Evolve","Sword Boomerang"],"picked":"Headbutt","floor":27}],"player_experience":215705,"relics_obtained":[{"floor":6,"key":"Ginger"},{"floor":9,"key":"Pantograph"},{"floor":12,"key":"Matryoshka"},{"floor":26,"key":"Omamori"},{"floor":26,"key":"Ornamental Fan"},{"floor":27,"key":"Juzu Bracelet"}],"event_choices":[{"damage_healed":0,"gold_gain":0,"player_choice":"Take Damage","damage_taken":20,"relics_obtained":["Golden Idol"],"max_hp_gain":0,"max_hp_loss":0,"event_name":"Golden Idol","floor":2,"gold_loss":0},{"damage_healed":0,"gold_gain":0,"player_choice":"Entered Light","damage_taken":16,"max_hp_gain":0,"max_hp_loss":0,"event_name":"Shining Light","floor":3,"gold_loss":0,"cards_upgraded":["Strike_R","Defend_R"]},{"damage_healed":0,"gold_gain":75,"player_choice":"Gather Gold","damage_taken":11,"max_hp_gain":0,"max_hp_loss":0,"event_name":"World of Goop","floor":4,"gold_loss":0},{"cards_removed":["Strike_R"],"damage_healed":0,"gold_gain":0,"player_choice":"Card Removal","damage_taken":0,"max_hp_gain":0,"max_hp_loss":0,"event_name":"The Cleric","floor":8,"gold_loss":50},{"damage_healed":0,"gold_gain":0,"player_choice":"Grow","damage_taken":0,"max_hp_gain":0,"max_hp_loss":0,"event_name":"Living Wall","floor":14,"gold_loss":0,"cards_upgraded":["Armaments"]},{"cards_removed":["Strike_R"],"damage_healed":0,"gold_gain":0,"player_choice":"Elegance","damage_taken":0,"max_hp_gain":0,"max_hp_loss":0,"event_name":"Back to Basics","floor":20,"gold_loss":0},{"cards_removed":["Strike_R"],"damage_healed":0,"gold_gain":0,"player_choice":"Gave Gold","damage_taken":0,"max_hp_gain":0,"max_hp_loss":0,"event_name":"Beggar","floor":29,"gold_loss":75},{"damage_healed":0,"gold_gain":0,"player_choice":"Ignored","damage_taken":0,"max_hp_gain":0,"max_hp_loss":0,"event_name":"Vampires","floor":31,"gold_loss":0}],"is_beta":false,"boss_relics":[{"not_picked":["Runic Dome","Snecko Eye"],"picked":"Orrery"}],"items_purged_floors":[],"is_endless":false,"potions_floor_spawned":[6,11,12,22,24,27],"killed_by":"Collector","ascension_level":10}