{"gold_per_floor":[10,28,28,28,28,28,55,71,124,139,104,115,125,142,142,241,241,252,252,103,103,103,103,132,118,118,118,138,173,186,204,204,204],"floor_reached":33,"playtime":2011,"items_purged":["Strike_G"],"score":361,"play_id":"ecac8093-4d2d-47ab-b4f1-9e4163806000","local_time":"20190306034650","is_ascension_mode":true,"campfire_choices":[{"data":"Neutralize","floor":6,"key":"SMITH"},{"data":"Sucker Punch","floor":15,"key":"SMITH"},{"floor":23,"key":"REST"},{"data":"Caltrops","floor":27,"key":"SMITH"},{"floor":32,"key":"REST"}],"neow_cost":"NO_GOLD","seed_source_timestamp":317520873214159,"circlet_count":0,"master_deck":["Defend_G","Defend_G","Defend_G","Defend_G","Defend_G","Strike_G+1","Strike_G+1","Strike_G+1","Survivor","Neutralize+1","Dark Shackles","Finesse","Blade Dance+1","Noxious Fumes+1","Sucker Punch+1","PiercingWail","Escape Plan+1","Caltrops+1","Leg Sweep","Noxious Fumes+1","Footwork","Concentrate"],"relics":["Ring of the Snake","Pen Nib","Bag of Preparation","White Beast Statue","Enchiridion","Blood Vial","Du-Vu Doll","Bottled Lightning","Whetstone"],"potions_floor_usage":[24,24,29,31,33,33],"damage_taken":[{"damage":0,"enemies":"2 Louse","floor":1,"turns":2},{"damage":0,"enemies":"Cultist","floor":2,"turns":4},{"damage":16,"enemies":"3 Sentries","floor":7,"turns":8},{"damage":0,"enemies":"Jaw Worm","floor":8,"turns":4},{"damage":0,"enemies":"3 Louse","floor":10,"turns":4},{"damage":0,"enemies":"Red Slaver","floor":12,"turns":4},{"damage":2,"enemies":"Gremlin Gang","floor":13,"turns":4},{"damage":1,"enemies":"Looter","floor":14,"turns":3},{"damage":3,"enemies":"Hexaghost","floor":16,"turns":10},{"damage":19,"enemies":"Spheric Guardian","floor":18,"turns":5},{"damage":5,"enemies":"Gremlin Leader","floor":24,"turns":8},{"damage":7,"enemies":"2 Thieves","floor":25,"turns":4},{"damage":5,"enemies":"Snake Plant","floor":28,"turns":5},{"damage":34,"enemies":"Slavers","floor":29,"turns":5},{"damage":7,"enemies":"Centurion and Healer","floor":30,"turns":6},{"damage":10,"enemies":"Cultist and Chosen","floor":31,"turns":7},{"damage":28,"enemies":"Automaton","floor":33,"turns":6}],"seed_played":"8699102885034512696","potions_obtained":[{"floor":2,"key":"Swift Potion"},{"floor":8,"key":"Explosive Potion"},{"floor":10,"key":"Ancient Potion"},{"floor":18,"key":"Block Potion"},{"floor":24,"key":"Ancient Potion"},{"floor":25,"key":"Swift Potion"},{"floor":29,"key":"LiquidBronze"},{"floor":30,"key":"FairyPotion"},{"floor":31,"key":"Poison Potion"}],"is_trial":false,"path_per_floor":["M","M","?","?","?","R","E","M","T","M","?","M","M","M","R","B",null,"M","?","$","?","?","R","E","M","T","R","M","E","M","M","R","B"],"character_chosen":"THE_SILENT","items_purchased":["Caltrops"],"campfire_rested":2,"item_purchase_floors":[20],"current_hp_per_floor":[70,70,63,49,49,49,33,33,33,33,50,50,48,47,47,44,64,45,29,29,29,29,50,47,42,42,42,39,7,2,2,23,0],"gold":204,"neow_bonus":"RANDOM_COLORLESS_2","is_prod":false,"is_daily":false,"chose_seed":false,"campfire_upgraded":3,"win_rate":0,"timestamp":1551840410,"path_taken":["M","M","?","?","?","R","E","M","T","?","?","M","M","M","R","BOSS","M","?","$","?","?","R","E","M","T","R","M","E","?","M","R","BOSS"],"build_version":"2019-01-23","purchased_purges":1,"victory":false,"max_hp_per_floor":[70,70,70,70,70,70,70,70,70,70,70,70,70,70,70,70,70,70,70,70,70,70,70,70,70,70,70,70,70,70,70,70,70],"card_choices":[{"not_picked":["Underhanded Strike","Dash"],"picked":"Blade Dance","floor":1},{"not_picked":["Acrobatics","Finisher"],"picked":"Noxious Fumes","floor":2},{"not_picked":["Tactician","Dagger Spray","Dagger Throw"],"picked":"SKIP","floor":7},{"not_picked":["Flying Knee","Finisher","Bane"],"picked":"SKIP","floor":8},{"not_picked":["Flechettes","Reflex"],"picked":"Sucker Punch","floor":10},{"not_picked":["Sucker Punch","Flechettes","Eviscerate"],"picked":"SKIP","floor":12},{"not_picked":["Finisher","Dagger Spray"],"picked":"PiercingWail","floor":13},{"not_picked":["Storm of Steel","Underhanded Strike","Heel Hook"],"picked":"SKIP","floor":14},{"not_picked":["Unload","Venomology"],"picked":"Doppelganger","floor":16},{"not_picked":["Riddle With Holes","Skewer"],"picked":"Escape Plan+1","floor":18},{"not_picked":["Quick Slash","Dagger Throw"],"picked":"Leg Sweep","floor":24},{"not_picked":["Slice","Sucker Punch","Flying Knee"],"picked":"SKIP","floor":25},{"not_picked":["Heel Hook+1","Blade Dance"],"picked":"Noxious Fumes+1","floor":28},{"not_picked":["Underhanded Strike","Sucker Punch","Dagger Spray+1"],"picked":"SKIP","floor":29},{"not_picked":["Flying Knee","Bane"],"picked":"Footwork","floor":30},{"not_picked":["Slice","Acrobatics"],"picked":"Concentrate","floor":31}],"player_experience":210896,"relics_obtained":[{"floor":7,"key":"Pen Nib"},{"floor":9,"key":"Bag of Preparation"},{"floor":19,"key":"Enchiridion"},{"floor":24,"key":"Du-Vu Doll"},{"floor":26,"key":"Bottled Lightning"},{"floor":29,"key":"Whetstone"}],"event_choices":[{"cards_removed":["Strike_G"],"damage_healed":0,"gold_gain":0,"player_choice":"Card Removal","damage_taken":7,"max_hp_gain":0,"max_hp_loss":0,"event_name":"Golden Wing","floor":3,"gold_loss":0},{"damage_healed":0,"gold_gain":0,"player_choice":"Entered Light","damage_taken":14,"max_hp_gain":0,"max_hp_loss":0,"event_name":"Shining Light","floor":4,"gold_loss":0,"cards_upgraded":["Strike_G","Blade Dance"]},{"damage_healed":0,"gold_gain":0,"player_choice":"Forge","damage_taken":0,"max_hp_gain":0,"max_hp_loss":0,"event_name":"Accursed Blacksmith","floor":5,"gold_loss":0,"cards_upgraded":["Noxious Fumes"]},{"damage_healed":17,"gold_gain":0,"player_choice":"Healed","damage_taken":0,"max_hp_gain":0,"max_hp_loss":0,"event_name":"The Cleric","floor":11,"gold_loss":35},{"damage_healed":0,"gold_gain":0,"player_choice":"Obtained Book","damage_taken":16,"max_hp_gain":0,"max_hp_loss":0,"event_name":"Cursed Tome","floor":19,"gold_loss":0},{"damage_healed":0,"gold_gain":0,"player_choice":"Ignored","damage_taken":0,"max_hp_gain":0,"max_hp_loss":0,"event_name":"Vampires","floor":21,"gold_loss":0},{"cards_removed":["Doppelganger"],"damage_healed":0,"gold_gain":0,"player_choice":"Gave Card","damage_taken":0,"relics_obtained":["Blood Vial"],"max_hp_gain":0,"max_hp_loss":0,"event_name":"WeMeetAgain","floor":22,"gold_loss":0}],"is_beta":false,"boss_relics":[{"not_picked":["Coffee Dripper","HoveringKite"],"picked":"White Beast Statue"}],"items_purged_floors":[20],"is_endless":false,"potions_floor_spawned":[2,8,10,12,14,18,24,25,28,29,30,31],"killed_by":"Automaton","ascension_level":5}