{"gold_per_floor":[114,189,208,208,22,53,53,66,66,66,66,79,79,79,79,174,174,156,70,84,84,84,84,84,84,84,84],"floor_reached":27,"playtime":1937,"items_purged":[],"score":211,"play_id":"2579e099-f40f-475a-b7ab-0a83b08d3a58","local_time":"20190304012517","is_ascension_mode":false,"campfire_choices":[{"floor":11,"key":"DIG"},{"floor":13,"key":"DIG"},{"floor":15,"key":"DIG"},{"floor":23,"key":"REST"},{"floor":25,"key":"REST"}],"neow_cost":"NONE","seed_source_timestamp":24612721469563,"circlet_count":0,"master_deck":["Defend_G","Defend_G","Defend_G","Defend_G","Defend_G","Strike_G","Strike_G","Strike_G","Strike_G","Survivor","Neutralize","Tools of the Trade+1","Tactician+1","PiercingWail","Choke","Infinite Blades+1","Calculated Gamble","Underhanded Strike","Slice","Flying Knee","Parasite","Venomology","Heel Hook","Flechettes","Blade Dance","Prepared+1"],"relics":["Ring of the Snake","Juzu Bracelet","Shovel","Mummified Hand","StoneCalendar","Bag of Preparation","Ancient Tea Set","Black Star","Pantograph"],"potions_floor_usage":[6,12,16,20,21,21,22,22,24,27],"damage_taken":[{"damage":3,"enemies":"Small Slimes","floor":1,"turns":5},{"damage":0,"enemies":"Cultist","floor":3,"turns":6},{"damage":5,"enemies":"3 Sentries","floor":6,"turns":6},{"damage":0,"enemies":"2 Louse","floor":8,"turns":2},{"damage":3,"enemies":"Exordium Thugs","floor":12,"turns":3},{"damage":45,"enemies":"Hexaghost","floor":16,"turns":10},{"damage":11,"enemies":"2 Thieves","floor":18,"turns":4},{"damage":34,"enemies":"Shell Parasite","floor":20,"turns":6},{"damage":16,"enemies":"Colosseum Slavers","floor":21,"turns":5},{"damage":0,"enemies":"Shelled Parasite and Fungi","floor":22,"turns":2},{"damage":27,"enemies":"Centurion and Healer","floor":24,"turns":5},{"damage":25,"enemies":"Slavers","floor":27,"turns":6}],"seed_played":"-6539218391510851170","potions_obtained":[{"floor":3,"key":"Strength Potion"},{"floor":6,"key":"AttackPotion"},{"floor":12,"key":"Regen Potion"},{"floor":20,"key":"Block Potion"}],"is_trial":false,"path_per_floor":["M","?","M","?","$","E","?","M","T","?","R","M","R","?","R","B",null,"M","$","M","?","M","R","M","R","T","E"],"character_chosen":"THE_SILENT","items_purchased":["Choke","Infinite Blades","Calculated Gamble","Flechettes","Blade Dance"],"campfire_rested":2,"item_purchase_floors":[5,5,5,19,19],"current_hp_per_floor":[67,56,56,42,42,37,34,34,34,34,34,31,31,48,48,18,70,59,59,25,9,9,30,3,24,24,0],"gold":84,"neow_bonus":"TRANSFORM_CARD","is_prod":false,"is_daily":false,"chose_seed":false,"campfire_upgraded":0,"win_rate":0,"timestamp":1551630317,"path_taken":["M","?","M","?","$","E","?","M","T","?","R","M","R","?","R","BOSS","M","$","M","?","M","R","M","R","T","E"],"build_version":"2019-01-23","purchased_purges":0,"victory":false,"max_hp_per_floor":[70,70,70,70,70,70,70,70,70,70,70,70,70,70,70,70,70,70,70,70,70,70,70,70,70,70,70],"card_choices":[{"not_picked":["Underhanded Strike","Slice"],"picked":"Tactician","floor":1},{"not_picked":["Deflect","Dodge and Roll"],"picked":"PiercingWail","floor":3},{"not_picked":["Riddle With Holes","Dodge and Roll"],"picked":"Underhanded Strike","floor":6},{"not_picked":["Quick Slash","Noxious Fumes"],"picked":"Slice","floor":8},{"not_picked":["Riddle With Holes","Sucker Punch"],"picked":"Flying Knee","floor":12},{"not_picked":["Corpse Explosion","Die Die Die"],"picked":"Venomology","floor":16},{"not_picked":["Skewer","Bane"],"picked":"Heel Hook","floor":18},{"not_picked":["Deflect","PiercingWail"],"picked":"Prepared+1","floor":20}],"player_experience":42492,"relics_obtained":[{"floor":6,"key":"Juzu Bracelet"},{"floor":9,"key":"Mummified Hand"},{"floor":11,"key":"StoneCalendar"},{"floor":13,"key":"Bag of Preparation"},{"floor":15,"key":"Ancient Tea Set"},{"floor":26,"key":"Pantograph"}],"event_choices":[{"damage_healed":0,"gold_gain":75,"player_choice":"Gather Gold","damage_taken":11,"max_hp_gain":0,"max_hp_loss":0,"event_name":"World of Goop","floor":2,"gold_loss":0},{"damage_healed":0,"gold_gain":0,"player_choice":"Entered Light","damage_taken":14,"max_hp_gain":0,"max_hp_loss":0,"event_name":"Shining Light","floor":4,"gold_loss":0,"cards_upgraded":["Tools of the Trade","Tactician"]},{"damage_healed":0,"gold_gain":0,"player_choice":"Success","damage_taken":3,"relics_obtained":["Shovel"],"max_hp_gain":0,"max_hp_loss":0,"event_name":"Scrap Ooze","floor":7,"gold_loss":0},{"damage_healed":0,"gold_gain":0,"player_choice":"Forge","damage_taken":0,"max_hp_gain":0,"max_hp_loss":0,"event_name":"Accursed Blacksmith","floor":10,"gold_loss":0,"cards_upgraded":["Infinite Blades"]},{"damage_healed":17,"gold_gain":0,"player_choice":"Healed and dodged fight","damage_taken":0,"max_hp_gain":0,"max_hp_loss":0,"event_name":"Mushrooms","floor":14,"gold_loss":0,"cards_obtained":["Parasite"]},{"damage_healed":0,"gold_gain":0,"player_choice":"Fight","damage_taken":0,"max_hp_gain":0,"max_hp_loss":0,"event_name":"Colosseum","floor":21,"gold_loss":0},{"damage_healed":0,"gold_gain":0,"player_choice":"Fled From Nobs","damage_taken":0,"max_hp_gain":0,"max_hp_loss":0,"event_name":"Colosseum","floor":21,"gold_loss":0}],"is_beta":false,"boss_relics":[{"not_picked":["Ectoplasm","Busted Crown"],"picked":"Black Star"}],"items_purged_floors":[],"is_endless":false,"potions_floor_spawned":[3,6,12,20,24],"killed_by":"Slavers","ascension_level":0}