{"path_per_floor":["M","?","?","M","?","$","M","$","T","?","M","T","E","M","R","B",null,"M","?","M","?","M","E","R","M","T","R","$","M","T","E","R","B",null,"M","M","?","?","?","R","M","E","T","T"],"character_chosen":"IRONCLAD","items_purchased":["Seeing Red","Bag of Preparation","Flex","Vajra","Offering"],"gold_per_floor":[119,294,294,313,313,164,182,3,3,78,92,115,155,179,179,304,304,322,322,336,236,254,295,295,311,311,311,26,51,51,92,92,220,220,233,258,258,0,0,0,18,62,86,134],"floor_reached":45,"campfire_rested":1,"playtime":2839,"current_hp_per_floor":[74,74,74,80,60,60,59,59,59,48,46,46,35,43,43,24,80,80,80,80,80,70,63,63,45,45,45,45,35,35,22,49,52,90,90,89,89,89,79,79,43,20,20,20],"items_purged":["Doubt"],"gold":134,"play_id":"5a8f27ef-a857-446e-aac8-851f6c516b50","is_prod":false,"is_daily":false,"is_ascension_mode":false,"campfire_upgraded":4,"path_taken":["M","?","?","M","?","?","M","$","T","?","?","?","E","M","R","BOSS","M","?","?","?","M","E","R","M","T","R","$","M","?","E","R","BOSS","M","?","?","?","?","R","M","E","T","?","?"],"build_version":"2018-01-25-PROD3","purchased_purges":1,"victory":false,"master_deck":["Strike_R","Strike_R+1","Strike_R+1","Strike_R","Strike_R","Defend_R","Defend_R","Defend_R+1","Defend_R","Bash","Inflame+1","Seeing Red","Seeing Red+1","Iron Wave","Flex+1","Iron Wave","Heavy Blade","Flex+1","Limit Break+1","Thunderclap","Cleave+1","J.A.X.","Heavy Blade","Armaments+1","Flame Barrier+1","Offering","Shrug It Off","Offering","Shrug It Off+1","Madness","Madness","Spot Weakness","Offering"],"max_hp_per_floor":[80,80,80,80,80,80,80,80,80,80,80,80,80,80,80,80,80,80,80,80,80,80,90,90,90,90,90,90,90,90,90,90,90,90,90,90,90,90,90,90,90,90,90,90],"relics":["Burning Blood","Golden Idol","Bag of Preparation","Bird Faced Urn","War Paint","Shuriken","Runic Pyramid","Pear","Whetstone","Vajra","Peace Pipe","Dodecahedron","Philosopher\u0027s Stone","Red Mask","Bronze Scales","Dream Catcher","Omamori"],"card_choices":[{"not_picked":["Clothesline","Corruption"],"picked":"Inflame"},{"not_picked":["Power Through","Reaper"],"picked":"Seeing Red"},{"not_picked":["Sword Boomerang","Intimidate"],"picked":"Iron Wave"},{"not_picked":["Anger","Sever Soul"],"picked":"Iron Wave"},{"not_picked":["Searing Blow","Iron Wave"],"picked":"Heavy Blade"},{"not_picked":["Thunderclap","Barricade"],"picked":"Flex"},{"not_picked":["Impervious","Juggernaut"],"picked":"Limit Break"},{"not_picked":["Twin Strike","Clash"],"picked":"Thunderclap"},{"not_picked":["Dropkick","Seeing Red"],"picked":"Cleave"},{"not_picked":["Second Wind","Clash"],"picked":"Heavy Blade"},{"not_picked":["Thunderclap","Wild Strike"],"picked":"Armaments"},{"not_picked":["Twin Strike","Anger"],"picked":"Flame Barrier"},{"not_picked":["Impervious","Armaments"],"picked":"Shrug It Off"},{"not_picked":["Impervious","Barricade"],"picked":"Offering"},{"not_picked":["Reckless Charge","Anger"],"picked":"Shrug It Off"},{"not_picked":["Metallicize","Headbutt"],"picked":"Spot Weakness"},{"not_picked":["Clash","Battle Trance"],"picked":"Offering"}],"player_experience":38700,"potions_floor_usage":[16,16,33,33,45],"damage_taken":[{"damage":12,"enemies":"Small Slimes","floor":1,"turns":4},{"damage":0,"enemies":"2 Louse","floor":4,"turns":2},{"damage":7,"enemies":"Blue Slaver","floor":7,"turns":3},{"damage":10,"enemies":"Looter","floor":11,"turns":3},{"damage":19,"enemies":"Gremlin Nob","floor":13,"turns":4},{"damage":0,"enemies":"3 Louse","floor":14,"turns":2},{"damage":27,"enemies":"Slime Boss","floor":16,"turns":11},{"damage":0,"enemies":"Spheric Guardian","floor":18,"turns":3},{"damage":0,"enemies":"Chosen","floor":20,"turns":3},{"damage":18,"enemies":"Snake Plant","floor":22,"turns":4},{"damage":25,"enemies":"Gremlin Leader","floor":23,"turns":5},{"damage":26,"enemies":"Slaver and Parasite","floor":25,"turns":4},{"damage":18,"enemies":"Centurion and Healer","floor":29,"turns":4},{"damage":19,"enemies":"Slavers","floor":31,"turns":4},{"damage":5,"enemies":"Champ","floor":33,"turns":5},{"damage":8,"enemies":"3 Shapes","floor":35,"turns":3},{"damage":7,"enemies":"Orb Walker","floor":36,"turns":2},{"damage":44,"enemies":"Maw","floor":41,"turns":6},{"damage":29,"enemies":"Nemesis","floor":42,"turns":4},{"damage":21,"enemies":"Mysterious Sphere","floor":45,"turns":1}],"event_choices":[{"event_name":"Liars Game","player_choice":"agreed","floor":2,"damage_taken":0},{"event_name":"Living Wall","player_choice":"Grow","floor":3,"damage_taken":0},{"event_name":"Golden Idol","player_choice":"Take Damage","floor":5,"damage_taken":0},{"event_name":"World of Goop","player_choice":"Gather Gold","floor":10,"damage_taken":0},{"event_name":"Match and Keep!","player_choice":"0 cards matched","floor":19,"damage_taken":0},{"event_name":"Drug Dealer","player_choice":"Got JAXXED","floor":21,"damage_taken":0},{"event_name":"The Lab","player_choice":"Got Potions","floor":37,"damage_taken":0},{"event_name":"Tomb of Lord Red Mask","player_choice":"Paid","floor":38,"damage_taken":0},{"event_name":"Winding Halls","player_choice":"Embrace Madness","floor":39,"damage_taken":0},{"event_name":"Mysterious Sphere","player_choice":"Fight","floor":45,"damage_taken":0}],"boss_relics":[{"not_picked":["Ectoplasm","Lizard Tail"],"picked":"Runic Pyramid"},{"not_picked":["Mark of Pain","Snecko Eye"],"picked":"Philosopher\u0027s Stone"}],"potions_floor_spawned":[11,13,14,18,22,25,33,36,42],"seed_played":"7481716286558811349","killed_by":"Mysterious Sphere","ascension_level":0,"is_trial":false}