{"path_per_floor":["M","?","M","?","M","R","?","R","T","E","M","?","R","$","R","B",null,"M","?","M","?","M","R","E","T","T","$","?"],"character_chosen":"IRONCLAD","items_purchased":["Orichalcum","Strawberry","Block Potion"],"gold_per_floor":[117,117,127,127,146,146,146,146,146,177,190,190,190,41,41,144,174,184,184,199,199,214,214,243,243,243,40,290],"floor_reached":29,"campfire_rested":1,"playtime":1814,"current_hp_per_floor":[60,52,57,57,57,57,57,57,57,40,44,28,67,67,67,34,74,49,33,24,52,49,49,15,15,15,22,22],"items_purged":[],"gold":290,"score":346,"play_id":"0c5a944c-1383-421d-9025-79de16ef4d37","is_prod":false,"is_daily":false,"is_ascension_mode":true,"campfire_upgraded":4,"path_taken":["M","?","M","?","?","R","?","R","T","E","M","?","R","$","R","BOSS","M","?","M","?","?","R","E","?","T","$","?","E"],"build_version":"2018-02-15-PROD1","purchased_purges":0,"victory":false,"master_deck":["Strike_R+1","Strike_R","Strike_R","Strike_R","Strike_R","Defend_R+1","Defend_R","Defend_R","Defend_R+1","Bash","Armaments+1","Shrug It Off+1","Shockwave+1","Impervious","Flame Barrier+1","Flame Barrier","Necronomicurse","Warcry","Warcry","Battle Trance+1","Regret"],"max_hp_per_floor":[80,80,80,80,80,80,80,80,80,80,80,80,80,80,80,80,85,85,85,85,85,85,85,85,85,85,92,92],"relics":["Burning Blood","Regal Pillow","Blue Candle","Spirit Poop","Champion Belt","Prayer Wheel","Orichalcum","Tiny House","Necronomicon","Happy Flower","Du-Vu Doll","Sundial","Strawberry"],"card_choices":[{"not_picked":["True Grit","Twin Strike"],"picked":"Armaments"},{"not_picked":["Cleave","Dual Wield"],"picked":"Shrug It Off"},{"not_picked":["Perfected Strike","Limit Break"],"picked":"Shockwave"},{"not_picked":["Dark Embrace","Exhume"],"picked":"Impervious"},{"not_picked":["Wild Strike","Heavy Blade"],"picked":"Flame Barrier"},{"not_picked":["Havoc","Anger"],"picked":"Flame Barrier"},{"not_picked":["Wild Strike","Heavy Blade"],"picked":"Warcry"},{"not_picked":["Flex","Uppercut"],"picked":"Warcry"},{"not_picked":["True Grit","Dropkick"],"picked":"Battle Trance"}],"player_experience":170877,"potions_floor_usage":[24,29],"damage_taken":[{"damage":18.0,"enemies":"Jaw Worm","floor":1.0,"turns":5.0},{"damage":1.0,"enemies":"Cultist","floor":3.0,"turns":3.0},{"damage":6.0,"enemies":"2 Louse","floor":5.0,"turns":3.0},{"damage":23.0,"enemies":"Lagavulin","floor":10.0,"turns":8.0},{"damage":2.0,"enemies":"Exordium Thugs","floor":11.0,"turns":6.0},{"damage":39.0,"enemies":"The Guardian","floor":16.0,"turns":13.0},{"damage":31.0,"enemies":"3 Byrds","floor":18.0,"turns":12.0},{"damage":15.0,"enemies":"Chosen","floor":20.0,"turns":6.0},{"damage":9.0,"enemies":"Centurion and Healer","floor":22.0,"turns":11.0},{"damage":40,"enemies":"Slavers","floor":24,"turns":11},{"damage":24,"enemies":"Gremlin Leader","floor":29,"turns":4}],"event_choices":[{"event_name":"Wheel of Change","player_choice":"Damage","floor":2.0,"damage_taken":0.0},{"event_name":"Accursed Blacksmith","player_choice":"Rummage","floor":4.0,"damage_taken":0.0},{"event_name":"Bonfire Elementals","player_choice":"CURSE","floor":7.0,"damage_taken":0.0},{"event_name":"Shining Light","player_choice":"Entered Light","floor":12.0,"damage_taken":0.0},{"event_name":"Cursed Tome","player_choice":"Obtained Book","floor":19.0,"damage_taken":0.0},{"event_name":"The Library","player_choice":"Heal","floor":21.0,"damage_taken":0.0},{"event_name":"Golden Shrine","player_choice":"Desecrate","floor":28,"damage_taken":0}],"boss_relics":[],"potions_floor_spawned":[5],"seed_played":"-1354705648457272572","killed_by":"Gremlin Leader","ascension_level":9,"is_trial":false}