{"gold_per_floor":[113,113,113,133,152,178,193,118,193,208,240,240,72,89,89,89],"floor_reached":16,"playtime":592,"items_purged":["Defend_R","Defend_R"],"score":112,"play_id":"66bcbeb0-ee6a-4e50-ada5-c00aeba6abf8","local_time":"20190314210601","is_ascension_mode":false,"campfire_choices":[{"floor":12,"key":"REST"},{"floor":15,"key":"REST"}],"neow_cost":"NONE","seed_source_timestamp":7300216926660,"circlet_count":0,"master_deck":["Strike_R","Strike_R","Strike_R","Strike_R","Strike_R","Defend_R","Defend_R","Bash","Shrug It Off","Double Tap"],"relics":["Burning Blood","NeowsBlessing","Matryoshka","Tiny Chest","Lantern","Centennial Puzzle"],"potions_floor_usage":[6,7,11,16],"damage_taken":[{"damage":0,"enemies":"Small Slimes","floor":1,"turns":1},{"damage":0,"enemies":"Cultist","floor":4,"turns":1},{"damage":0,"enemies":"Jaw Worm","floor":5,"turns":1},{"damage":28,"enemies":"Gremlin Nob","floor":6,"turns":5},{"damage":12,"enemies":"Gremlin Gang","floor":7,"turns":5},{"damage":20,"enemies":"Looter","floor":10,"turns":3},{"damage":28,"enemies":"3 Sentries","floor":11,"turns":9},{"damage":12,"enemies":"3 Louse","floor":14,"turns":3},{"damage":45,"enemies":"Slime Boss","floor":16,"turns":9}],"seed_played":"-5366524205655396563","potions_obtained":[{"floor":1,"key":"Explosive Potion"},{"floor":5,"key":"SpeedPotion"},{"floor":6,"key":"AttackPotion"},{"floor":7,"key":"PowerPotion"},{"floor":14,"key":"LiquidBronze"}],"is_trial":false,"path_per_floor":["M","?","?","M","M","E","M","$","T","M","E","R","$","M","R","B"],"character_chosen":"IRONCLAD","items_purchased":["Double Tap"],"campfire_rested":2,"item_purchase_floors":[13],"current_hp_per_floor":[80,80,80,80,80,58,52,52,52,38,16,40,40,34,58,13],"gold":89,"neow_bonus":"THREE_ENEMY_KILL","is_prod":false,"is_daily":false,"chose_seed":false,"campfire_upgraded":0,"win_rate":0,"timestamp":1552565161,"path_taken":["M","?","?","?","M","E","M","$","T","M","E","R","?","M","R","BOSS"],"build_version":"2019-01-23","purchased_purges":2,"victory":false,"max_hp_per_floor":[80,80,80,80,80,80,80,80,80,80,80,80,80,80,80,80],"card_choices":[{"not_picked":["Flame Barrier","Armaments","Clothesline"],"picked":"SKIP","floor":1},{"not_picked":["Fire Breathing","Wild Strike","Anger"],"picked":"SKIP","floor":4},{"not_picked":["Warcry","Rampage"],"picked":"Shrug It Off","floor":5},{"not_picked":["Clothesline","Wild Strike","Body Slam"],"picked":"SKIP","floor":6},{"not_picked":["Body Slam","Cleave","Searing Blow"],"picked":"SKIP","floor":7},{"not_picked":["Battle Trance","Feel No Pain","Whirlwind"],"picked":"SKIP","floor":10},{"not_picked":["Sword Boomerang","Flame Barrier","Twin Strike"],"picked":"SKIP","floor":11},{"not_picked":["Limit Break","Sword Boomerang","Heavy Blade"],"picked":"SKIP","floor":14}],"player_experience":371146,"relics_obtained":[{"floor":6,"key":"Matryoshka"},{"floor":9,"key":"Tiny Chest"},{"floor":9,"key":"Lantern"},{"floor":11,"key":"Centennial Puzzle"}],"event_choices":[{"damage_healed":0,"gold_gain":0,"player_choice":"Ignored","damage_taken":0,"max_hp_gain":0,"max_hp_loss":0,"event_name":"Shining Light","floor":2,"gold_loss":0},{"damage_healed":0,"gold_gain":0,"player_choice":"Bought 0 Potions","damage_taken":0,"max_hp_gain":0,"max_hp_loss":0,"event_name":"The Woman in Blue","floor":3,"gold_loss":0}],"is_beta":false,"boss_relics":[],"items_purged_floors":[8,13],"is_endless":false,"potions_floor_spawned":[1,5,6,7,14],"killed_by":"Slime Boss","ascension_level":0}