{"gold_per_floor":[117,129,129,141,32,32,58,58,58,58,86,11,39,50,50,129,129,147,147,47,60,60,92,92,105,128,139,139,169,169,184,184,262,312,329,329,345,170,185,219,169,181,181,214,22,41,41,58,58,58,58,58,10,45,45],"floor_reached":56,"playtime":2208,"items_purged":["Accuracy","Strike_G","Strike_G","Parasite"],"score":2033,"play_id":"43446394-0ee4-4851-9375-04801fdfa405","local_time":"20190302151234","is_ascension_mode":true,"campfire_choices":[{"data":"Poisoned Stab","floor":6.0,"key":"SMITH"},{"data":"Noxious Fumes","floor":10.0,"key":"SMITH"},{"data":"Catalyst","floor":15.0,"key":"SMITH"},{"floor":24.0,"key":"REST"},{"data":"Leg Sweep","floor":28.0,"key":"SMITH"},{"floor":30.0,"key":"RECALL"},{"floor":32.0,"key":"REST"},{"floor":47,"key":"REST"},{"floor":49,"key":"REST"},{"floor":52,"key":"REST"}],"neow_cost":"NONE","seed_source_timestamp":1129469141297492,"circlet_count":0,"master_deck":["AscendersBane","Defend_G","Defend_G","Defend_G+1","Defend_G","Defend_G","Strike_G","Survivor","Neutralize","Leg Sweep+1","Well Laid Plans","Poisoned Stab+1","Noxious Fumes+1","Catalyst+1","Dash","Burst","Flechettes","Backstab+1","Burst","PiercingWail","Sucker Punch+1","Noxious Fumes","PiercingWail","Grand Finale","Bouncing Flask+1","Catalyst+1","Footwork","PiercingWail","Deadly Poison","Calculated Gamble"],"special_seed":0,"relics":["Velvet Choker","Bottled Lightning","Happy Flower","Lantern","Turnip","Runic Pyramid","Paper Crane","Smiling Mask","Tiny House","Molten Egg 2","Orichalcum","Pear"],"potions_floor_usage":[50,54,55],"damage_taken":[{"damage":0.0,"enemies":"2 Louse","floor":1.0,"turns":3.0},{"damage":0.0,"enemies":"Cultist","floor":2.0,"turns":5.0},{"damage":0.0,"enemies":"Jaw Worm","floor":4.0,"turns":6.0},{"damage":11.0,"enemies":"Lagavulin","floor":7.0,"turns":8.0},{"damage":14.0,"enemies":"Gremlin Nob","floor":11.0,"turns":5.0},{"damage":5.0,"enemies":"Lagavulin","floor":13.0,"turns":7.0},{"damage":3.0,"enemies":"Large Slime","floor":14.0,"turns":6.0},{"damage":13.0,"enemies":"Slime Boss","floor":16.0,"turns":9.0},{"damage":0.0,"enemies":"Chosen","floor":18.0,"turns":4.0},{"damage":2.0,"enemies":"3 Byrds","floor":21.0,"turns":5.0},{"damage":16.0,"enemies":"Book of Stabbing","floor":23.0,"turns":5.0},{"damage":5.0,"enemies":"Shelled Parasite and Fungi","floor":25.0,"turns":4.0},{"damage":3.0,"enemies":"Snecko","floor":27.0,"turns":4.0},{"damage":3.0,"enemies":"Slavers","floor":29.0,"turns":7.0},{"damage":0.0,"enemies":"Snake Plant","floor":31.0,"turns":2.0},{"damage":6.0,"enemies":"Collector","floor":33.0,"turns":7.0},{"damage":0.0,"enemies":"3 Shapes","floor":35.0,"turns":6.0},{"damage":0.0,"enemies":"3 Darklings","floor":37.0,"turns":7.0},{"damage":0.0,"enemies":"Writhing Mass","floor":39.0,"turns":5.0},{"damage":0.0,"enemies":"Nemesis","floor":40.0,"turns":5.0},{"damage":9,"enemies":"Spire Growth","floor":42,"turns":5},{"damage":20,"enemies":"Reptomancer","floor":44,"turns":7},{"damage":11,"enemies":"Transient","floor":46,"turns":5},{"damage":0,"enemies":"Writhing Mass","floor":48,"turns":5},{"damage":45,"enemies":"Donu and Deca","floor":50,"turns":6},{"damage":36,"enemies":"Shield and Spear","floor":54,"turns":12},{"damage":31,"enemies":"The Heart","floor":55,"turns":7}],"seed_played":"4963901623486648359","potions_obtained":[{"floor":1.0,"key":"Explosive Potion"},{"floor":4.0,"key":"Dexterity Potion"},{"floor":11.0,"key":"SteroidPotion"},{"floor":21.0,"key":"SpeedPotion"},{"floor":25.0,"key":"Poison Potion"},{"floor":34.0,"key":"SneckoOil"},{"floor":35.0,"key":"Weak Potion"},{"floor":37.0,"key":"LiquidBronze"},{"floor":46,"key":"GhostInAJar"}],"is_trial":false,"path_per_floor":["M","M","?","M","$","R","E","$","T","R","E","$","E","M","R","B",null,"M","?","$","M","?","E","R","M","T","M","R","E","R","M","R","B",null,"M","?","M","$","M","E","$","M","T","E","$","M","R","M","R","B",null,"R","$","E","B",null],"character_chosen":"THE_SILENT","items_purchased":["Noxious Fumes","Catalyst","PiercingWail","Grand Finale","Footwork","PiercingWail","PowerPotion","Deadly Poison","Block Potion"],"campfire_rested":5,"item_purchase_floors":[5,5,38,38,45,45,45,45,53],"current_hp_per_floor":[59,59,59,59,59,59,48,48,48,48,34,34,29,26,26,13,53,53,53,53,51,51,35,54,49,49,46,46,43,43,43,62,56,69,69,69,69,69,69,69,68,59,59,39,39,28,48,48,68,23,57,68,68,42,11],"gold":45,"neow_bonus":"BOSS_RELIC","is_prod":false,"is_daily":false,"chose_seed":false,"campfire_upgraded":4,"win_rate":0,"timestamp":1551557554,"path_taken":["M","M","?","M","$","R","E","?","T","R","E","$","E","?","R","BOSS","M","?","$","M","?","E","R","M","T","M","R","E","R","M","R","BOSS","M","?","M","$","M","E","?","M","T","E","$","?","R","M","R","BOSS","R","$","E","BOSS"],"build_version":"2019-02-06","purchased_purges":4,"victory":true,"max_hp_per_floor":[66,66,66,66,66,66,66,66,66,66,66,66,66,66,66,66,66,66,66,66,66,66,66,66,66,66,66,66,66,66,66,66,66,71,71,71,71,71,71,71,68,68,68,68,68,68,68,68,68,68,68,68,68,78,78],"card_choices":[{"not_picked":["Bouncing Flask","Infinite Blades"],"picked":"Leg Sweep","floor":1.0},{"not_picked":["Flying Knee","Tactician"],"picked":"Well Laid Plans","floor":2.0},{"not_picked":["Underhanded Strike","Escape Plan"],"picked":"Poisoned Stab","floor":4.0},{"not_picked":["Flying Knee","Dagger Throw","Well Laid Plans"],"picked":"SKIP","floor":7.0},{"not_picked":["Phantasmal Killer","Quick Slash","Choke"],"picked":"SKIP","floor":11.0},{"not_picked":["Dagger Throw","Poisoned Stab"],"picked":"Dash","floor":13.0},{"not_picked":["Deflect","Prepared","All Out Attack"],"picked":"SKIP","floor":14.0},{"not_picked":["Deflect","Prepared","All Out Attack"],"picked":"SKIP","floor":14.0},{"not_picked":["Tools of the Trade","Night Terror"],"picked":"Burst","floor":16.0},{"not_picked":["Concentrate","Caltrops"],"picked":"Flechettes","floor":18.0},{"not_picked":["Quick Slash","Dagger Spray","Flying Knee"],"picked":"SKIP","floor":21.0},{"not_picked":["Terror","Finisher"],"picked":"Backstab+1","floor":23.0},{"not_picked":["Flechettes","Cloak And Dagger","Infinite Blades"],"picked":"SKIP","floor":25.0},{"not_picked":["Masterful Stab+1","Flying Knee","Backflip"],"picked":"SKIP","floor":27.0},{"not_picked":["Masterful Stab+1","Flying Knee","Backflip"],"picked":"SKIP","floor":27.0},{"not_picked":["Quick Slash+1","Dagger Throw","Well Laid Plans"],"picked":"SKIP","floor":29.0},{"not_picked":["Blade Dance","Flying Knee","Bane"],"picked":"SKIP","floor":31.0},{"not_picked":["Unload","After Image"],"picked":"Burst","floor":33.0},{"not_picked":["Sucker Punch+1","Outmaneuver"],"picked":"PiercingWail","floor":34.0},{"not_picked":["Expertise","Dash"],"picked":"Sucker Punch+1","floor":35.0},{"not_picked":["Accuracy+1","Expertise+1"],"picked":"Noxious Fumes","floor":37.0},{"not_picked":["Outmaneuver","Sucker Punch"],"picked":"Bouncing Flask+1","floor":39.0},{"not_picked":["Underhanded Strike","Prepared+1"],"picked":"Catalyst+1","floor":40.0},{"not_picked":["Underhanded Strike+1","Glass Knife+1","Dodge and Roll"],"picked":"SKIP","floor":42},{"not_picked":["Deflect","Flechettes+1","Poisoned Stab+1"],"picked":"SKIP","floor":44},{"not_picked":["Dagger Spray+1","Flying Knee+1","Underhanded Strike+1"],"picked":"SKIP","floor":46},{"not_picked":["Dagger Throw+1","Deadly Poison","Poisoned Stab+1"],"picked":"SKIP","floor":48},{"not_picked":["Dagger Spray+1","Acrobatics"],"picked":"Calculated Gamble","floor":54}],"player_experience":2065167,"relics_obtained":[{"floor":7.0,"key":"Bottled Lightning"},{"floor":9.0,"key":"Happy Flower"},{"floor":11.0,"key":"Lantern"},{"floor":13.0,"key":"Turnip"},{"floor":23.0,"key":"Paper Crane"},{"floor":26.0,"key":"Smiling Mask"},{"floor":40.0,"key":"Molten Egg 2"},{"floor":44,"key":"Orichalcum"},{"floor":54,"key":"Pear"}],"event_choices":[{"damage_healed":0.0,"max_hp_gain":0.0,"max_hp_loss":0.0,"gold_gain":0.0,"cards_transformed":["Strike_G"],"event_name":"Transmorgrifier","player_choice":"Transformed","floor":3.0,"gold_loss":0.0,"damage_taken":0.0,"cards_obtained":["Accuracy"]},{"damage_healed":0.0,"max_hp_gain":0.0,"max_hp_loss":0.0,"gold_gain":0.0,"event_name":"The Mausoleum","player_choice":"Ignored","floor":19.0,"gold_loss":0.0,"damage_taken":0.0},{"damage_healed":0.0,"max_hp_gain":0.0,"max_hp_loss":0.0,"gold_gain":0.0,"event_name":"Cursed Tome","player_choice":"Ignored","floor":22.0,"gold_loss":0.0,"damage_taken":0.0},{"cards_removed":["Strike_G"],"damage_healed":0.0,"max_hp_gain":0.0,"max_hp_loss":0.0,"gold_gain":0.0,"event_name":"Purifier","player_choice":"Purged","floor":36.0,"gold_loss":0.0,"damage_taken":0.0}],"is_beta":true,"boss_relics":[{"not_picked":["Runic Dome","Eternal Feather"],"picked":"Runic Pyramid"},{"not_picked":["WristBlade","White Beast Statue"],"picked":"Tiny House"}],"items_purged_floors":[12,20,38,41],"is_endless":false,"potions_floor_spawned":[1,4,11,21,25,27,35,37,44,46],"ascension_level":15}