{"gold_per_floor":[114,74,1,1,16,46,46,23,73,73,88,103,118,148,148,148],"floor_reached":16,"playtime":1156,"items_purged":[],"score":110,"play_id":"ce22997e-386a-4527-bec8-0a29540c6ce1","local_time":"20190313235932","daily_mods":["Heirloom","Green Cards","Binary"],"is_ascension_mode":false,"campfire_choices":[{"floor":10,"key":"REST"},{"data":"Flex","floor":15,"key":"SMITH"}],"neow_cost":"","seed_source_timestamp":15598889410173,"circlet_count":0,"master_deck":["Strike_R","Strike_R","Strike_R","Strike_R","Strike_R","Defend_R","Defend_R","Defend_R","Defend_R","Bash","Flex+1","Deflect","Headbutt","Dodge and Roll","Twin Strike","Underhanded Strike","All Out Attack","Pommel Strike","Rage","Sever Soul","Dagger Spray"],"special_seed":17969,"relics":["Burning Blood","Magic Flower","PreservedInsect","Gremlin Horn","Dream Catcher","Pocketwatch"],"potions_floor_usage":[6,6,6,16,16,16],"damage_taken":[{"damage":11,"enemies":"Jaw Worm","floor":1,"turns":2},{"damage":5,"enemies":"Cultist","floor":5,"turns":4},{"damage":35,"enemies":"3 Sentries","floor":6,"turns":9},{"damage":7,"enemies":"2 Louse","floor":11,"turns":2},{"damage":3,"enemies":"2 Fungi Beasts","floor":12,"turns":3},{"damage":11,"enemies":"Lots of Slimes","floor":13,"turns":3},{"damage":18,"enemies":"Lagavulin","floor":14,"turns":4},{"damage":70,"enemies":"The Guardian","floor":16,"turns":9}],"seed_played":"-4649029589415809822","potions_obtained":[{"floor":2,"key":"Energy Potion"},{"floor":2,"key":"Swift Potion"},{"floor":2,"key":"GamblersBrew"},{"floor":5,"key":"Dexterity Potion"},{"floor":6,"key":"Weak Potion"},{"floor":11,"key":"SpeedPotion"},{"floor":13,"key":"SteroidPotion"}],"is_trial":false,"path_per_floor":["M","?","$","?","M","E","?","$","T","R","M","M","M","E","R","B"],"character_chosen":"IRONCLAD","items_purchased":["Deflect","Headbutt","Underhanded Strike"],"campfire_rested":1,"item_purchase_floors":[3,3,8],"current_hp_per_floor":[78,78,78,78,80,54,54,54,54,78,80,80,78,69,69,0],"gold":148,"neow_bonus":"","is_prod":false,"is_daily":true,"chose_seed":false,"campfire_upgraded":1,"win_rate":0.0,"timestamp":1552546772,"path_taken":["M","?","?","?","M","E","?","$","T","R","?","M","M","E","R","BOSS"],"build_version":"2019-01-23","purchased_purges":0,"victory":false,"max_hp_per_floor":[80,80,80,80,80,80,80,80,80,80,80,80,80,80,80,80],"card_choices":[{"not_picked":["Escape Plan"],"picked":"Flex","floor":1},{"not_picked":["Deflect"],"picked":"Dodge and Roll","floor":5},{"not_picked":["Deflect"],"picked":"Twin Strike","floor":6},{"not_picked":["Deflect"],"picked":"All Out Attack","floor":10},{"not_picked":["Deflect"],"picked":"Pommel Strike","floor":11},{"not_picked":["Outmaneuver"],"picked":"Rage","floor":12},{"not_picked":["Outmaneuver"],"picked":"Sever Soul","floor":13},{"not_picked":["Iron Wave"],"picked":"Dagger Spray","floor":14}],"player_experience":65301,"relics_obtained":[{"floor":6,"key":"PreservedInsect"},{"floor":7,"key":"Gremlin Horn"},{"floor":9,"key":"Dream Catcher"},{"floor":14,"key":"Pocketwatch"}],"event_choices":[{"damage_healed":0,"gold_gain":0,"player_choice":"Bought 3 Potions","damage_taken":0,"max_hp_gain":0,"max_hp_loss":0,"event_name":"The Woman in Blue","floor":2,"gold_loss":0},{"damage_healed":0,"gold_gain":0,"player_choice":"Ignored","damage_taken":0,"max_hp_gain":0,"max_hp_loss":0,"event_name":"Liars Game","floor":4,"gold_loss":0},{"damage_healed":0,"gold_gain":0,"player_choice":"Relic","damage_taken":0,"max_hp_gain":0,"max_hp_loss":0,"event_name":"Wheel of Change","floor":7,"gold_loss":0}],"is_beta":false,"boss_relics":[],"items_purged_floors":[],"is_endless":false,"potions_floor_spawned":[5,6,11,13],"killed_by":"The Guardian","ascension_level":0}