{"gold_per_floor":[118,118,134,150,165,165,165,198,198,226,226,240,220,278,278,357,357,368,384,52,65,91,91,122,138,164,189,200,52,52,64,64,143,143,162,207,227,238,338,338,364,364,388,388,401,415,446,459,459,459,459,459,26,56,56],"floor_reached":56,"playtime":2769,"items_purged":["Strike_G"],"score":1999,"play_id":"cc0ec845-bcba-4f61-8573-c44becb914bd","local_time":"20190203150708","is_ascension_mode":true,"campfire_choices":[{"data":"Neutralize","floor":6,"key":"SMITH"},{"data":"After Image","floor":11,"key":"SMITH"},{"data":"Crippling Poison","floor":15,"key":"SMITH"},{"data":"Apotheosis","floor":23,"key":"SMITH"},{"floor":30,"key":"REST"},{"floor":32,"key":"REST"},{"floor":40,"key":"RECALL"},{"floor":42,"key":"REST"},{"floor":49,"key":"REST"},{"floor":52,"key":"REST"}],"neow_cost":"PERCENT_DAMAGE","seed_source_timestamp":2179283593820009,"circlet_count":0,"master_deck":["AscendersBane","Defend_G+1","Defend_G+1","Defend_G","Defend_G","Defend_G","Survivor","Neutralize+1","Dagger Throw","Calculated Gamble","Dagger Spray","After Image+1","Well Laid Plans","Dagger Throw","Crippling Poison+1","Corpse Explosion","Backflip","Apotheosis+1","Unload","Catalyst+1","Dodge and Roll","Blur","Adrenaline","Wraith Form v2+1","Bullet Time+1","Flying Knee+1","PiercingWail+1","Bouncing Flask+1","Noxious Fumes","PiercingWail","Catalyst+1","After Image","Calculated Gamble+1","Leg Sweep","Deep Breath","Crippling Poison+1"],"relics":["Ring of the Snake","Tingsha","War Paint","Meat on the Bone","Gremlin Horn","Tiny Chest","Black Star","Calipers","Bottled Lightning","Vajra","Snake Skull","Potion Belt","Art of War","Astrolabe","Torii","Pocketwatch","Darkstone Periapt","Letter Opener","Regal Pillow","Bag of Marbles","Bronze Scales","Strawberry","Kunai","Anchor"],"potions_floor_usage":[8,8,13,18,33,46,50,55,55,55,55],"damage_taken":[{"damage":6,"enemies":"2 Louse","floor":1,"turns":3},{"damage":0,"enemies":"Cultist","floor":3,"turns":4},{"damage":3,"enemies":"Small Slimes","floor":4,"turns":4},{"damage":0,"enemies":"Looter","floor":5,"turns":2},{"damage":14,"enemies":"3 Sentries","floor":8,"turns":8},{"damage":14,"enemies":"Gremlin Nob","floor":10,"turns":5},{"damage":3,"enemies":"Red Slaver","floor":12,"turns":5},{"damage":13,"enemies":"Exordium Thugs","floor":13,"turns":4},{"damage":9,"enemies":"Lagavulin","floor":14,"turns":7},{"damage":28,"enemies":"Slime Boss","floor":16,"turns":11},{"damage":9,"enemies":"2 Thieves","floor":18,"turns":5},{"damage":21,"enemies":"Spheric Guardian","floor":19,"turns":6},{"damage":13,"enemies":"Snecko","floor":21,"turns":6},{"damage":14,"enemies":"Gremlin Leader","floor":24,"turns":7},{"damage":12,"enemies":"Snake Plant","floor":25,"turns":5},{"damage":12,"enemies":"Book of Stabbing","floor":27,"turns":6},{"damage":2,"enemies":"Cultist and Chosen","floor":28,"turns":4},{"damage":0,"enemies":"Snecko","floor":31,"turns":5},{"damage":7,"enemies":"Automaton","floor":33,"turns":10},{"damage":12,"enemies":"3 Darklings","floor":35,"turns":4},{"damage":0,"enemies":"2 Orb Walkers","floor":36,"turns":4},{"damage":1,"enemies":"3 Shapes","floor":37,"turns":3},{"damage":0,"enemies":"Transient","floor":38,"turns":5},{"damage":1,"enemies":"Mind Bloom Boss Battle","floor":39,"turns":7},{"damage":1,"enemies":"Reptomancer","floor":41,"turns":6},{"damage":1,"enemies":"Jaw Worm Horde","floor":45,"turns":4},{"damage":6,"enemies":"4 Shapes","floor":46,"turns":3},{"damage":33,"enemies":"Nemesis","floor":47,"turns":7},{"damage":0,"enemies":"Maw","floor":48,"turns":6},{"damage":24,"enemies":"Donu and Deca","floor":50,"turns":4},{"damage":3,"enemies":"Shield and Spear","floor":54,"turns":5},{"damage":30,"enemies":"The Heart","floor":55,"turns":7}],"seed_played":"-3925224649594370279","potions_obtained":[{"floor":1,"key":"Fire Potion"},{"floor":4,"key":"SteroidPotion"},{"floor":5,"key":"Regen Potion"},{"floor":8,"key":"Weak Potion"},{"floor":16,"key":"Swift Potion"},{"floor":19,"key":"Fire Potion"},{"floor":21,"key":"SpeedPotion"},{"floor":27,"key":"LiquidBronze"},{"floor":35,"key":"Strength Potion"},{"floor":38,"key":"Energy Potion"},{"floor":46,"key":"Explosive Potion"},{"floor":48,"key":"Weak Potion"},{"floor":54,"key":"SpeedPotion"}],"is_trial":false,"path_per_floor":["M","?","M","M","M","R","?","E","T","E","R","M","M","E","R","B",null,"M","M","$","M","T","R","E","M","T","E","M","$","R","M","R","B",null,"M","?","M","M","?","R","E","R","T","?","M","M","E","M","R","B",null,"R","$","E","B",null],"character_chosen":"THE_SILENT","items_purchased":["Apotheosis","Unload","Art of War","Dexterity Potion","Strawberry","Ancient Potion","Deep Breath"],"campfire_rested":5,"item_purchase_floors":[20,20,29,53,53,53,53],"current_hp_per_floor":[38,38,38,35,35,35,35,36,36,34,34,43,42,45,45,29,57,48,39,39,38,38,38,36,36,36,36,34,34,53,53,66,59,64,52,52,51,51,50,50,49,66,66,63,62,56,35,35,63,39,57,63,70,67,37],"gold":56,"neow_bonus":"ONE_RARE_RELIC","is_prod":false,"is_daily":false,"chose_seed":false,"campfire_upgraded":4,"win_rate":0,"timestamp":1549224428,"path_taken":["M","?","M","M","M","R","?","E","T","E","R","M","M","E","R","BOSS","M","M","$","M","?","R","E","M","T","E","M","$","R","M","R","BOSS","M","?","M","M","?","R","E","R","T","?","M","M","E","M","R","BOSS","R","$","E","BOSS"],"build_version":"2019-01-23","purchased_purges":1,"victory":true,"max_hp_per_floor":[66,66,66,66,66,66,66,66,66,66,66,66,66,66,66,66,66,66,66,66,66,66,66,66,66,66,66,66,66,66,66,66,66,66,66,66,66,66,66,66,66,66,66,63,63,63,63,63,63,63,63,63,70,70,70],"card_choices":[{"not_picked":["Caltrops","Flechettes"],"picked":"Dagger Throw","floor":1},{"not_picked":["Dodge and Roll","Heel Hook","Quick Slash"],"picked":"SKIP","floor":3},{"not_picked":["Prepared","Concentrate"],"picked":"Calculated Gamble","floor":4},{"not_picked":["Calculated Gamble","Endless Agony"],"picked":"Dagger Spray","floor":5},{"not_picked":["Quick Slash","Doppelganger"],"picked":"After Image","floor":8},{"not_picked":["Setup","Backstab"],"picked":"Well Laid Plans","floor":10},{"not_picked":["Underhanded Strike","Poisoned Stab","Accuracy"],"picked":"SKIP","floor":12},{"not_picked":["Sucker Punch","Flechettes"],"picked":"Dagger Throw","floor":13},{"not_picked":["Choke","Outmaneuver"],"picked":"Crippling Poison","floor":14},{"not_picked":["Burst","Wraith Form v2"],"picked":"Corpse Explosion","floor":16},{"not_picked":["Slice","Underhanded Strike"],"picked":"Backflip","floor":18},{"not_picked":["Dagger Spray","Sucker Punch","Well Laid Plans"],"picked":"SKIP","floor":19},{"not_picked":["Bane","Outmaneuver","Quick Slash"],"picked":"SKIP","floor":21},{"not_picked":["Storm of Steel","Setup"],"picked":"Catalyst+1","floor":24},{"not_picked":["Acrobatics","All Out Attack+1"],"picked":"Dodge and Roll","floor":25},{"not_picked":["Outmaneuver","Accuracy"],"picked":"Blur","floor":27},{"not_picked":["Quick Slash","Deadly Poison","Poisoned Stab"],"picked":"SKIP","floor":28},{"not_picked":["Doppelganger","Poisoned Stab","Slice"],"picked":"SKIP","floor":31},{"not_picked":["Tools of the Trade","Doppelganger"],"picked":"Adrenaline","floor":33},{"not_picked":["Dodge and Roll","Accuracy"],"picked":"PiercingWail+1","floor":35},{"not_picked":["Dodge and Roll+1","Slice"],"picked":"Bouncing Flask+1","floor":36},{"not_picked":["PiercingWail","Finisher"],"picked":"Noxious Fumes","floor":37},{"not_picked":["Dodge and Roll","Acrobatics+1","Bane+1"],"picked":"SKIP","floor":38},{"not_picked":["Flying Knee","Expertise"],"picked":"PiercingWail","floor":39},{"not_picked":["Leg Sweep","Deflect"],"picked":"Catalyst+1","floor":41},{"not_picked":["Backstab","Prepared"],"picked":"After Image","floor":45},{"not_picked":["Outmaneuver+1","Deadly Poison+1","Predator+1"],"picked":"SKIP","floor":46},{"not_picked":["Underhanded Strike","Masterful Stab"],"picked":"Calculated Gamble+1","floor":47},{"not_picked":["Noxious Fumes","Reflex"],"picked":"Leg Sweep","floor":48},{"not_picked":["Deflect+1","Dodge and Roll+1"],"picked":"Crippling Poison+1","floor":54}],"player_experience":1936047,"relics_obtained":[{"floor":8,"key":"War Paint"},{"floor":9,"key":"Meat on the Bone"},{"floor":10,"key":"Gremlin Horn"},{"floor":14,"key":"Tiny Chest"},{"floor":24,"key":"Calipers"},{"floor":24,"key":"Bottled Lightning"},{"floor":26,"key":"Vajra"},{"floor":27,"key":"Snake Skull"},{"floor":27,"key":"Potion Belt"},{"floor":36,"key":"Torii"},{"floor":39,"key":"Pocketwatch"},{"floor":41,"key":"Darkstone Periapt"},{"floor":41,"key":"Letter Opener"},{"floor":43,"key":"Regal Pillow"},{"floor":47,"key":"Bag of Marbles"},{"floor":47,"key":"Bronze Scales"},{"floor":54,"key":"Kunai"},{"floor":54,"key":"Anchor"}],"event_choices":[{"damage_healed":0,"gold_gain":0,"player_choice":"Ignored","damage_taken":0,"max_hp_gain":0,"max_hp_loss":0,"event_name":"Golden Idol","floor":2,"gold_loss":0},{"cards_removed":["Strike_G"],"damage_healed":0,"gold_gain":0,"player_choice":"Offered Basic","damage_taken":0,"max_hp_gain":0,"max_hp_loss":0,"event_name":"Bonfire Elementals","floor":7,"gold_loss":0},{"damage_healed":0,"gold_gain":0,"player_choice":"Fight","damage_taken":0,"max_hp_gain":0,"max_hp_loss":0,"event_name":"Mysterious Sphere","floor":36,"gold_loss":0},{"damage_healed":0,"gold_gain":0,"player_choice":"Fight","damage_taken":0,"max_hp_gain":0,"max_hp_loss":0,"event_name":"MindBloom","floor":39,"gold_loss":0},{"damage_healed":0,"gold_gain":0,"player_choice":"Max HP","damage_taken":0,"max_hp_gain":0,"max_hp_loss":3,"event_name":"Winding Halls","floor":44,"gold_loss":0}],"is_beta":true,"boss_relics":[{"not_picked":["Calling Bell","Busted Crown"],"picked":"Black Star"},{"not_picked":["Eternal Feather","Lizard Tail"],"picked":"Astrolabe"}],"items_purged_floors":[53],"is_endless":false,"potions_floor_spawned":[1,4,5,8,16,19,21,24,27,35,38,41,46,48,54],"ascension_level":15}