{"gold_per_floor":[117,117,137,137,148,148,160,190,242,255,255,286,211,243,243,319,319,335,7,21,32,43,76,76,107,107,107,207,207,226,226,226,303,303,320,94,94,94,94,94,127,227,227,227,241,268,268,279,279,279,279,279,3,35,35],"floor_reached":56,"playtime":2277,"items_purged":["Strike_R"],"score":2051,"play_id":"d7d6ba0f-30e2-4fc9-853a-aa5aa4c7f34b","local_time":"20190119200659","is_ascension_mode":true,"campfire_choices":[{"data":"Uppercut","floor":6.0,"key":"SMITH"},{"data":"Bludgeon","floor":11.0,"key":"SMITH"},{"data":"Disarm","floor":15.0,"key":"SMITH"},{"data":"Battle Trance","floor":24.0,"key":"SMITH"},{"data":"Spot Weakness","floor":27.0,"key":"SMITH"},{"data":"Limit Break","floor":29.0,"key":"SMITH"},{"data":"Cleave","floor":32.0,"key":"SMITH"},{"data":"True Grit","floor":40,"key":"SMITH"},{"data":"Feel No Pain","floor":44,"key":"SMITH"},{"floor":47,"key":"RECALL"},{"floor":49,"key":"REST"},{"floor":52,"key":"REST"}],"neow_cost":"NONE","seed_source_timestamp":901526415826554,"circlet_count":0,"master_deck":["AscendersBane","Defend_R","Defend_R","Defend_R","Defend_R","Bash+1","Clothesline","Uppercut+1","Cleave+1","Disarm+1","Bludgeon+1","Battle Trance+1","Shrug It Off","Pommel Strike","Limit Break+1","Evolve","Shrug It Off","Spot Weakness+1","Shrug It Off+1","Barricade","Shrug It Off+1","Double Tap+1","Metallicize+1","Sword Boomerang","Feel No Pain+1","Limit Break","True Grit+1","Panacea","Exhume","Power Through","Entrench+1","Body Slam","Shrug It Off","Corruption"],"special_seed":0,"relics":["Burning Blood","Shuriken","PreservedInsect","Centennial Puzzle","Pear","Philosopher\u0027s Stone","Mummified Hand","The Courier","Dream Catcher","Thread and Needle","Turnip","Blue Candle","Paper Frog","Astrolabe","Ice Cream","Du-Vu Doll","Lantern","Happy Flower","Pen Nib"],"potions_floor_usage":[33,35,55,55],"damage_taken":[{"damage":1.0,"enemies":"2 Louse","floor":1.0,"turns":3.0},{"damage":4.0,"enemies":"Jaw Worm","floor":3.0,"turns":3.0},{"damage":0.0,"enemies":"Cultist","floor":5.0,"turns":3.0},{"damage":25.0,"enemies":"Lots of Slimes","floor":7.0,"turns":5.0},{"damage":16.0,"enemies":"3 Sentries","floor":8.0,"turns":9.0},{"damage":2.0,"enemies":"Large Slime","floor":10.0,"turns":7.0},{"damage":12.0,"enemies":"Lagavulin","floor":12.0,"turns":7.0},{"damage":0.0,"enemies":"Gremlin Nob","floor":14.0,"turns":2.0},{"damage":18.0,"enemies":"The Guardian","floor":16.0,"turns":12.0},{"damage":2.0,"enemies":"Shell Parasite","floor":18.0,"turns":5.0},{"damage":7.0,"enemies":"Spheric Guardian","floor":20.0,"turns":3.0},{"damage":5.0,"enemies":"Chosen and Byrds","floor":21.0,"turns":6.0},{"damage":25.0,"enemies":"Sentry and Sphere","floor":22.0,"turns":5.0},{"damage":14.0,"enemies":"Slavers","floor":23.0,"turns":4.0},{"damage":11.0,"enemies":"Book of Stabbing","floor":25.0,"turns":3.0},{"damage":9.0,"enemies":"Colosseum Slavers","floor":28.0,"turns":6.0},{"damage":1.0,"enemies":"Colosseum Nobs","floor":28.0,"turns":3.0},{"damage":8.0,"enemies":"3 Cultists","floor":30.0,"turns":4.0},{"damage":53,"enemies":"Collector","floor":33,"turns":8},{"damage":6,"enemies":"3 Darklings","floor":35,"turns":8},{"damage":22,"enemies":"Nemesis","floor":41,"turns":9},{"damage":0,"enemies":"Mind Bloom Boss Battle","floor":42,"turns":8},{"damage":8,"enemies":"Orb Walker","floor":45,"turns":5},{"damage":2,"enemies":"Giant Head","floor":46,"turns":7},{"damage":0,"enemies":"Spire Growth","floor":48,"turns":7},{"damage":83,"enemies":"Donu and Deca","floor":50,"turns":12},{"damage":29,"enemies":"Shield and Spear","floor":54,"turns":6},{"damage":19,"enemies":"The Heart","floor":55,"turns":8}],"seed_played":"312388471735268197","potions_obtained":[{"floor":5.0,"key":"PowerPotion"},{"floor":7.0,"key":"GamblersBrew"},{"floor":8.0,"key":"Swift Potion"},{"floor":14.0,"key":"Weak Potion"},{"floor":16.0,"key":"EntropicBrew"},{"floor":18.0,"key":"Fire Potion"},{"floor":25.0,"key":"Strength Potion"},{"floor":33,"key":"Swift Potion"},{"floor":42,"key":"FairyPotion"}],"is_trial":false,"path_per_floor":["M","?","M","?","M","R","M","E","T","M","R","E","$","E","R","B",null,"M","$","M","M","M","E","R","E","T","R","?","R","M","T","R","B",null,"M","$","?","?","?","R","E","?","T","R","M","E","R","M","R","B",null,"R","$","E","B",null],"character_chosen":"IRONCLAD","items_purchased":["Mummified Hand","Evolve","Feel No Pain","Limit Break","True Grit","Corruption","GamblersBrew","Happy Flower","Swift Potion"],"campfire_rested":2,"item_purchase_floors":[19,19,36,36,36,53,53,53,53],"current_hp_per_floor":[80,80,82,82,82,82,63,53,53,57,57,51,51,67,67,55,83,87,87,86,87,68,60,60,55,55,55,57,57,55,55,55,8,71,71,71,61,61,61,61,45,51,51,51,49,53,53,59,85,8,67,87,87,64,51],"gold":35,"neow_bonus":"TEN_PERCENT_HP_BONUS","is_prod":false,"is_daily":false,"chose_seed":false,"campfire_upgraded":9,"win_rate":0,"timestamp":1547946419,"path_taken":["M","?","M","?","M","R","M","E","T","?","R","E","$","E","R","BOSS","M","$","?","M","M","E","R","E","T","R","?","R","M","?","R","BOSS","M","$","?","?","?","R","E","?","T","R","M","E","R","M","R","BOSS","R","$","E","BOSS"],"build_version":"2019-01-17","purchased_purges":1,"victory":true,"max_hp_per_floor":[82,82,82,82,82,82,82,82,82,82,82,82,82,92,92,92,92,92,92,92,92,92,92,92,92,92,92,92,92,92,92,92,92,92,92,92,92,87,87,87,87,87,87,87,87,87,87,87,87,87,87,87,87,87,87],"card_choices":[{"not_picked":["Second Wind","Thunderclap"],"picked":"Clothesline","floor":1.0},{"not_picked":["Body Slam","Infernal Blade"],"picked":"Uppercut","floor":3.0},{"not_picked":["Flex","Wild Strike"],"picked":"Cleave","floor":5.0},{"not_picked":["Battle Trance","Headbutt"],"picked":"Disarm","floor":7.0},{"not_picked":["Spot Weakness","Bloodletting"],"picked":"Bludgeon","floor":8.0},{"not_picked":["Headbutt","Clothesline"],"picked":"Battle Trance","floor":10.0},{"not_picked":["Cleave","Rupture"],"picked":"Shrug It Off","floor":12.0},{"not_picked":["Flex","Wild Strike"],"picked":"Pommel Strike","floor":14.0},{"not_picked":["Barricade","Fiend Fire"],"picked":"Limit Break","floor":16.0},{"not_picked":["Wild Strike","Flex","Blood for Blood+1"],"picked":"SKIP","floor":18.0},{"not_picked":["Cleave","Carnage+1"],"picked":"Shrug It Off","floor":20.0},{"not_picked":["Spot Weakness","Perfected Strike+1","Flex"],"picked":"SKIP","floor":21.0},{"not_picked":["True Grit","Thunderclap","Twin Strike"],"picked":"SKIP","floor":22.0},{"not_picked":["Bludgeon","Thunderclap","Havoc"],"picked":"SKIP","floor":23.0},{"not_picked":["Brutality","Heavy Blade"],"picked":"Spot Weakness","floor":25.0},{"not_picked":["Pommel Strike","Headbutt"],"picked":"Shrug It Off+1","floor":28.0},{"not_picked":["Bloodletting","Clash+1","Rage"],"picked":"SKIP","floor":30.0},{"not_picked":["Impervious","Berserk"],"picked":"Barricade","floor":33},{"not_picked":["Anger","Clothesline"],"picked":"Sword Boomerang","floor":35},{"not_picked":["Blind","Swift Strike"],"picked":"Panacea","floor":37},{"not_picked":["Searing Blow+1","Clash+1"],"picked":"Exhume","floor":41},{"not_picked":["Clash","Armaments"],"picked":"Power Through","floor":45},{"not_picked":["Clash","Flex+1","Rupture"],"picked":"SKIP","floor":46},{"not_picked":["Evolve+1","Twin Strike"],"picked":"Entrench+1","floor":48},{"not_picked":["Thunderclap","Havoc"],"picked":"Body Slam","floor":49},{"not_picked":["Heavy Blade+1","Immolate"],"picked":"Shrug It Off","floor":52},{"not_picked":["Pommel Strike","Pummel","Rampage"],"picked":"SKIP","floor":54}],"player_experience":1852021,"relics_obtained":[{"floor":8.0,"key":"Shuriken"},{"floor":9.0,"key":"PreservedInsect"},{"floor":12.0,"key":"Centennial Puzzle"},{"floor":14.0,"key":"Pear"},{"floor":23.0,"key":"The Courier"},{"floor":25.0,"key":"Dream Catcher"},{"floor":26.0,"key":"Thread and Needle"},{"floor":28.0,"key":"Turnip"},{"floor":28.0,"key":"Blue Candle"},{"floor":31.0,"key":"Paper Frog"},{"floor":41,"key":"Ice Cream"},{"floor":42,"key":"Du-Vu Doll"},{"floor":46,"key":"Lantern"},{"floor":54,"key":"Pen Nib"}],"event_choices":[{"damage_healed":0.0,"max_hp_gain":0.0,"max_hp_loss":0.0,"gold_gain":0.0,"event_name":"Living Wall","player_choice":"Grow","floor":2.0,"gold_loss":0.0,"damage_taken":0.0,"cards_upgraded":["Bash"]},{"cards_removed":["Strike_R"],"damage_healed":0.0,"max_hp_gain":0.0,"max_hp_loss":0.0,"gold_gain":0.0,"event_name":"Purifier","player_choice":"Purged","floor":4.0,"gold_loss":0.0,"damage_taken":0.0},{"damage_healed":0.0,"max_hp_gain":0.0,"max_hp_loss":0.0,"gold_gain":0.0,"event_name":"Colosseum","player_choice":"Fight","floor":28.0,"gold_loss":0.0,"damage_taken":0.0},{"damage_healed":0.0,"max_hp_gain":0.0,"max_hp_loss":0.0,"gold_gain":0.0,"event_name":"Colosseum","player_choice":"Fought Nobs","floor":28.0,"gold_loss":0.0,"damage_taken":0.0},{"damage_healed":0,"gold_gain":0,"player_choice":"Memory 3","damage_taken":10,"max_hp_gain":0,"max_hp_loss":0,"event_name":"SensoryStone","floor":37,"gold_loss":0},{"damage_healed":0,"gold_gain":0,"player_choice":"Max HP","damage_taken":0,"max_hp_gain":0,"max_hp_loss":5,"event_name":"Winding Halls","floor":38,"gold_loss":0},{"damage_healed":0,"gold_gain":0,"player_choice":"Ignored","damage_taken":0,"max_hp_gain":0,"max_hp_loss":0,"event_name":"Mysterious Sphere","floor":39,"gold_loss":0},{"damage_healed":0,"gold_gain":0,"player_choice":"Fight","damage_taken":0,"max_hp_gain":0,"max_hp_loss":0,"event_name":"MindBloom","floor":42,"gold_loss":0}],"is_beta":true,"boss_relics":[{"not_picked":["Mark of Pain","Busted Crown"],"picked":"Philosopher\u0027s Stone"},{"not_picked":["Sozu","Pandora\u0027s Box"],"picked":"Astrolabe"}],"items_purged_floors":[13],"is_endless":false,"potions_floor_spawned":[5,7,8,14,16,18,25,28,33,42],"ascension_level":15}