{"gold_per_floor":[110,126,126,142,67,67,96,96,96,125,141,176,187,221,221,292,292,303,303,154,174,189,189,216,216,216,216,233,245,256,314,314,393,393,403,403,403,154,254,285,299,313,391,404,404,404,438,450,450,450,450,450,35,68,68],"floor_reached":56,"playtime":2168,"items_purged":["Strike_G+1","Strike_G+1"],"score":2097,"play_id":"5dc44236-024d-4cdb-b113-f3e3913e76bd","local_time":"20190313183911","is_ascension_mode":true,"campfire_choices":[{"data":"Poisoned Stab","floor":6,"key":"SMITH"},{"data":"Noxious Fumes","floor":15,"key":"SMITH"},{"data":"A Thousand Cuts","floor":23,"key":"SMITH"},{"data":"Footwork","floor":27,"key":"SMITH"},{"data":"Neutralize","floor":32,"key":"SMITH"},{"data":"Corpse Explosion","floor":46,"key":"SMITH"},{"floor":49,"key":"RECALL"},{"floor":52,"key":"REST"}],"neow_cost":"NONE","seed_source_timestamp":25271197270649,"circlet_count":0,"master_deck":["AscendersBane","Defend_G+1","Defend_G+1","Defend_G+1","Defend_G+1","Defend_G+1","Survivor","Neutralize+1","Poisoned Stab+1","Backstab+1","Catalyst+1","Predator+1","Noxious Fumes+1","A Thousand Cuts+1","Dash","Footwork+1","PiercingWail","Well Laid Plans+1","Blur","Backflip","Corpse Explosion+1","PiercingWail","PiercingWail+1","Secret Technique","Discovery","Wraith Form v2"],"relics":["Ring of the Snake","NeowsBlessing","Sundial","Meat on the Bone","Matryoshka","Whetstone","Lantern","Velvet Choker","Dream Catcher","Bag of Marbles","Mummified Hand","Tiny Chest","Empty Cage","PreservedInsect","Gambling Chip","Strawberry","Regal Pillow","Tingsha","Oddly Smooth Stone"],"potions_floor_usage":[7,7,10,14,31,33,54,55],"damage_taken":[{"damage":0,"enemies":"Small Slimes","floor":1,"turns":1},{"damage":0,"enemies":"Cultist","floor":2,"turns":1},{"damage":0,"enemies":"Jaw Worm","floor":4,"turns":1},{"damage":11,"enemies":"Gremlin Nob","floor":7,"turns":4},{"damage":14,"enemies":"Lagavulin","floor":10,"turns":5},{"damage":6,"enemies":"3 Louse","floor":11,"turns":2},{"damage":29,"enemies":"3 Sentries","floor":12,"turns":9},{"damage":0,"enemies":"Blue Slaver","floor":13,"turns":3},{"damage":8,"enemies":"Gremlin Nob","floor":14,"turns":3},{"damage":16,"enemies":"Hexaghost","floor":16,"turns":6},{"damage":27,"enemies":"Spheric Guardian","floor":18,"turns":5},{"damage":2,"enemies":"Shell Parasite","floor":21,"turns":5},{"damage":12,"enemies":"Snecko","floor":22,"turns":6},{"damage":0,"enemies":"Gremlin Leader","floor":24,"turns":6},{"damage":0,"enemies":"Snake Plant","floor":28,"turns":2},{"damage":0,"enemies":"Sentry and Sphere","floor":29,"turns":4},{"damage":0,"enemies":"Centurion and Healer","floor":30,"turns":5},{"damage":21,"enemies":"Book of Stabbing","floor":31,"turns":4},{"damage":4,"enemies":"Champ","floor":33,"turns":12},{"damage":7,"enemies":"3 Darklings","floor":35,"turns":3},{"damage":0,"enemies":"Mind Bloom Boss Battle","floor":39,"turns":6},{"damage":0,"enemies":"Giant Head","floor":40,"turns":8},{"damage":2,"enemies":"Orb Walker","floor":41,"turns":5},{"damage":8,"enemies":"Jaw Worm Horde","floor":42,"turns":4},{"damage":0,"enemies":"Sphere and 2 Shapes","floor":44,"turns":5},{"damage":4,"enemies":"Nemesis","floor":47,"turns":5},{"damage":7,"enemies":"Writhing Mass","floor":48,"turns":5},{"damage":42,"enemies":"Donu and Deca","floor":50,"turns":6},{"damage":3,"enemies":"Shield and Spear","floor":54,"turns":5},{"damage":26,"enemies":"The Heart","floor":55,"turns":12}],"seed_played":"5636033817040347454","potions_obtained":[{"floor":1,"key":"Strength Potion"},{"floor":3,"key":"Block Potion"},{"floor":7,"key":"SkillPotion"},{"floor":13,"key":"Swift Potion"},{"floor":16,"key":"SkillPotion"},{"floor":21,"key":"Strength Potion"},{"floor":22,"key":"Dexterity Potion"},{"floor":31,"key":"SpeedPotion"},{"floor":33,"key":"PowerPotion"},{"floor":35,"key":"GhostInAJar"}],"is_trial":false,"path_per_floor":["M","M","?","M","?","R","E","?","T","E","M","E","M","E","R","B",null,"M","?","$","M","M","R","E","?","T","R","M","M","M","E","R","B",null,"M","?","?","$","?","E","M","M","T","M","?","R","E","M","R","B",null,"R","$","E","B",null],"character_chosen":"THE_SILENT","items_purchased":["Footwork","PreservedInsect","Oddly Smooth Stone","Secret Technique","Discovery"],"campfire_rested":1,"item_purchase_floors":[20,38,53,53,53],"current_hp_per_floor":[59,59,59,59,59,59,48,48,48,34,40,23,35,39,39,35,58,43,43,43,41,41,41,41,41,41,41,41,41,41,32,32,40,60,53,53,53,53,53,60,58,50,50,50,83,83,79,72,72,42,73,83,83,80,54],"gold":68,"neow_bonus":"THREE_ENEMY_KILL","is_prod":false,"is_daily":false,"chose_seed":false,"campfire_upgraded":6,"win_rate":0,"timestamp":1552516751,"path_taken":["M","M","?","?","?","R","E","?","T","E","M","E","M","E","R","BOSS","M","?","$","M","M","R","E","?","T","R","M","M","?","E","R","BOSS","M","?","?","$","?","E","M","M","T","M","?","R","E","?","R","BOSS","R","$","E","BOSS"],"build_version":"2019-02-06","purchased_purges":2,"victory":true,"max_hp_per_floor":[66,66,66,66,66,66,66,66,66,66,66,66,66,66,66,66,66,66,66,66,66,66,66,66,66,66,66,66,66,66,66,66,66,66,66,66,66,66,66,73,73,73,73,73,83,83,83,83,83,83,83,83,83,83,83],"card_choices":[{"not_picked":["Caltrops","Quick Slash"],"picked":"Poisoned Stab","floor":1},{"not_picked":["All Out Attack","Riddle With Holes","Acrobatics"],"picked":"SKIP","floor":2},{"not_picked":["Quick Slash","Prepared"],"picked":"Backstab","floor":4},{"not_picked":["Die Die Die","Calculated Gamble"],"picked":"Catalyst","floor":7},{"not_picked":["Unload","Heel Hook"],"picked":"Predator","floor":10},{"not_picked":["Acrobatics","Blade Dance","Caltrops"],"picked":"SKIP","floor":11},{"not_picked":["Storm of Steel","Prepared"],"picked":"Envenom","floor":12},{"not_picked":["Finisher","Calculated Gamble","Concentrate"],"picked":"SKIP","floor":13},{"not_picked":["Deflect","Distraction"],"picked":"Noxious Fumes","floor":14},{"not_picked":["Grand Finale","Tools of the Trade"],"picked":"A Thousand Cuts","floor":16},{"not_picked":["Catalyst","Dagger Spray+1"],"picked":"Dash","floor":18},{"not_picked":["Outmaneuver","Finisher","Slice"],"picked":"SKIP","floor":21},{"not_picked":["Underhanded Strike","Deadly Poison","Dagger Spray"],"picked":"SKIP","floor":22},{"not_picked":["Dagger Spray","Backstab","Poisoned Stab"],"picked":"SKIP","floor":24},{"not_picked":["Footwork","Acrobatics+1"],"picked":"PiercingWail","floor":28},{"not_picked":["Prepared","Blur+1"],"picked":"Well Laid Plans+1","floor":29},{"not_picked":["Slice","Deflect"],"picked":"Blur","floor":30},{"not_picked":["Bane","Expertise"],"picked":"Backflip","floor":31},{"not_picked":["Burst","Venomology"],"picked":"Corpse Explosion","floor":33},{"not_picked":["Blur","Flechettes"],"picked":"PiercingWail","floor":35},{"not_picked":["Noxious Fumes","Deadly Poison","Dagger Spray"],"picked":"SKIP","floor":40},{"not_picked":["Riddle With Holes","Setup","Reflex"],"picked":"SKIP","floor":41},{"not_picked":["Backflip","Dagger Spray"],"picked":"PiercingWail+1","floor":42},{"not_picked":["Prepared","Underhanded Strike","Sucker Punch+1"],"picked":"SKIP","floor":44},{"not_picked":["Outmaneuver","Dagger Spray","Bane"],"picked":"SKIP","floor":47},{"not_picked":["Prepared","Cloak And Dagger+1","Poisoned Stab"],"picked":"SKIP","floor":48},{"not_picked":["Blade Dance","Corpse Explosion"],"picked":"Wraith Form v2","floor":54}],"player_experience":2168192,"relics_obtained":[{"floor":7,"key":"Sundial"},{"floor":9,"key":"Meat on the Bone"},{"floor":10,"key":"Matryoshka"},{"floor":12,"key":"Whetstone"},{"floor":14,"key":"Lantern"},{"floor":24,"key":"Dream Catcher"},{"floor":26,"key":"Bag of Marbles"},{"floor":26,"key":"Mummified Hand"},{"floor":31,"key":"Tiny Chest"},{"floor":39,"key":"Gambling Chip"},{"floor":40,"key":"Strawberry"},{"floor":43,"key":"Regal Pillow"},{"floor":47,"key":"Tingsha"}],"event_choices":[{"damage_healed":0,"gold_gain":0,"player_choice":"Got Potions","damage_taken":0,"max_hp_gain":0,"max_hp_loss":0,"event_name":"Lab","floor":3,"gold_loss":0},{"cards_removed":["Strike_G"],"damage_healed":0,"gold_gain":0,"player_choice":"Card Removal","damage_taken":0,"max_hp_gain":0,"max_hp_loss":0,"event_name":"The Cleric","floor":5,"gold_loss":75},{"damage_healed":0,"gold_gain":0,"player_choice":"Grow","damage_taken":0,"max_hp_gain":0,"max_hp_loss":0,"event_name":"Living Wall","floor":8,"gold_loss":0,"cards_upgraded":["Catalyst"]},{"damage_healed":0,"gold_gain":0,"player_choice":"Simplicity","damage_taken":0,"max_hp_gain":0,"max_hp_loss":0,"event_name":"Back to Basics","floor":19,"gold_loss":0,"cards_upgraded":["Defend_G","Defend_G","Defend_G","Defend_G","Defend_G","Strike_G","Strike_G","Strike_G","Strike_G"]},{"damage_healed":0,"gold_gain":0,"player_choice":"Upgraded","damage_taken":0,"max_hp_gain":0,"max_hp_loss":0,"event_name":"Upgrade Shrine","floor":25,"gold_loss":0,"cards_upgraded":["Envenom"]},{"damage_healed":0,"gold_gain":0,"player_choice":"Ignored","damage_taken":0,"max_hp_gain":0,"max_hp_loss":0,"event_name":"Tomb of Lord Red Mask","floor":36,"gold_loss":0},{"damage_healed":0,"gold_gain":0,"player_choice":"Memory 1","damage_taken":0,"max_hp_gain":0,"max_hp_loss":0,"event_name":"SensoryStone","floor":37,"gold_loss":0},{"damage_healed":0,"gold_gain":0,"player_choice":"Fight","damage_taken":0,"max_hp_gain":0,"max_hp_loss":0,"event_name":"MindBloom","floor":39,"gold_loss":0},{"cards_removed":["Envenom"],"damage_healed":23,"gold_gain":0,"player_choice":"Offered Rare","damage_taken":0,"max_hp_gain":10,"max_hp_loss":0,"event_name":"Bonfire Elementals","floor":45,"gold_loss":0}],"is_beta":true,"boss_relics":[{"not_picked":["Black Star","Orrery"],"picked":"Velvet Choker"},{"not_picked":["Sozu","Tiny House"],"picked":"Empty Cage"}],"items_purged_floors":[20,38],"is_endless":false,"potions_floor_spawned":[1,4,7,13,16,21,22,31,33,35,41,44,48],"ascension_level":15}