{"gold_per_floor":[114,124,134,59,75,75,108,108,108,139,139,139,314,34,34,137,137,152,152,172,7,18,18,33,33,33,33,33,62,62,62,62,159,159,171,171,187,187,203,203,217,67,91,104,104,122,135,135,135,135],"floor_reached":50,"playtime":1891,"items_purged":["Strike_R","Strike_R","Strike_R","Headbutt"],"score":719,"play_id":"a2a040e1-420a-47b9-98fc-9a7c4f75964a","local_time":"20190314004217","is_ascension_mode":true,"campfire_choices":[{"data":"Bash","floor":6.0,"key":"SMITH"},{"data":"Heavy Blade","floor":8.0,"key":"SMITH"},{"data":"Flame Barrier","floor":11.0,"key":"SMITH"},{"data":"Heavy Blade","floor":15.0,"key":"SMITH"},{"data":"Double Tap","floor":23.0,"key":"SMITH"},{"data":"Evolve","floor":25.0,"key":"SMITH"},{"data":"Spot Weakness","floor":28.0,"key":"SMITH"},{"data":"Limit Break","floor":32.0,"key":"SMITH"},{"floor":40,"key":"REST"},{"data":"True Grit","floor":45,"key":"SMITH"},{"floor":49,"key":"REST"}],"neow_cost":"NONE","seed_source_timestamp":0,"circlet_count":0,"master_deck":["Defend_R","Defend_R","Bash+1","Headbutt","Heavy Blade+1","Twin Strike","Shrug It Off","Flame Barrier+1","Regret","Doubt","Heavy Blade+1","Double Tap+1","Cleave","Evolve+1","Spot Weakness+1","Limit Break+1","Regret","Writhe","Regret","True Grit+1","Writhe"],"special_seed":0,"relics":["Burning Blood","Du-Vu Doll","Nunchaku","Blue Candle","StoneCalendar","Juzu Bracelet","Snecko Eye","Sundial","Kunai","Calling Bell","Bag of Marbles","Matryoshka","Turnip","Strawberry","Red Skull"],"potions_floor_usage":[37,39,44,47],"damage_taken":[{"damage":0.0,"enemies":"Small Slimes","floor":1.0,"turns":4.0},{"damage":4.0,"enemies":"2 Louse","floor":2.0,"turns":3.0},{"damage":3.0,"enemies":"Jaw Worm","floor":3.0,"turns":5.0},{"damage":7.0,"enemies":"Looter","floor":5.0,"turns":3.0},{"damage":21.0,"enemies":"Gremlin Nob","floor":7.0,"turns":4.0},{"damage":31.0,"enemies":"Lagavulin","floor":10.0,"turns":8.0},{"damage":23.0,"enemies":"The Guardian","floor":16.0,"turns":8.0},{"damage":16.0,"enemies":"3 Byrds","floor":18.0,"turns":5.0},{"damage":1.0,"enemies":"Spheric Guardian","floor":20.0,"turns":2.0},{"damage":1.0,"enemies":"Centurion and Healer","floor":22.0,"turns":2.0},{"damage":14.0,"enemies":"Snake Plant","floor":24.0,"turns":3.0},{"damage":10.0,"enemies":"Gremlin Leader","floor":29.0,"turns":3.0},{"damage":50.0,"enemies":"Automaton","floor":33.0,"turns":5.0},{"damage":19.0,"enemies":"Orb Walker","floor":35.0,"turns":2.0},{"damage":11,"enemies":"3 Shapes","floor":37,"turns":3},{"damage":36,"enemies":"Sphere and 2 Shapes","floor":39,"turns":4},{"damage":13,"enemies":"Writhing Mass","floor":41,"turns":2},{"damage":3,"enemies":"4 Shapes","floor":44,"turns":2},{"damage":5,"enemies":"Transient","floor":46,"turns":5},{"damage":26,"enemies":"Spire Growth","floor":47,"turns":4},{"damage":81,"enemies":"Time Eater","floor":50,"turns":4}],"seed_played":"-9091943080425662142","potions_obtained":[{"floor":7.0,"key":"Weak Potion"},{"floor":10.0,"key":"Weak Potion"},{"floor":16.0,"key":"Regen Potion"},{"floor":18.0,"key":"Fire Potion"},{"floor":22.0,"key":"EssenceOfSteel"},{"floor":24.0,"key":"Energy Potion"},{"floor":33.0,"key":"Poison Potion"},{"floor":35,"key":"Explosive Potion"},{"floor":37,"key":"Explosive Potion"},{"floor":46,"key":"Swift Potion"}],"is_trial":false,"path_per_floor":["M","M","M","$","M","R","E","R","T","E","R","?","?","$","R","B",null,"M","?","M","$","M","R","M","R","T","?","R","E","?","$","R","B",null,"M","?","M","?","M","R","M","$","T","M","R","M","M","?","R","B"],"character_chosen":"IRONCLAD","items_purchased":["Juzu Bracelet","Heavy Blade","Spot Weakness"],"campfire_rested":2,"item_purchase_floors":[14,14,21],"current_hp_per_floor":[80,80,80,80,79,79,64,64,64,39,39,39,39,39,39,22,66,70,70,75,75,80,80,72,72,72,72,72,68,68,68,68,24,66,53,53,48,48,18,42,35,35,42,45,45,46,26,48,74,0],"gold":135,"neow_bonus":"REMOVE_CARD","is_prod":false,"is_daily":false,"chose_seed":false,"campfire_upgraded":9,"win_rate":0,"timestamp":1552549337,"path_taken":["M","M","M","$","M","R","E","R","T","E","R","?","?","$","R","BOSS","M","?","M","$","M","R","M","R","T","?","R","E","?","$","R","BOSS","M","?","M","?","M","R","M","$","T","M","R","M","M","?","R","BOSS"],"build_version":"2019-01-23","purchased_purges":4,"victory":false,"max_hp_per_floor":[80,80,80,80,80,80,80,80,80,80,80,80,80,80,80,80,80,80,80,80,80,80,80,80,80,80,80,80,80,80,80,80,80,80,80,80,80,80,80,80,80,80,87,87,87,87,87,87,87,87],"card_choices":[{"not_picked":["Anger","Sword Boomerang"],"picked":"Headbutt","floor":1.0},{"not_picked":["Clothesline","Combust","Headbutt"],"picked":"SKIP","floor":2.0},{"not_picked":["Dropkick","Pummel"],"picked":"Heavy Blade","floor":3.0},{"not_picked":["Armaments","Bloodletting"],"picked":"Twin Strike","floor":5.0},{"not_picked":["Thunderclap","Iron Wave"],"picked":"Shrug It Off","floor":7.0},{"not_picked":["Rupture","Headbutt"],"picked":"Flame Barrier","floor":10.0},{"not_picked":["Exhume","Brutality"],"picked":"Double Tap","floor":16.0},{"not_picked":["Twin Strike","Pommel Strike"],"picked":"Cleave","floor":18.0},{"not_picked":["Headbutt","Feel No Pain+1"],"picked":"Evolve","floor":20.0},{"not_picked":["Cleave","Flex","Sword Boomerang"],"picked":"SKIP","floor":22.0},{"not_picked":["Clothesline","Armaments","Body Slam"],"picked":"SKIP","floor":24.0},{"not_picked":["True Grit+1","Flex"],"picked":"Limit Break","floor":29.0},{"not_picked":["Havoc","Sword Boomerang+1","Perfected Strike+1"],"picked":"SKIP","floor":35},{"not_picked":["Twin Strike","Evolve"],"picked":"True Grit","floor":37},{"not_picked":["Thunderclap","Ghostly Armor+1","Warcry+1"],"picked":"SKIP","floor":39},{"not_picked":["Wild Strike+1","Spot Weakness","Pommel Strike+1"],"picked":"SKIP","floor":41},{"not_picked":["Armaments+1","Clash+1","Pummel"],"picked":"SKIP","floor":44},{"not_picked":["Sword Boomerang","Thunderclap+1","Combust+1"],"picked":"SKIP","floor":46},{"not_picked":["Twin Strike+1","Iron Wave","Sword Boomerang+1"],"picked":"SKIP","floor":47}],"player_experience":428487,"relics_obtained":[{"floor":7.0,"key":"Du-Vu Doll"},{"floor":9.0,"key":"Nunchaku"},{"floor":10.0,"key":"Blue Candle"},{"floor":26.0,"key":"Sundial"},{"floor":29.0,"key":"Kunai"},{"floor":34.0,"key":"Bag of Marbles"},{"floor":34.0,"key":"Matryoshka"},{"floor":34.0,"key":"Turnip"},{"floor":43,"key":"Strawberry"},{"floor":43,"key":"Red Skull"}],"event_choices":[{"damage_healed":0.0,"max_hp_gain":0.0,"max_hp_loss":0.0,"gold_gain":0.0,"event_name":"Big Fish","player_choice":"Box","floor":12.0,"gold_loss":0.0,"damage_taken":0.0,"relics_obtained":["StoneCalendar"],"cards_obtained":["Regret"]},{"damage_healed":0.0,"max_hp_gain":0.0,"max_hp_loss":0.0,"gold_gain":175.0,"event_name":"Liars Game","player_choice":"AGREE","floor":13.0,"gold_loss":0.0,"damage_taken":0.0,"cards_obtained":["Doubt"]},{"damage_healed":0.0,"max_hp_gain":0.0,"max_hp_loss":0.0,"gold_gain":0.0,"event_name":"Vampires","player_choice":"Ignored","floor":19.0,"gold_loss":0.0,"damage_taken":0.0},{"cards_removed":["Strike_R"],"damage_healed":0.0,"max_hp_gain":0.0,"max_hp_loss":0.0,"gold_gain":0.0,"event_name":"Bonfire Elementals","player_choice":"Offered Basic","floor":27.0,"gold_loss":0.0,"damage_taken":0.0},{"damage_healed":0.0,"max_hp_gain":0.0,"max_hp_loss":0.0,"gold_gain":0.0,"cards_transformed":["Defend_R"],"event_name":"Transmorgrifier","player_choice":"Transformed","floor":30.0,"gold_loss":0.0,"damage_taken":0.0,"cards_obtained":["Headbutt"]},{"damage_healed":0,"gold_gain":0,"player_choice":"Bought 0 Potions","damage_taken":0,"max_hp_gain":0,"max_hp_loss":0,"event_name":"The Woman in Blue","floor":36,"gold_loss":0},{"cards_removed":["Defend_R"],"damage_healed":0,"gold_gain":0,"player_choice":"Removed Skill","damage_taken":0,"max_hp_gain":0,"max_hp_loss":0,"event_name":"Falling","floor":38,"gold_loss":0},{"damage_healed":22,"gold_gain":0,"player_choice":"Writhe","damage_taken":0,"max_hp_gain":0,"max_hp_loss":0,"event_name":"Winding Halls","floor":48,"gold_loss":0,"cards_obtained":["Writhe"]}],"is_beta":false,"boss_relics":[{"not_picked":["Philosopher\u0027s Stone","Fusion Hammer"],"picked":"Snecko Eye"},{"not_picked":["Cursed Key","Empty Cage"],"picked":"Calling Bell"}],"items_purged_floors":[4,14,21,42],"is_endless":false,"potions_floor_spawned":[7,10,16,18,22,24,33,35,37,46],"killed_by":"Time Eater","ascension_level":5}