{"gold_per_floor":[114,13,29,29,41,70,35,35,109,109,135,146,3,3,3,81,81,97,107,39,51,51,80,99,129,129,160,173,200,216,216,216,288,288,300,316,1315,1315,1362,1387,1387,727,727,476,476,476,490,24,24,24],"floor_reached":51,"playtime":1722,"items_purged":["Normality","Normality"],"score":1407,"play_id":"9d0bf3e4-86e7-4eee-a072-694315faa518","local_time":"20190203175602","is_ascension_mode":true,"campfire_choices":[{"data":"Electrodynamics","floor":8.0,"key":"SMITH"},{"data":"Defragment","floor":10.0,"key":"SMITH"},{"data":"Sweeping Beam","floor":15.0,"key":"SMITH"},{"data":"Fission","floor":32.0,"key":"SMITH"},{"floor":41.0,"key":"REST"},{"floor":46.0,"key":"REST"},{"data":"Biased Cognition","floor":49.0,"key":"SMITH"}],"neow_cost":"NONE","seed_source_timestamp":2190275198794938,"circlet_count":0,"master_deck":["AscendersBane","Strike_B+1","Defend_B","Defend_B","Defend_B+1","Defend_B","Zap+1","Dualcast","Glacier+1","Sweeping Beam+1","Static Discharge+1","Defragment+1","Electrodynamics+1","Chill+1","Biased Cognition","Hologram","Steam","Conserve Battery","Cold Snap","Compile Driver","Reinforced Body","Compile Driver+1","Fission+1","Blizzard+1","Genetic Algorithm","Sunder+1","Creative AI","Go for the Eyes+1","Tempest+1","Creative AI","Capacitor","Biased Cognition+1","Capacitor","Glacier"],"special_seed":0,"relics":["Cracked Core","Oddly Smooth Stone","Sundial","Vajra","Happy Flower","Black Star","Du-Vu Doll","Blood Vial","Mummified Hand","Bottled Flame","Molten Egg 2","Whetstone","War Paint","Juzu Bracelet","Orichalcum","Snecko Eye","Blue Candle","WingedGreaves","Bag of Preparation","FossilizedHelix","OrangePellets","Cables","Turnip"],"potions_floor_usage":[50],"damage_taken":[{"damage":1.0,"enemies":"Cultist","floor":1.0,"turns":3.0},{"damage":0.0,"enemies":"Jaw Worm","floor":3.0,"turns":4.0},{"damage":1.0,"enemies":"Small Slimes","floor":5.0,"turns":4.0},{"damage":11.0,"enemies":"3 Sentries","floor":6.0,"turns":9.0},{"damage":13.0,"enemies":"Lagavulin","floor":11.0,"turns":6.0},{"damage":0.0,"enemies":"3 Louse","floor":12.0,"turns":1.0},{"damage":0.0,"enemies":"Slime Boss","floor":16.0,"turns":7.0},{"damage":12.0,"enemies":"Chosen","floor":18.0,"turns":3.0},{"damage":8.0,"enemies":"Spheric Guardian","floor":19.0,"turns":4.0},{"damage":0.0,"enemies":"Snecko","floor":21.0,"turns":4.0},{"damage":1.0,"enemies":"Gremlin Leader","floor":23.0,"turns":7.0},{"damage":0.0,"enemies":"Shelled Parasite and Fungi","floor":24.0,"turns":6.0},{"damage":3.0,"enemies":"Book of Stabbing","floor":25.0,"turns":6.0},{"damage":15.0,"enemies":"Slavers","floor":27.0,"turns":2.0},{"damage":0.0,"enemies":"3 Cultists","floor":28.0,"turns":4.0},{"damage":8.0,"enemies":"Book of Stabbing","floor":29.0,"turns":5.0},{"damage":1.0,"enemies":"Cultist and Chosen","floor":30.0,"turns":4.0},{"damage":21.0,"enemies":"Champ","floor":33.0,"turns":13.0},{"damage":0.0,"enemies":"3 Darklings","floor":35.0,"turns":3.0},{"damage":0.0,"enemies":"3 Shapes","floor":36.0,"turns":3.0},{"damage":27.0,"enemies":"2 Orb Walkers","floor":39.0,"turns":4.0},{"damage":42.0,"enemies":"Nemesis","floor":40.0,"turns":9.0},{"damage":0.0,"enemies":"Spire Growth","floor":47.0,"turns":4.0},{"damage":14,"enemies":"Time Eater","floor":50,"turns":12}],"seed_played":"-8510633486758649034","potions_obtained":[{"floor":3.0,"key":"EssenceOfSteel"},{"floor":5.0,"key":"Poison Potion"},{"floor":23.0,"key":"Explosive Potion"},{"floor":27.0,"key":"Explosive Potion"},{"floor":28.0,"key":"Ancient Potion"},{"floor":33.0,"key":"Poison Potion"}],"is_trial":false,"path_per_floor":["M","$","M","?","M","E","?","R","T","R","E","M","$","?","R","B",null,"M","M","$","M","?","E","M","E","T","E","M","E","M","?","R","B",null,"M","M","?","T","?","E","R","$","T","$","?","R","M","$","R","B",null],"character_chosen":"DEFECT","items_purchased":["Glacier","Sweeping Beam","Happy Flower","Conserve Battery","Cold Snap","OrangePellets","Creative AI","Cables","Capacitor","Regen Potion","Capacitor","Glacier","Turnip"],"campfire_rested":2,"item_purchase_floors":[2,2,13,20,20,42,42,42,44,44,48,48,48],"current_hp_per_floor":[70,70,70,47,46,35,54,54,54,54,41,41,41,41,41,41,69,57,49,49,49,49,48,50,49,49,36,38,32,33,33,33,14,62,64,66,66,66,41,1,24,24,24,24,24,47,49,49,49,52],"gold":24,"neow_bonus":"TEN_PERCENT_HP_BONUS","is_prod":false,"is_daily":false,"chose_seed":false,"campfire_upgraded":5,"win_rate":0,"timestamp":1549234562,"path_taken":["M","$","?","?","M","E","?","R","T","R","E","M","$","?","R","BOSS","M","M","$","M","?","E","M","E","T","E","?","E","M","?","R","BOSS","M","M","?","?","?","E","R","$","T","$","?","R","M","$","R","BOSS"],"build_version":"2019-01-23","purchased_purges":2,"victory":true,"max_hp_per_floor":[78,78,78,78,78,78,78,78,78,78,78,78,78,78,78,78,78,78,78,78,78,78,78,78,78,78,78,78,78,78,78,78,78,78,78,78,78,78,78,78,78,78,78,78,78,78,78,78,78,78],"card_choices":[{"not_picked":["Turbo","Auto Shields","Redo"],"picked":"SKIP","floor":1.0},{"not_picked":["Steam","Scrape"],"picked":"Static Discharge","floor":3.0},{"not_picked":["Doom and Gloom","Compile Driver"],"picked":"Defragment","floor":5.0},{"not_picked":["Scrape","Skim"],"picked":"Electrodynamics","floor":6.0},{"not_picked":["Storm","Barrage"],"picked":"Chill","floor":11.0},{"not_picked":["Steam","Redo","Leap"],"picked":"SKIP","floor":12.0},{"not_picked":["Seek","Creative AI"],"picked":"Biased Cognition","floor":16.0},{"not_picked":["Beam Cell","Auto Shields"],"picked":"Hologram","floor":18.0},{"not_picked":["Leap","Machine Learning"],"picked":"Steam","floor":19.0},{"not_picked":["Streamline","Hologram","Sweeping Beam"],"picked":"SKIP","floor":21.0},{"not_picked":["Storm","Coolheaded"],"picked":"Compile Driver","floor":23.0},{"not_picked":["Beam Cell","Gash"],"picked":"Reinforced Body","floor":24.0},{"not_picked":["Compile Driver+1","Barrage","Stack"],"picked":"SKIP","floor":25.0},{"not_picked":["Reinforced Body","Scrape+1","Coolheaded"],"picked":"SKIP","floor":27.0},{"not_picked":["Reprogram","Turbo"],"picked":"Compile Driver+1","floor":28.0},{"not_picked":["Barrage+1","Ball Lightning+1"],"picked":"Fission","floor":29.0},{"not_picked":["Sweeping Beam+1","Gash+1"],"picked":"Blizzard+1","floor":30.0},{"not_picked":["Fission","Thunder Strike+1"],"picked":"Creative AI","floor":33.0},{"not_picked":["Gash+1","Sunder+1","Aggregate+1"],"picked":"SKIP","floor":35.0},{"not_picked":["Barrage+1","Stack","Hologram"],"picked":"SKIP","floor":36.0},{"not_picked":["Double Energy","Rebound+1"],"picked":"Go for the Eyes+1","floor":39.0},{"not_picked":["Go for the Eyes+1","Heatsinks"],"picked":"Tempest+1","floor":40.0},{"not_picked":["Beam Cell+1","Ball Lightning+1","Chaos"],"picked":"SKIP","floor":47.0}],"player_experience":1938816,"relics_obtained":[{"floor":6.0,"key":"Oddly Smooth Stone"},{"floor":9.0,"key":"Sundial"},{"floor":11.0,"key":"Vajra"},{"floor":23.0,"key":"Du-Vu Doll"},{"floor":23.0,"key":"Blood Vial"},{"floor":25.0,"key":"Mummified Hand"},{"floor":25.0,"key":"Bottled Flame"},{"floor":26.0,"key":"Molten Egg 2"},{"floor":27.0,"key":"Whetstone"},{"floor":27.0,"key":"War Paint"},{"floor":29.0,"key":"Juzu Bracelet"},{"floor":29.0,"key":"Orichalcum"},{"floor":38.0,"key":"Blue Candle"},{"floor":39.0,"key":"WingedGreaves"},{"floor":40.0,"key":"Bag of Preparation"},{"floor":40.0,"key":"FossilizedHelix"}],"event_choices":[{"damage_healed":0.0,"max_hp_gain":0.0,"max_hp_loss":0.0,"gold_gain":0.0,"event_name":"Shining Light","player_choice":"Entered Light","floor":4.0,"gold_loss":0.0,"damage_taken":23.0,"cards_upgraded":["Defend_B","Static Discharge"]},{"damage_healed":19.0,"max_hp_gain":0.0,"max_hp_loss":0.0,"gold_gain":0.0,"event_name":"The Cleric","player_choice":"Healed","floor":7.0,"gold_loss":35.0,"damage_taken":0.0},{"damage_healed":0.0,"max_hp_gain":0.0,"max_hp_loss":0.0,"gold_gain":0.0,"event_name":"Upgrade Shrine","player_choice":"Upgraded","floor":14.0,"gold_loss":0.0,"damage_taken":0.0,"cards_upgraded":["Zap"]},{"damage_healed":0.0,"max_hp_gain":0.0,"max_hp_loss":0.0,"gold_gain":0.0,"event_name":"Match and Keep!","player_choice":"0 cards matched","floor":22.0,"gold_loss":0.0,"damage_taken":0.0,"cards_obtained":[]},{"damage_healed":0.0,"max_hp_gain":0.0,"max_hp_loss":0.0,"gold_gain":0.0,"cards_transformed":["Strike_B","Strike_B"],"event_name":"Drug Dealer","player_choice":"Became Test Subject","floor":31.0,"gold_loss":0.0,"damage_taken":0.0,"cards_obtained":["Genetic Algorithm","Sunder"]},{"damage_healed":0.0,"max_hp_gain":0.0,"max_hp_loss":0.0,"gold_gain":999.0,"event_name":"MindBloom","player_choice":"Gold","floor":37.0,"gold_loss":0.0,"damage_taken":0.0,"cards_obtained":["Normality","Normality"]},{"damage_healed":0.0,"max_hp_gain":0.0,"max_hp_loss":0.0,"gold_gain":0.0,"event_name":"Mysterious Sphere","player_choice":"Fight","floor":39.0,"gold_loss":0.0,"damage_taken":0.0},{"damage_healed":0.0,"max_hp_gain":0.0,"max_hp_loss":0.0,"gold_gain":0.0,"cards_transformed":["Strike_B"],"event_name":"Transmorgrifier","player_choice":"Transformed","floor":45.0,"gold_loss":0.0,"damage_taken":0.0,"cards_obtained":["Biased Cognition"]}],"is_beta":true,"boss_relics":[{"not_picked":["Nuclear Battery","Orrery"],"picked":"Black Star"},{"not_picked":["Astrolabe","Runic Pyramid"],"picked":"Snecko Eye"}],"items_purged_floors":[42,44],"is_endless":false,"potions_floor_spawned":[3,5,16,18,23,27,28,33,39,40],"ascension_level":15}