{"gold_per_floor":[114,126,126,136,9,9,9,22,22,40,40,55,8,28,28,133,133,153,21,21,88,138,168,178,178,203,267,267,277,294,61,61,156,156,172,222,272,322,387,387],"floor_reached":40,"playtime":2877,"items_purged":["Pain"],"score":425,"play_id":"ea1a1364-0e7e-4f8e-bac3-f916302e6826","local_time":"20190313225107","is_ascension_mode":false,"campfire_choices":[{"data":"Redo","floor":6,"key":"SMITH"},{"floor":15,"key":"REST"},{"data":"Chaos","floor":25,"key":"SMITH"},{"floor":28,"key":"REST"},{"floor":32,"key":"REST"}],"neow_cost":"CURSE","seed_source_timestamp":11771203240534,"circlet_count":0,"master_deck":["Strike_B","Strike_B","Strike_B","Defend_B","Defend_B","Defend_B","Defend_B","Zap","Dualcast","Writhe","Electrodynamics","Rebound","Cold Snap","Redo+1","Redo","Darkness","Melter","Conserve Battery","Chaos+1","Ball Lightning","Electrodynamics+1","Biased Cognition+1","Darkness","Defragment+1","Go for the Eyes","Rebound","Defragment+1","Genetic Algorithm","FTL","Self Repair+1","All For One","Lockon","Hello World+1","Jack Of All Trades","Streamline","Compile Driver","Conserve Battery","Rainbow","Conserve Battery+1","Dramatic Entrance","Good Instincts","Panacea+1","Ball Lightning"],"relics":["FrozenCore","WarpedTongs","Frozen Egg 2","SsserpentHead","Strawberry","Happy Flower","Nuclear Battery"],"potions_floor_usage":[16,16,23,23,23,33,40,40],"damage_taken":[{"damage":11,"enemies":"Jaw Worm","floor":1,"turns":2},{"damage":6,"enemies":"Cultist","floor":2,"turns":3},{"damage":3,"enemies":"2 Louse","floor":4,"turns":2},{"damage":8,"enemies":"Red Slaver","floor":8,"turns":2},{"damage":3,"enemies":"3 Louse","floor":10,"turns":2},{"damage":10,"enemies":"Looter","floor":12,"turns":2},{"damage":28,"enemies":"Gremlin Gang","floor":14,"turns":3},{"damage":21,"enemies":"The Guardian","floor":16,"turns":8},{"damage":5,"enemies":"3 Byrds","floor":18,"turns":6},{"damage":3,"enemies":"Shell Parasite","floor":21,"turns":3},{"damage":39,"enemies":"Gremlin Leader","floor":23,"turns":4},{"damage":0,"enemies":"Snecko","floor":24,"turns":3},{"damage":21,"enemies":"Cultist and Chosen","floor":27,"turns":5},{"damage":31,"enemies":"Shelled Parasite and Fungi","floor":29,"turns":4},{"damage":16,"enemies":"Chosen and Byrds","floor":30,"turns":4},{"damage":8,"enemies":"Champ","floor":33,"turns":9},{"damage":7,"enemies":"Orb Walker","floor":35,"turns":4},{"damage":16,"enemies":"3 Darklings","floor":39,"turns":4},{"damage":56,"enemies":"Giant Head","floor":40,"turns":6}],"seed_played":"-7826610508471978278","potions_obtained":[{"floor":4,"key":"Swift Potion"},{"floor":12,"key":"FocusPotion"},{"floor":18,"key":"Regen Potion"},{"floor":21,"key":"FearPotion"},{"floor":22,"key":"Explosive Potion"},{"floor":29,"key":"SmokeBomb"},{"floor":30,"key":"Poison Potion"},{"floor":35,"key":"SpeedPotion"},{"floor":39,"key":"FearPotion"}],"is_trial":false,"path_per_floor":["M","M","?","M","$","R","$","M","T","M","?","M","$","M","R","B",null,"M","$","?","M","?","E","M","R","T","M","R","M","M","$","R","B",null,"M","?","?","?","M","E"],"character_chosen":"DEFECT","items_purchased":["Redo","Ball Lightning","Defragment+1","Go for the Eyes","Rebound","Hello World+1","Jack Of All Trades","Streamline","Compile Driver","Conserve Battery"],"campfire_rested":3,"item_purchase_floors":[5,13,19,19,19,31,31,31,31,31],"current_hp_per_floor":[64,58,58,55,55,55,55,47,47,44,44,34,34,6,28,7,75,70,70,70,67,67,44,44,44,44,23,47,26,10,10,34,26,82,75,75,65,65,49,0],"gold":387,"neow_bonus":"THREE_RARE_CARDS","is_prod":false,"is_daily":false,"chose_seed":false,"campfire_upgraded":2,"win_rate":0.0,"timestamp":1552542667,"path_taken":["M","M","?","M","$","R","?","M","T","M","?","?","$","M","R","BOSS","M","$","?","?","?","E","M","R","T","?","R","M","M","?","R","BOSS","M","?","?","?","?","E"],"build_version":"2019-01-23","purchased_purges":1,"victory":false,"max_hp_per_floor":[75,75,75,75,75,75,75,75,75,75,75,75,75,75,75,75,75,75,75,75,75,75,82,82,82,82,82,82,82,82,82,82,82,82,82,82,82,82,82,82],"card_choices":[{"not_picked":["Fission","Thunder Strike"],"picked":"Electrodynamics","floor":0},{"not_picked":["Leap","Melter"],"picked":"Rebound","floor":1},{"not_picked":["Leap","Compile Driver"],"picked":"Cold Snap","floor":2},{"not_picked":["Leap","Cold Snap"],"picked":"Redo","floor":4},{"not_picked":["Cold Snap","Gash"],"picked":"Darkness","floor":8},{"not_picked":["Rip and Tear","Leap"],"picked":"Melter","floor":10},{"not_picked":["Sweeping Beam","Ball Lightning"],"picked":"Chaos","floor":12},{"not_picked":["Rip and Tear","Double Energy"],"picked":"Electrodynamics+1","floor":14},{"not_picked":["Amplify","Electrodynamics+1"],"picked":"Biased Cognition+1","floor":16},{"not_picked":["Sweeping Beam+1","Leap"],"picked":"Darkness","floor":18},{"not_picked":["BootSequence","Self Repair+1"],"picked":"Defragment+1","floor":21},{"not_picked":["Beam Cell","Streamline"],"picked":"Genetic Algorithm","floor":23},{"not_picked":["Leap","Reprogram"],"picked":"FTL","floor":24},{"not_picked":["Steam","Scrape"],"picked":"Self Repair+1","floor":27},{"not_picked":["Barrage+1","Gash+1"],"picked":"All For One","floor":29},{"not_picked":["Hologram","Redo+1"],"picked":"Lockon","floor":30},{"not_picked":["Seek","Reboot"],"picked":"Rainbow","floor":33},{"not_picked":["Leap","Hello World+1"],"picked":"Conserve Battery+1","floor":35},{"not_picked":["PanicButton","Purity"],"picked":"Dramatic Entrance","floor":37},{"not_picked":["Purity","Dramatic Entrance"],"picked":"Good Instincts","floor":37},{"not_picked":["HandOfGreed","Dark Shackles"],"picked":"Panacea","floor":37},{"not_picked":["Hologram+1","Double Energy+1"],"picked":"Ball Lightning","floor":39}],"player_experience":60210,"relics_obtained":[{"floor":9,"key":"Frozen Egg 2"},{"floor":23,"key":"Strawberry"},{"floor":26,"key":"Happy Flower"}],"event_choices":[{"damage_healed":0,"gold_gain":0,"player_choice":"Rummage","damage_taken":0,"relics_obtained":["WarpedTongs"],"max_hp_gain":0,"max_hp_loss":0,"event_name":"Accursed Blacksmith","floor":3,"gold_loss":0,"cards_obtained":["Pain"]},{"damage_healed":0,"gold_gain":0,"player_choice":"1 cards matched","damage_taken":0,"max_hp_gain":0,"max_hp_loss":0,"event_name":"Match and Keep!","floor":11,"gold_loss":0,"cards_obtained":["Conserve Battery"]},{"damage_healed":0,"gold_gain":0,"player_choice":"Trade","damage_taken":0,"relics_obtained":["SsserpentHead"],"max_hp_gain":0,"max_hp_loss":0,"event_name":"FaceTrader","floor":20,"gold_loss":0},{"damage_healed":0,"gold_gain":0,"player_choice":"Got Potions","damage_taken":0,"max_hp_gain":0,"max_hp_loss":0,"event_name":"Lab","floor":22,"gold_loss":0},{"cards_removed":["Strike_B"],"damage_healed":0,"gold_gain":0,"player_choice":"Removed Attack","damage_taken":0,"max_hp_gain":0,"max_hp_loss":0,"event_name":"Falling","floor":36,"gold_loss":0},{"damage_healed":0,"gold_gain":0,"player_choice":"Memory 3","damage_taken":10,"max_hp_gain":0,"max_hp_loss":0,"event_name":"SensoryStone","floor":37,"gold_loss":0},{"damage_healed":0,"gold_gain":0,"player_choice":"Upgraded","damage_taken":0,"max_hp_gain":0,"max_hp_loss":0,"event_name":"Upgrade Shrine","floor":38,"gold_loss":0,"cards_upgraded":["Panacea"]}],"is_beta":false,"boss_relics":[{"not_picked":["Cursed Key","Philosopher\u0027s Stone"],"picked":"FrozenCore"},{"not_picked":["Eternal Feather","White Beast Statue"],"picked":"Nuclear Battery"}],"items_purged_floors":[5],"is_endless":false,"potions_floor_spawned":[4,12,18,21,29,30,35,39],"killed_by":"Giant Head","ascension_level":0}