{"gold_per_floor":[118,118,0,20,20,51,51,71,98,113,113,124,124,149,149,226,226,213,233,243,343,362,389,439,439,439,453,122,147,147,31,31,110,110,123,123,137,69,81,111,72,72,72,4,23,23,51,68,68,68,68,68,17,52,52],"floor_reached":56,"playtime":3032,"items_purged":["Strike_G"],"score":1928,"play_id":"f4e662e0-a476-4d41-ab11-3e76aa3949b1","local_time":"20190221232100","is_ascension_mode":true,"campfire_choices":[{"data":"Strike_G","floor":11,"key":"PURGE"},{"floor":15,"key":"REST"},{"floor":25,"key":"REST"},{"floor":32,"key":"REST"},{"floor":42,"key":"RECALL"},{"data":"Parasite","floor":46,"key":"PURGE"},{"floor":49,"key":"REST"},{"data":"Strike_G","floor":52,"key":"PURGE"}],"neow_cost":"NONE","seed_source_timestamp":380376140204685,"circlet_count":0,"master_deck":["AscendersBane","Defend_G","Defend_G","Defend_G","Defend_G","Defend_G","Strike_G","Survivor","Neutralize","Predator","Footwork","Dagger Spray","Noxious Fumes","PiercingWail","Adrenaline","Dash","Wraith Form v2+1","Accuracy+1","Footwork+1","Footwork+1","Bouncing Flask","Cloak And Dagger+1","Backflip+1","Apotheosis+1","Well Laid Plans+1","Infinite Blades+1","Dodge and Roll+1","Calculated Gamble+1","Wraith Form v2+1","Cloak And Dagger+1","PiercingWail+1","Blur+1","Dodge and Roll+1","Night Terror+1","Leg Sweep+1","Noxious Fumes+1","Cloak And Dagger+1","PiercingWail+1","Acrobatics+1"],"relics":["Fusion Hammer","Centennial Puzzle","Peace Pipe","Bag of Marbles","Frozen Egg 2","Ninja Scroll","WristBlade","WingedGreaves","Paper Crane","Toxic Egg 2","Darkstone Periapt","Shuriken","Lizard Tail","Mercury Hourglass","Pear","Tough Bandages","Vajra"],"potions_floor_usage":[6,19,21,23,29,39,40,55,55],"damage_taken":[{"damage":0,"enemies":"Cultist","floor":1,"turns":5},{"damage":0,"enemies":"Small Slimes","floor":4,"turns":3},{"damage":11,"enemies":"Lagavulin","floor":6,"turns":6},{"damage":9,"enemies":"Jaw Worm","floor":8,"turns":2},{"damage":6,"enemies":"Exordium Thugs","floor":10,"turns":5},{"damage":0,"enemies":"Looter","floor":12,"turns":4},{"damage":10,"enemies":"3 Sentries","floor":14,"turns":7},{"damage":2,"enemies":"The Guardian","floor":16,"turns":12},{"damage":1,"enemies":"2 Thieves","floor":18,"turns":4},{"damage":6,"enemies":"Spheric Guardian","floor":19,"turns":6},{"damage":4,"enemies":"Cultist and Chosen","floor":20,"turns":7},{"damage":2,"enemies":"Colosseum Slavers","floor":21,"turns":5},{"damage":0,"enemies":"Colosseum Nobs","floor":21,"turns":4},{"damage":1,"enemies":"3 Cultists","floor":22,"turns":6},{"damage":24,"enemies":"Gremlin Leader","floor":23,"turns":12},{"damage":1,"enemies":"Centurion and Healer","floor":27,"turns":4},{"damage":10,"enemies":"Book of Stabbing","floor":29,"turns":7},{"damage":12,"enemies":"Collector","floor":33,"turns":8},{"damage":1,"enemies":"3 Shapes","floor":35,"turns":4},{"damage":10,"enemies":"3 Darklings","floor":37,"turns":6},{"damage":0,"enemies":"Transient","floor":39,"turns":5},{"damage":7,"enemies":"Reptomancer","floor":40,"turns":8},{"damage":4,"enemies":"Writhing Mass","floor":45,"turns":10},{"damage":9,"enemies":"Nemesis","floor":47,"turns":7},{"damage":0,"enemies":"Jaw Worm Horde","floor":48,"turns":5},{"damage":7,"enemies":"Time Eater","floor":50,"turns":14},{"damage":7,"enemies":"Shield and Spear","floor":54,"turns":8},{"damage":66,"enemies":"The Heart","floor":55,"turns":13}],"seed_played":"-1034503649923848599","potions_obtained":[{"floor":1,"key":"FearPotion"},{"floor":8,"key":"GamblersBrew"},{"floor":14,"key":"Swift Potion"},{"floor":20,"key":"Strength Potion"},{"floor":21,"key":"LiquidBronze"},{"floor":22,"key":"Fire Potion"},{"floor":23,"key":"Regen Potion"},{"floor":35,"key":"Explosive Potion"},{"floor":40,"key":"Fire Potion"},{"floor":48,"key":"FearPotion"}],"is_trial":false,"path_per_floor":["M","?","$","M","?","E","?","M","T","M","R","M","T","E","R","B",null,"M","M","M","?","M","E","?","R","T","M","$","E","T","$","R","B",null,"M","?","M","$","M","E","$","R","T","$","M","R","E","M","R","B",null,"R","$","E","B",null],"character_chosen":"THE_SILENT","items_purchased":["Footwork","Dagger Spray","Apotheosis+1","Well Laid Plans+1","Dodge and Roll+1","Calculated Gamble+1","Blur+1","Leg Sweep+1","Noxious Fumes+1","SpeedPotion"],"campfire_rested":4,"item_purchase_floors":[3,3,28,28,31,31,38,41,44,53],"current_hp_per_floor":[59,64,64,64,53,42,42,33,33,27,27,27,27,17,38,36,62,61,55,51,49,48,24,24,45,45,44,44,48,48,48,69,57,68,67,67,57,57,57,50,50,50,60,60,62,62,53,53,78,71,81,81,81,74,8],"gold":52,"neow_bonus":"BOSS_RELIC","is_prod":false,"is_daily":false,"chose_seed":false,"campfire_upgraded":0,"win_rate":0,"timestamp":1550809260,"path_taken":["M","?","$","M","?","E","?","M","T","M","R","?","?","E","R","BOSS","M","M","M","?","M","E","?","R","T","M","$","E","?","$","R","BOSS","M","?","?","?","M","E","$","R","T","$","M","R","E","M","R","BOSS","R","$","E","BOSS"],"build_version":"2019-02-06","purchased_purges":1,"victory":true,"max_hp_per_floor":[66,71,71,71,71,71,71,71,71,71,71,71,71,71,71,71,71,71,71,71,71,71,71,71,71,71,71,71,71,71,71,71,71,71,71,71,71,71,71,71,71,71,81,81,87,84,84,84,84,84,84,84,84,84,84],"card_choices":[{"not_picked":["Eviscerate","Riddle With Holes"],"picked":"Predator","floor":1},{"not_picked":["Underhanded Strike","Poisoned Stab","Outmaneuver"],"picked":"SKIP","floor":4},{"not_picked":["Bane","Heel Hook","Noxious Fumes"],"picked":"SKIP","floor":6},{"not_picked":["Bane","Heel Hook"],"picked":"Noxious Fumes","floor":6},{"not_picked":["Blade Dance","Reflex"],"picked":"PiercingWail","floor":8},{"not_picked":["Poisoned Stab","PiercingWail"],"picked":"Adrenaline","floor":10},{"not_picked":["Dagger Spray","Accuracy","Cloak And Dagger"],"picked":"SKIP","floor":12},{"not_picked":["Heel Hook","PiercingWail"],"picked":"Dash","floor":14},{"not_picked":["Doppelganger","Glass Knife"],"picked":"Wraith Form v2+1","floor":16},{"not_picked":["Sucker Punch","Poisoned Stab"],"picked":"Accuracy+1","floor":18},{"not_picked":["Dash","Cloak And Dagger"],"picked":"Footwork+1","floor":19},{"not_picked":["Poisoned Stab","Slice"],"picked":"Footwork+1","floor":20},{"not_picked":["Reflex","Acrobatics"],"picked":"Bouncing Flask","floor":21},{"not_picked":["Acrobatics","Blade Dance","Escape Plan"],"picked":"SKIP","floor":22},{"not_picked":["Dagger Throw","Venomology"],"picked":"Cloak And Dagger","floor":23},{"not_picked":["Slice","Dagger Spray"],"picked":"Backflip+1","floor":27},{"not_picked":["Eviscerate","Skewer"],"picked":"Infinite Blades+1","floor":29},{"not_picked":["Bullet Time+1","Night Terror+1"],"picked":"Wraith Form v2+1","floor":33},{"not_picked":["Terror+1","Setup+1"],"picked":"Cloak And Dagger+1","floor":35},{"not_picked":["Distraction+1","Acrobatics+1"],"picked":"PiercingWail+1","floor":37},{"not_picked":["Tactician+1","Outmaneuver+1"],"picked":"Dodge and Roll+1","floor":39},{"not_picked":["Outmaneuver+1","Acrobatics+1"],"picked":"Night Terror+1","floor":40},{"not_picked":["Dagger Spray","Flying Knee"],"picked":"Cloak And Dagger+1","floor":45},{"not_picked":["Predator","Sucker Punch"],"picked":"PiercingWail+1","floor":47},{"not_picked":["Underhanded Strike","Dagger Throw","Poisoned Stab"],"picked":"SKIP","floor":48},{"not_picked":["Distraction+1","Flechettes+1"],"picked":"Acrobatics+1","floor":54}],"player_experience":2013037,"relics_obtained":[{"floor":6,"key":"Peace Pipe"},{"floor":9,"key":"Bag of Marbles"},{"floor":13,"key":"Frozen Egg 2"},{"floor":14,"key":"Ninja Scroll"},{"floor":21,"key":"WingedGreaves"},{"floor":21,"key":"Paper Crane"},{"floor":23,"key":"Toxic Egg 2"},{"floor":29,"key":"Darkstone Periapt"},{"floor":30,"key":"Shuriken"},{"floor":40,"key":"Mercury Hourglass"},{"floor":43,"key":"Pear"},{"floor":47,"key":"Tough Bandages"},{"floor":54,"key":"Vajra"}],"event_choices":[{"damage_healed":0,"gold_gain":0,"player_choice":"Donut","damage_taken":0,"max_hp_gain":5,"max_hp_loss":0,"event_name":"Big Fish","floor":2,"gold_loss":0},{"damage_healed":0,"gold_gain":0,"player_choice":"Success","damage_taken":11,"relics_obtained":["Centennial Puzzle"],"max_hp_gain":0,"max_hp_loss":0,"event_name":"Scrap Ooze","floor":5,"gold_loss":0},{"damage_healed":0,"gold_gain":0,"player_choice":"Ignored","damage_taken":0,"max_hp_gain":0,"max_hp_loss":0,"event_name":"Golden Idol","floor":7,"gold_loss":0},{"damage_healed":0,"gold_gain":0,"player_choice":"Fight","damage_taken":0,"max_hp_gain":0,"max_hp_loss":0,"event_name":"Colosseum","floor":21,"gold_loss":0},{"damage_healed":0,"gold_gain":0,"player_choice":"Fought Nobs","damage_taken":0,"max_hp_gain":0,"max_hp_loss":0,"event_name":"Colosseum","floor":21,"gold_loss":0},{"damage_healed":0,"gold_gain":50,"player_choice":"Stole From Cult","damage_taken":0,"max_hp_gain":0,"max_hp_loss":0,"event_name":"Nest","floor":24,"gold_loss":0},{"cards_removed":["Strike_G"],"damage_healed":0,"gold_gain":0,"player_choice":"Offered Basic","damage_taken":0,"max_hp_gain":0,"max_hp_loss":0,"event_name":"Bonfire Elementals","floor":36,"gold_loss":0}],"is_beta":true,"boss_relics":[{"not_picked":["Eternal Feather","HoveringKite"],"picked":"WristBlade"},{"not_picked":["Empty Cage","Runic Pyramid"],"picked":"Lizard Tail"}],"items_purged_floors":[28],"is_endless":false,"potions_floor_spawned":[1,8,14,18,20,21,22,23,35,40,48],"ascension_level":15}