{"gold_per_floor":[118,71,81,81,3,3,38,58,58,86,86,96,156,166,166,245,245,265,277,163,163,0,0,18,18,41,41,41,53,53,53,53,130,130,147,164,164,29,29,56,56,73,73,73,92,92,92,112,112,112,112,112,36,64,64],"floor_reached":56,"playtime":2281,"items_purged":["Strike_R","Strike_R+1"],"score":1920,"play_id":"be46f96c-5229-4540-a7c8-e03c666f8855","local_time":"20190203141958","is_ascension_mode":true,"campfire_choices":[{"data":"Uppercut","floor":6,"key":"SMITH"},{"data":"Spot Weakness","floor":11,"key":"SMITH"},{"data":"Shockwave","floor":15,"key":"SMITH"},{"data":"Armaments","floor":23,"key":"SMITH"},{"data":"Disarm","floor":25,"key":"SMITH"},{"floor":32,"key":"REST"},{"floor":41,"key":"RECALL"},{"data":"Madness","floor":47,"key":"SMITH"},{"data":"Rampage","floor":49,"key":"SMITH"},{"data":"Evolve","floor":52,"key":"SMITH"}],"neow_cost":"NONE","seed_source_timestamp":2176934188155924,"circlet_count":0,"master_deck":["AscendersBane","Strike_R+1","Defend_R+1","Defend_R+1","Defend_R+1","Defend_R+1","Bash","Disarm+1","Shrug It Off","Clothesline","Uppercut+1","Spot Weakness+1","Sword Boomerang","Shrug It Off","Shockwave+1","Armaments+1","Rampage+1","True Grit+1","Offering","Evolve+1","Madness+1","Madness","Rage+1","Corruption","Headbutt"],"relics":["Burning Blood","NeowsBlessing","Turnip","Meat on the Bone","Happy Flower","Bottled Flame","Runic Pyramid","Pen Nib","Bag of Preparation","Busted Crown","Incense Burner","Self Forming Clay","Vajra"],"potions_floor_usage":[13,16,33,33,55],"damage_taken":[{"damage":0,"enemies":"2 Louse","floor":1,"turns":1},{"damage":0,"enemies":"Jaw Worm","floor":3,"turns":1},{"damage":0,"enemies":"Gremlin Nob","floor":7,"turns":1},{"damage":7,"enemies":"Small Slimes","floor":8,"turns":3},{"damage":40,"enemies":"3 Sentries","floor":10,"turns":9},{"damage":5,"enemies":"2 Fungi Beasts","floor":12,"turns":5},{"damage":20,"enemies":"Gremlin Nob","floor":13,"turns":4},{"damage":18,"enemies":"3 Louse","floor":14,"turns":3},{"damage":44,"enemies":"Slime Boss","floor":16,"turns":13},{"damage":25,"enemies":"3 Byrds","floor":18,"turns":7},{"damage":11,"enemies":"Shell Parasite","floor":19,"turns":7},{"damage":35,"enemies":"Shelled Parasite and Fungi","floor":24,"turns":6},{"damage":2,"enemies":"Snake Plant","floor":29,"turns":5},{"damage":73,"enemies":"Automaton","floor":33,"turns":16},{"damage":1,"enemies":"Orb Walker","floor":35,"turns":4},{"damage":0,"enemies":"3 Shapes","floor":36,"turns":8},{"damage":66,"enemies":"Reptomancer","floor":40,"turns":12},{"damage":4,"enemies":"Sphere and 2 Shapes","floor":42,"turns":8},{"damage":6,"enemies":"Spire Growth","floor":45,"turns":4},{"damage":4,"enemies":"Transient","floor":48,"turns":5},{"damage":21,"enemies":"Awakened One","floor":50,"turns":11},{"damage":14,"enemies":"Shield and Spear","floor":54,"turns":6},{"damage":61,"enemies":"The Heart","floor":55,"turns":11}],"seed_played":"308621514243264043","potions_obtained":[{"floor":3,"key":"Swift Potion"},{"floor":8,"key":"LiquidBronze"},{"floor":12,"key":"Fire Potion"},{"floor":16,"key":"Strength Potion"},{"floor":18,"key":"BloodPotion"},{"floor":42,"key":"FearPotion"},{"floor":48,"key":"FearPotion"}],"is_trial":false,"path_per_floor":["M","$","M","?","$","R","E","M","T","E","R","M","?","M","R","B",null,"M","M","$","?","?","R","M","R","T","?","?","M","?","T","R","B",null,"M","M","?","$","?","E","R","M","T","T","M","?","R","M","R","B",null,"R","$","E","B",null],"character_chosen":"IRONCLAD","items_purchased":["Shrug It Off","Uppercut","Rampage","Evolve","Corruption"],"campfire_rested":1,"item_purchase_floors":[2,5,20,38,53],"current_hp_per_floor":[74,74,75,68,68,68,74,73,73,51,51,52,50,50,50,24,62,46,56,56,56,56,56,43,43,43,43,43,51,51,51,77,34,78,87,97,97,97,79,35,35,53,53,53,69,123,123,123,123,108,119,119,119,111,68],"gold":64,"neow_bonus":"THREE_ENEMY_KILL","is_prod":false,"is_daily":false,"chose_seed":false,"campfire_upgraded":8,"win_rate":0,"timestamp":1549221598,"path_taken":["M","$","M","?","$","R","E","M","T","E","R","M","?","?","R","BOSS","M","M","$","?","?","R","M","R","T","?","?","M","?","?","R","BOSS","M","M","?","$","?","E","R","M","T","?","?","?","R","?","R","BOSS","R","$","E","BOSS"],"build_version":"2019-01-23","purchased_purges":2,"victory":true,"max_hp_per_floor":[75,75,75,75,75,75,75,75,75,75,75,75,75,75,75,75,75,78,81,81,81,81,81,85,85,85,85,85,89,89,89,89,93,93,97,101,101,101,101,105,105,109,109,109,113,123,123,123,123,123,123,123,123,123,123],"card_choices":[{"not_picked":["Flex","Warcry"],"picked":"Disarm","floor":1},{"not_picked":["Iron Wave","True Grit"],"picked":"Clothesline","floor":3},{"not_picked":["Burning Pact","Heavy Blade"],"picked":"Spot Weakness","floor":7},{"not_picked":["Clash","Power Through","Wild Strike"],"picked":"SKIP","floor":8},{"not_picked":["Intimidate","Metallicize"],"picked":"Sword Boomerang","floor":10},{"not_picked":["Iron Wave","Heavy Blade"],"picked":"Shrug It Off","floor":12},{"not_picked":["Brutality","Entrench"],"picked":"Shockwave","floor":13},{"not_picked":["Anger","Body Slam","Havoc"],"picked":"SKIP","floor":14},{"not_picked":["Fiend Fire","Offering"],"picked":"Feed","floor":16},{"not_picked":["Cleave","Disarm"],"picked":"Armaments","floor":18},{"not_picked":["Flex","Clash","Battle Trance"],"picked":"SKIP","floor":19},{"not_picked":["Thunderclap","Ghostly Armor"],"picked":"True Grit+1","floor":24},{"not_picked":["Second Wind","Wild Strike","Heavy Blade"],"picked":"SKIP","floor":29},{"not_picked":["Immolate","Berserk"],"picked":"Offering","floor":33},{"not_picked":["Dropkick"],"picked":"SKIP","floor":35},{"not_picked":["Havoc"],"picked":"SKIP","floor":36},{"not_picked":[],"picked":"Rage+1","floor":40},{"not_picked":["Armaments"],"picked":"SKIP","floor":42},{"not_picked":["Sword Boomerang"],"picked":"SKIP","floor":45},{"not_picked":["Armaments+1"],"picked":"SKIP","floor":48},{"not_picked":[],"picked":"Headbutt","floor":54}],"player_experience":1933766,"relics_obtained":[{"floor":7,"key":"Turnip"},{"floor":9,"key":"Meat on the Bone"},{"floor":10,"key":"Happy Flower"},{"floor":13,"key":"Bottled Flame"},{"floor":26,"key":"Pen Nib"},{"floor":31,"key":"Bag of Preparation"},{"floor":40,"key":"Incense Burner"},{"floor":44,"key":"Self Forming Clay"},{"floor":54,"key":"Vajra"}],"event_choices":[{"cards_removed":["Strike_R"],"damage_healed":0,"gold_gain":0,"player_choice":"Card Removal","damage_taken":7,"max_hp_gain":0,"max_hp_loss":0,"event_name":"Golden Wing","floor":4,"gold_loss":0},{"damage_healed":0,"gold_gain":30,"player_choice":"Searched \u00273\u0027 times","damage_taken":0,"max_hp_gain":0,"max_hp_loss":0,"event_name":"Dead Adventurer","floor":13,"gold_loss":0},{"damage_healed":0,"gold_gain":0,"player_choice":"Ignored","damage_taken":0,"max_hp_gain":0,"max_hp_loss":0,"event_name":"Vampires","floor":21,"gold_loss":0},{"damage_healed":0,"gold_gain":0,"player_choice":"Paid Fearfully","damage_taken":0,"max_hp_gain":0,"max_hp_loss":0,"event_name":"Masked Bandits","floor":22,"gold_loss":163},{"damage_healed":0,"gold_gain":0,"player_choice":"Ignored","damage_taken":0,"max_hp_gain":0,"max_hp_loss":0,"event_name":"Beggar","floor":28,"gold_loss":0},{"damage_healed":0,"gold_gain":0,"player_choice":"Simplicity","damage_taken":0,"max_hp_gain":0,"max_hp_loss":0,"event_name":"Back to Basics","floor":30,"gold_loss":0,"cards_upgraded":["Strike_R","Strike_R","Strike_R","Defend_R","Defend_R","Defend_R","Defend_R"]},{"cards_removed":["Strike_R"],"damage_healed":0,"gold_gain":0,"player_choice":"Removed Attack","damage_taken":0,"max_hp_gain":0,"max_hp_loss":0,"event_name":"Falling","floor":37,"gold_loss":0},{"damage_healed":0,"gold_gain":0,"player_choice":"Embrace Madness","damage_taken":18,"max_hp_gain":0,"max_hp_loss":0,"event_name":"Winding Halls","floor":39,"gold_loss":0,"cards_obtained":["Madness","Madness"]},{"cards_removed":["Feed"],"damage_healed":44,"gold_gain":0,"player_choice":"Offered Rare","damage_taken":0,"max_hp_gain":10,"max_hp_loss":0,"event_name":"Bonfire Elementals","floor":46,"gold_loss":0}],"is_beta":true,"boss_relics":[{"not_picked":["Black Blood","Orrery"],"picked":"Runic Pyramid"},{"not_picked":["Coffee Dripper","Lizard Tail"],"picked":"Busted Crown"}],"items_purged_floors":[20,38],"is_endless":false,"potions_floor_spawned":[3,8,10,12,16,18,19,29,42,48,54],"ascension_level":15}