{"path_per_floor":["M","?","M","$","?","R","?","E","T","R","M","R","T","M","R","B",null,"M","?","M","$","M","R","$","M","T","M","?","M","R"],"character_chosen":"IRONCLAD","items_purchased":["Dead Branch","Seeing Red"],"gold_per_floor":[111,111,128,128,88,88,88,114,185,185,203,203,230,250,250,354,354,373,373,388,4,22,22,22,35,35,48,48,64,64],"floor_reached":31,"campfire_rested":3,"playtime":2491,"current_hp_per_floor":[49,42,47,47,47,47,47,34,34,62,68,68,68,74,74,16,76,56,56,48,48,38,66,66,69,69,55,55,31,59],"items_purged":[],"gold":64,"score":319,"play_id":"33745f12-8d3b-41fe-8a09-487363c09d39","is_prod":false,"is_daily":false,"is_ascension_mode":true,"campfire_upgraded":3,"path_taken":["M","?","M","$","?","R","?","E","T","R","M","R","?","?","R","BOSS","M","?","?","?","?","R","$","M","T","?","?","M","R","E"],"build_version":"2018-02-08-PROD1","purchased_purges":0,"victory":false,"master_deck":["Strike_R","Strike_R","Strike_R","Strike_R","Defend_R","Defend_R","Defend_R","Bash","Armaments+1","Shockwave+1","Power Through","Heavy Blade","Evolve","Flex+1","Demon Form","Battle Trance","Battle Trance","Seeing Red","Bloodletting+1","Writhe","Shrug It Off"],"max_hp_per_floor":[96,96,96,96,96,96,96,96,96,96,96,96,96,96,96,96,96,96,96,96,96,96,96,96,96,96,96,96,96,96],"relics":["Burning Blood","Pantograph","Toolbox","Pen Nib","Cursed Key","Dead Branch","Dodecahedron"],"card_choices":[{"not_picked":["Bloodletting","Heavy Blade"],"picked":"Armaments"},{"not_picked":["Perfected Strike","Uppercut"],"picked":"Shockwave"},{"not_picked":["Evolve","Fiend Fire"],"picked":"Heavy Blade"},{"not_picked":["Body Slam","Power Through"],"picked":"Evolve"},{"not_picked":["Heavy Blade","Headbutt"],"picked":"Flex"},{"not_picked":["Exhume","Impervious"],"picked":"Demon Form"},{"not_picked":["Uppercut","Blood for Blood"],"picked":"Battle Trance"},{"not_picked":["Twin Strike","Spot Weakness"],"picked":"Bloodletting"},{"not_picked":["Wild Strike","Cleave"],"picked":"Shrug It Off"}],"player_experience":112758,"potions_floor_usage":[8,8,16,31,31,31],"damage_taken":[{"damage":5,"enemies":"Small Slimes","floor":1,"turns":3},{"damage":1,"enemies":"Cultist","floor":3,"turns":4},{"damage":34,"enemies":"3 Sentries","floor":8,"turns":14},{"damage":0,"enemies":"Jaw Worm","floor":11,"turns":3},{"damage":0,"enemies":"Large Slime","floor":14,"turns":9},{"damage":86,"enemies":"Hexaghost","floor":16,"turns":11},{"damage":26,"enemies":"Spheric Guardian","floor":18,"turns":6},{"damage":14,"enemies":"Shell Parasite","floor":20,"turns":5},{"damage":16,"enemies":"Snake Plant","floor":22,"turns":4},{"damage":3,"enemies":"Sentry and Sphere","floor":25,"turns":3},{"damage":20,"enemies":"Cultist and Chosen","floor":27,"turns":5},{"damage":30,"enemies":"3 Cultists","floor":29,"turns":7},{"damage":74,"enemies":"Gremlin Leader","floor":31,"turns":7}],"event_choices":[{"event_name":"Golden Wing","player_choice":"Card Removal","floor":2,"damage_taken":0},{"event_name":"The Woman in Blue","player_choice":"Bought 3 Potions","floor":5,"damage_taken":0},{"event_name":"Living Wall","player_choice":"Change","floor":7,"damage_taken":0},{"event_name":"The Library","player_choice":"Read","floor":19,"damage_taken":0},{"event_name":"Drug Dealer","player_choice":"Ignored","floor":28,"damage_taken":0}],"boss_relics":[{"not_picked":["Eternal Feather","Sozu"],"picked":"Cursed Key"}],"potions_floor_spawned":[3,11,14,16,18,29],"seed_played":"7749195721311546502","killed_by":"Gremlin Leader","ascension_level":5,"is_trial":false}