{"gold_per_floor":[111,111,186,196,196,196,229,229,229,229,250,250,250,285,285,376,376,395,395,413,413,50,91,91,114,114,114,138,178,199,214,214,307,307,326,5,71,71,71,71,86,120,120,161,186,23,48,11,11,11,11,11,11,44,44],"floor_reached":56,"playtime":2065,"items_purged":["Rupture","Strike_R+1"],"score":1964,"play_id":"8a7bacea-b9d3-4912-8050-a24eb457d41c","local_time":"20190127161403","is_ascension_mode":true,"campfire_choices":[{"data":"Pommel Strike","floor":6,"key":"SMITH"},{"data":"Clothesline","floor":8,"key":"SMITH"},{"data":"Bash","floor":10,"key":"SMITH"},{"data":"Twin Strike","floor":12,"key":"SMITH"},{"data":"Disarm","floor":15,"key":"SMITH"},{"floor":24,"key":"REST"},{"data":"Limit Break","floor":32,"key":"SMITH"},{"data":"Inflame","floor":40,"key":"SMITH"},{"floor":49,"key":"RECALL"},{"floor":52,"key":"REST"}],"neow_cost":"NONE","seed_source_timestamp":1579153862542847,"circlet_count":0,"master_deck":["AscendersBane","Strike_R+1","Strike_R+1","Defend_R+1","Defend_R+1","Defend_R+1","Defend_R+1","Bash+1","Clothesline+1","Pommel Strike+1","Limit Break+1","Twin Strike+1","Disarm+1","Inflame+1","Battle Trance","Evolve","Headbutt","Immolate+1","Shrug It Off+1","Battle Trance","Fiend Fire+1","Uppercut+1","Metallicize","Whirlwind+1","Offering","Disarm","Corruption","Dark Embrace","Power Through","Shockwave","Power Through","Parasite","Evolve","Inflame"],"relics":["Burning Blood","Golden Idol","Ornamental Fan","Blood Vial","Philosopher\u0027s Stone","Membership Card","Tiny Chest","Molten Egg 2","Mercury Hourglass","Calipers","Snecko Eye","Bag of Preparation","Ice Cream","Unceasing Top","Bird Faced Urn","Smiling Mask","Kunai","Vajra","Paper Frog","Strawberry"],"potions_floor_usage":[7,16,20,23,28,29,31,33,44,55,55],"damage_taken":[{"damage":5,"enemies":"Small Slimes","floor":1,"turns":3},{"damage":1,"enemies":"2 Louse","floor":4,"turns":3},{"damage":34,"enemies":"Gremlin Nob","floor":7,"turns":5},{"damage":4,"enemies":"Jaw Worm","floor":11,"turns":4},{"damage":21,"enemies":"Lagavulin","floor":14,"turns":6},{"damage":30,"enemies":"Slime Boss","floor":16,"turns":9},{"damage":2,"enemies":"Chosen","floor":18,"turns":5},{"damage":34,"enemies":"2 Thieves","floor":20,"turns":4},{"damage":34,"enemies":"Book of Stabbing","floor":23,"turns":4},{"damage":16,"enemies":"Snecko","floor":25,"turns":4},{"damage":0,"enemies":"Centurion and Healer","floor":28,"turns":4},{"damage":10,"enemies":"Gremlin Leader","floor":29,"turns":6},{"damage":16,"enemies":"Shelled Parasite and Fungi","floor":30,"turns":5},{"damage":5,"enemies":"3 Cultists","floor":31,"turns":5},{"damage":19,"enemies":"Champ","floor":33,"turns":7},{"damage":0,"enemies":"3 Shapes","floor":35,"turns":7},{"damage":10,"enemies":"2 Orb Walkers","floor":37,"turns":4},{"damage":6,"enemies":"3 Darklings","floor":41,"turns":2},{"damage":40,"enemies":"Reptomancer","floor":42,"turns":3},{"damage":20,"enemies":"Giant Head","floor":44,"turns":6},{"damage":6,"enemies":"Jaw Worm Horde","floor":45,"turns":4},{"damage":10,"enemies":"Writhing Mass","floor":47,"turns":7},{"damage":55,"enemies":"Awakened One","floor":50,"turns":12},{"damage":0,"enemies":"Shield and Spear","floor":54,"turns":3},{"damage":51,"enemies":"The Heart","floor":55,"turns":8}],"seed_played":"2787841198667138420","potions_obtained":[{"floor":4,"key":"Regen Potion"},{"floor":14,"key":"Strength Potion"},{"floor":16,"key":"SpeedPotion"},{"floor":18,"key":"Weak Potion"},{"floor":23,"key":"Fire Potion"},{"floor":29,"key":"FearPotion"},{"floor":30,"key":"PowerPotion"},{"floor":41,"key":"SteroidPotion"},{"floor":42,"key":"SkillPotion"},{"floor":54,"key":"SpeedPotion"}],"is_trial":false,"path_per_floor":["M","?","?","M","?","R","E","R","T","R","M","R","?","E","R","B",null,"M","?","M","?","$","E","R","M","T","?","M","E","M","M","R","B",null,"M","$","?","?","T","R","M","E","T","E","M","$","M","$","R","B",null,"R","$","E","B",null],"character_chosen":"IRONCLAD","items_purchased":["Membership Card","Evolve","Tiny Chest","Headbutt","Strength Potion","Bag of Preparation","Ice Cream","Disarm","Power Through","Paper Frog","Inflame"],"campfire_rested":2,"item_purchase_floors":[22,22,22,22,22,36,36,36,46,46,48],"current_hp_per_floor":[76,69,58,63,63,63,47,47,47,47,49,49,49,34,34,12,59,65,65,39,39,39,13,35,27,27,27,35,33,25,28,28,17,60,68,68,66,66,66,66,68,40,40,38,50,50,58,58,58,23,58,70,70,77,43],"gold":44,"neow_bonus":"TEN_PERCENT_HP_BONUS","is_prod":false,"is_daily":false,"chose_seed":false,"campfire_upgraded":7,"win_rate":0,"timestamp":1548623643,"path_taken":["M","?","?","M","?","R","E","R","T","R","?","R","?","E","R","BOSS","M","?","M","?","$","E","R","M","T","?","?","E","M","M","R","BOSS","M","$","?","?","?","R","M","E","T","E","?","$","M","$","R","BOSS","R","$","E","BOSS"],"build_version":"2019-01-23","purchased_purges":2,"victory":true,"max_hp_per_floor":[82,82,82,82,74,74,74,74,74,74,74,74,74,74,74,74,74,74,74,74,74,74,74,74,74,74,74,74,74,74,74,74,74,74,74,74,74,70,70,70,70,70,70,70,70,70,70,70,70,70,70,70,70,77,77],"card_choices":[{"not_picked":["Heavy Blade","Sword Boomerang"],"picked":"Clothesline","floor":1},{"not_picked":["Seeing Red","Burning Pact"],"picked":"Pommel Strike","floor":4},{"not_picked":["Clash","Rage"],"picked":"Limit Break","floor":7},{"not_picked":["Armaments","Feel No Pain"],"picked":"Twin Strike","floor":11},{"not_picked":["Limit Break","Thunderclap"],"picked":"Disarm","floor":14},{"not_picked":["Clothesline","Pommel Strike","Power Through"],"picked":"SKIP","floor":18},{"not_picked":["Dropkick","Body Slam"],"picked":"Battle Trance","floor":20},{"not_picked":["Infernal Blade","Seeing Red"],"picked":"Immolate","floor":23},{"not_picked":["Inflame","Clash+1"],"picked":"Shrug It Off+1","floor":25},{"not_picked":["Heavy Blade+1","Rampage+1"],"picked":"Uppercut+1","floor":28},{"not_picked":["Perfected Strike+1","Body Slam+1"],"picked":"Metallicize","floor":29},{"not_picked":["Cleave+1","Clothesline+1"],"picked":"Whirlwind+1","floor":30},{"not_picked":["Twin Strike+1","Rupture","Bludgeon+1"],"picked":"SKIP","floor":31},{"not_picked":["Bludgeon+1","Exhume"],"picked":"Offering","floor":33},{"not_picked":["Flex","Body Slam+1","Rupture"],"picked":"SKIP","floor":35},{"not_picked":["Thunderclap+1","Cleave+1"],"picked":"Corruption","floor":41},{"not_picked":["Body Slam+1","Twin Strike+1"],"picked":"Dark Embrace","floor":42},{"not_picked":["Sentinel+1","Body Slam+1"],"picked":"Power Through","floor":44},{"not_picked":["Flex","Fire Breathing"],"picked":"Shockwave","floor":45},{"not_picked":["Iron Wave+1","Havoc+1"],"picked":"Evolve","floor":47},{"not_picked":["Feed+1","Thunderclap+1","Searing Blow+1"],"picked":"SKIP","floor":54}],"player_experience":1894988,"relics_obtained":[{"floor":7,"key":"Ornamental Fan"},{"floor":14,"key":"Blood Vial"},{"floor":23,"key":"Molten Egg 2"},{"floor":26,"key":"Mercury Hourglass"},{"floor":29,"key":"Calipers"},{"floor":37,"key":"Unceasing Top"},{"floor":39,"key":"Bird Faced Urn"},{"floor":42,"key":"Smiling Mask"},{"floor":43,"key":"Kunai"},{"floor":44,"key":"Vajra"},{"floor":54,"key":"Strawberry"}],"event_choices":[{"cards_removed":["Strike_R"],"damage_healed":0,"gold_gain":0,"player_choice":"Card Removal","damage_taken":7,"max_hp_gain":0,"max_hp_loss":0,"event_name":"Golden Wing","floor":2,"gold_loss":0},{"damage_healed":0,"gold_gain":75,"player_choice":"Gather Gold","damage_taken":11,"max_hp_gain":0,"max_hp_loss":0,"event_name":"World of Goop","floor":3,"gold_loss":0},{"damage_healed":0,"gold_gain":0,"player_choice":"Lose Max HP","damage_taken":0,"relics_obtained":["Golden Idol"],"max_hp_gain":0,"max_hp_loss":8,"event_name":"Golden Idol","floor":5,"gold_loss":0},{"damage_healed":0,"gold_gain":0,"cards_transformed":["Strike_R"],"player_choice":"Transformed","damage_taken":0,"max_hp_gain":0,"max_hp_loss":0,"event_name":"Transmorgrifier","floor":13,"gold_loss":0,"cards_obtained":["Rupture"]},{"damage_healed":0,"gold_gain":0,"player_choice":"Read","damage_taken":0,"max_hp_gain":0,"max_hp_loss":0,"event_name":"The Library","floor":19,"gold_loss":0,"cards_obtained":["Inflame"]},{"damage_healed":0,"gold_gain":0,"player_choice":"Simplicity","damage_taken":0,"max_hp_gain":0,"max_hp_loss":0,"event_name":"Back to Basics","floor":21,"gold_loss":0,"cards_upgraded":["Strike_R","Strike_R","Strike_R","Defend_R","Defend_R","Defend_R","Defend_R"]},{"damage_healed":0,"gold_gain":0,"player_choice":"2 cards matched","damage_taken":0,"max_hp_gain":0,"max_hp_loss":0,"event_name":"Match and Keep!","floor":27,"gold_loss":0,"cards_obtained":["Battle Trance","Fiend Fire"]},{"damage_healed":0,"gold_gain":0,"player_choice":"Fight","damage_taken":0,"max_hp_gain":0,"max_hp_loss":0,"event_name":"Mysterious Sphere","floor":37,"gold_loss":0},{"damage_healed":0,"gold_gain":0,"player_choice":"Max HP","damage_taken":0,"max_hp_gain":0,"max_hp_loss":4,"event_name":"Winding Halls","floor":38,"gold_loss":0}],"is_beta":true,"boss_relics":[{"not_picked":["Mark of Pain","Black Blood"],"picked":"Philosopher\u0027s Stone"},{"not_picked":["Orrery","White Beast Statue"],"picked":"Snecko Eye"}],"items_purged_floors":[22,36],"is_endless":false,"potions_floor_spawned":[4,14,16,18,23,29,30,41,42,54],"ascension_level":15}