{"gold_per_floor":[114,126,126,126,142,173,187,6,33,33,33,45,58,68,68,166,216,232,197,213,263,326,351,351,32,32,82,82,93,103,153,153,153],"floor_reached":33,"playtime":2490,"items_purged":["Regret"],"score":319,"play_id":"bbb9b10e-607d-41e9-be7d-387bb6d8a2ce","local_time":"20190310215135","is_ascension_mode":false,"campfire_choices":[{"data":"Infernal Blade","floor":10,"key":"SMITH"},{"floor":15,"key":"REST"},{"floor":24,"key":"REST"},{"data":"Fire Breathing","floor":28,"key":"SMITH"},{"floor":32,"key":"REST"}],"neow_cost":"NONE","seed_source_timestamp":25670298348000,"circlet_count":0,"master_deck":["Strike_R","Strike_R+1","Strike_R+1","Strike_R","Strike_R","Defend_R","Defend_R","Defend_R","Defend_R","Bash","Shockwave","Infernal Blade+1","Armaments+1","Clash+1","Metallicize","Heavy Blade","Inflame","Cleave","Fire Breathing+1","Cleave","Headbutt","Double Tap","Uppercut","Warcry","Pommel Strike","Infernal Blade+1","Clash+1","Rampage","Whirlwind","Reckless Charge","Dark Shackles","Rage","Shrug It Off","Ghostly","Ghostly","Ghostly","Ghostly","Ghostly","Clash","Iron Wave"],"relics":["Burning Blood","Lantern","Whetstone","Bronze Scales","SsserpentHead","Tiny House","Ice Cream","Pantograph","Magic Flower","Enchiridion"],"potions_floor_usage":[22,23,23,33,33],"damage_taken":[{"damage":3,"enemies":"Small Slimes","floor":1,"turns":4},{"damage":4,"enemies":"Cultist","floor":2,"turns":3},{"damage":5,"enemies":"2 Louse","floor":5,"turns":3},{"damage":40,"enemies":"3 Sentries","floor":6,"turns":10},{"damage":4,"enemies":"2 Fungi Beasts","floor":7,"turns":2},{"damage":0,"enemies":"Large Slime","floor":12,"turns":4},{"damage":10,"enemies":"Lots of Slimes","floor":13,"turns":2},{"damage":18,"enemies":"Gremlin Gang","floor":14,"turns":4},{"damage":49,"enemies":"The Guardian","floor":16,"turns":8},{"damage":23,"enemies":"3 Byrds","floor":18,"turns":3},{"damage":19,"enemies":"Spheric Guardian","floor":20,"turns":4},{"damage":5,"enemies":"Cultist and Chosen","floor":22,"turns":4},{"damage":30,"enemies":"Slavers","floor":23,"turns":4},{"damage":12,"enemies":"Snecko","floor":29,"turns":4},{"damage":15,"enemies":"3 Cultists","floor":30,"turns":5},{"damage":48,"enemies":"Automaton","floor":33,"turns":6}],"seed_played":"2645638058715011927","potions_obtained":[{"floor":2,"key":"AttackPotion"},{"floor":5,"key":"Weak Potion"},{"floor":7,"key":"LiquidBronze"},{"floor":22,"key":"Regen Potion"},{"floor":29,"key":"Dexterity Potion"}],"is_trial":false,"path_per_floor":["M","M","?","?","M","E","M","$","T","R","?","M","M","M","R","B",null,"M","?","M","?","M","E","R","$","T","?","R","M","M","?","R","B"],"character_chosen":"IRONCLAD","items_purchased":["Inflame","Cleave","Whirlwind","Reckless Charge","Dark Shackles","Rage","Shrug It Off"],"campfire_rested":3,"item_purchase_floors":[8,8,25,25,25,25,25],"current_hp_per_floor":[80,80,80,80,80,46,48,48,48,48,48,54,50,38,62,19,85,68,68,55,55,56,44,69,69,69,42,42,39,33,17,29,0],"gold":153,"neow_bonus":"THREE_CARDS","is_prod":false,"is_daily":false,"chose_seed":false,"campfire_upgraded":2,"win_rate":0.0,"timestamp":1552279895,"path_taken":["M","M","?","?","M","E","M","$","T","R","?","M","M","M","R","BOSS","M","?","M","?","?","E","R","$","T","?","R","M","M","?","R","BOSS"],"build_version":"2019-01-23","purchased_purges":1,"victory":false,"max_hp_per_floor":[80,80,80,80,80,80,80,80,80,80,80,80,80,80,80,80,85,85,85,85,85,85,85,85,85,85,42,42,42,42,42,42,42],"card_choices":[{"not_picked":["Flame Barrier","Clothesline"],"picked":"Shockwave","floor":0},{"not_picked":["Headbutt","Whirlwind"],"picked":"Infernal Blade","floor":1},{"not_picked":["Shrug It Off","Sword Boomerang"],"picked":"Armaments","floor":2},{"not_picked":["Sword Boomerang","Headbutt"],"picked":"Clash","floor":5},{"not_picked":["Bludgeon","Thunderclap"],"picked":"Metallicize","floor":6},{"not_picked":["Headbutt","Clothesline"],"picked":"Heavy Blade","floor":7},{"not_picked":["Inflame","Sword Boomerang"],"picked":"Fire Breathing","floor":12},{"not_picked":["Sword Boomerang","Power Through"],"picked":"Cleave","floor":13},{"not_picked":["Shockwave","Fire Breathing"],"picked":"Headbutt","floor":14},{"not_picked":["Dark Embrace","Fiend Fire"],"picked":"Double Tap","floor":16},{"not_picked":["Cleave","Metallicize"],"picked":"Uppercut","floor":17},{"not_picked":["True Grit","Combust"],"picked":"Warcry","floor":18},{"not_picked":["Warcry","True Grit"],"picked":"Pommel Strike","floor":20},{"not_picked":["Perfected Strike","Flame Barrier"],"picked":"Clash+1","floor":22},{"not_picked":["Heavy Blade","Twin Strike"],"picked":"Rampage","floor":23},{"not_picked":["True Grit","Warcry"],"picked":"Clash","floor":29},{"not_picked":["Brutality","Cleave"],"picked":"Iron Wave","floor":30}],"player_experience":8374,"relics_obtained":[{"floor":6,"key":"Whetstone"},{"floor":9,"key":"Bronze Scales"},{"floor":23,"key":"Pantograph"},{"floor":26,"key":"Magic Flower"},{"floor":31,"key":"Enchiridion"}],"event_choices":[{"damage_healed":0,"gold_gain":0,"player_choice":"Grow","damage_taken":0,"max_hp_gain":0,"max_hp_loss":0,"event_name":"Living Wall","floor":3,"gold_loss":0,"cards_upgraded":["Armaments"]},{"damage_healed":0,"gold_gain":0,"player_choice":"Box","damage_taken":0,"relics_obtained":["Lantern"],"max_hp_gain":0,"max_hp_loss":0,"event_name":"Big Fish","floor":4,"gold_loss":0,"cards_obtained":["Regret"]},{"damage_healed":0,"gold_gain":0,"player_choice":"Trade","damage_taken":0,"relics_obtained":["SsserpentHead"],"max_hp_gain":0,"max_hp_loss":0,"event_name":"FaceTrader","floor":11,"gold_loss":0},{"damage_healed":0,"gold_gain":0,"player_choice":"Obtained Relic","damage_taken":0,"relics_obtained":["Ice Cream"],"max_hp_gain":0,"max_hp_loss":0,"event_name":"Addict","floor":19,"gold_loss":85},{"damage_healed":0,"gold_gain":0,"player_choice":"Copied","damage_taken":0,"max_hp_gain":0,"max_hp_loss":0,"event_name":"Duplicator","floor":21,"gold_loss":0,"cards_obtained":["Infernal Blade"]},{"damage_healed":0,"gold_gain":0,"player_choice":"Became a Ghost","damage_taken":0,"max_hp_gain":0,"max_hp_loss":43,"event_name":"Ghosts","floor":27,"gold_loss":0,"cards_obtained":["Ghostly","Ghostly","Ghostly","Ghostly","Ghostly"]},{"damage_healed":0,"gold_gain":0,"player_choice":"Obtained Book","damage_taken":16,"max_hp_gain":0,"max_hp_loss":0,"event_name":"Cursed Tome","floor":31,"gold_loss":0}],"is_beta":false,"boss_relics":[{"not_picked":["Black Blood","Astrolabe"],"picked":"Tiny House"}],"items_purged_floors":[8],"is_endless":false,"potions_floor_spawned":[2,5,7,12,13,18,22,29],"killed_by":"Automaton","ascension_level":0}