{"path_per_floor":["M","?","?","?","M","E","R","$","T","R","E","M","M","$","R","B",null,"M","M","?","$","?","E","R","M","T","$","M","M","R","?","R","B",null,"M","?","M","$","M","R","M","?","T","R","M","R","M","E","R","B"],"character_chosen":"IRONCLAD","items_purchased":["Oddly Smooth Stone","Battle Trance","Whirlwind","Finesse","Swift Potion"],"gold_per_floor":[114,114,114,114,133,169,169,19,97,97,140,163,188,31,31,155,155,180,198,198,22,22,66,66,82,150,1,22,35,35,35,35,160,160,181,181,200,75,100,100,114,114,114,114,127,127,143,174,174,174],"floor_reached":51,"campfire_rested":3,"playtime":5308,"current_hp_per_floor":[80,60,60,44,49,30,30,30,30,54,46,49,54,54,54,57,80,54,55,55,55,55,38,38,46,46,46,55,56,56,56,80,48,80,54,54,54,54,40,40,55,60,60,60,57,57,63,58,80,67],"items_purged":["Regret","Immolate","Decay"],"gold":174,"play_id":"ed720191-f41d-43a5-9c13-e54c512f8022","is_prod":false,"is_daily":false,"is_ascension_mode":false,"campfire_upgraded":7,"path_taken":["M","?","?","?","M","E","R","$","T","R","E","M","M","?","R","BOSS","M","M","?","?","?","E","R","M","T","$","M","M","R","?","R","BOSS","M","?","?","$","M","R","M","?","T","R","M","R","M","E","R","BOSS"],"build_version":"2018-01-25-PROD3","purchased_purges":3,"victory":true,"master_deck":["Strike_R+1","Strike_R+1","Defend_R","Defend_R","Defend_R","Bash","Iron Wave+1","Seeing Red+1","Armaments+1","Battle Trance","Iron Wave","Battle Trance","Whirlwind+1","Flame Barrier+1","Warcry+1","Finesse","Pommel Strike+1","Deep Breath+1","Pummel","Reckless Charge+1","Cleave+1","Metallicize","True Grit+1","Thunderclap+1","Sentinel","Iron Wave+1","Warcry+1"],"max_hp_per_floor":[80,80,80,80,80,80,80,80,80,80,80,80,80,80,80,80,80,80,80,80,80,80,80,80,80,80,80,80,80,80,80,80,80,80,80,80,80,80,80,80,80,80,80,80,80,80,80,80,80,80],"relics":["Burning Blood","Golden Idol","Kunai","Meat on the Bone","Oddly Smooth Stone","Shuriken","Ancient Tea Set","Philosopher\u0027s Stone","Gremlin Horn","Paper Frog","Ornamental Fan","Astrolabe","Centennial Puzzle","Juzu Bracelet"],"card_choices":[{"not_picked":["Twin Strike","Cleave"],"picked":"Iron Wave"},{"not_picked":["Cleave","Pommel Strike"],"picked":"Seeing Red"},{"not_picked":["Flex","Dual Wield"],"picked":"Armaments"},{"not_picked":["Anger","Shrug It Off"],"picked":"Iron Wave"},{"not_picked":["Armaments","Sever Soul"],"picked":"Battle Trance"},{"not_picked":["Second Wind","Metallicize"],"picked":"Flame Barrier"},{"not_picked":["Combust","Corruption"],"picked":"Warcry"},{"not_picked":["Iron Wave","Perfected Strike"],"picked":"Pommel Strike"},{"not_picked":["Sever Soul","Blood for Blood"],"picked":"Metallicize"},{"not_picked":["Heavy Blade","Feel No Pain"],"picked":"True Grit"},{"not_picked":["Uppercut","Battle Trance"],"picked":"Thunderclap"},{"not_picked":["Warcry","Sword Boomerang"],"picked":"Sentinel"},{"not_picked":["Cleave","True Grit"],"picked":"Iron Wave"},{"not_picked":["Second Wind","Fire Breathing"],"picked":"Warcry"}],"player_experience":45844,"potions_floor_usage":[19,19,23,23,33,37,41,45,48,50,50],"damage_taken":[{"damage":1,"enemies":"2 Louse","floor":1,"turns":3},{"damage":1,"enemies":"Cultist","floor":5,"turns":3},{"damage":25,"enemies":"Gremlin Nob","floor":6,"turns":5},{"damage":26,"enemies":"3 Sentries","floor":11,"turns":7},{"damage":3,"enemies":"Blue Slaver","floor":12,"turns":4},{"damage":1,"enemies":"Looter","floor":13,"turns":3},{"damage":3,"enemies":"Slime Boss","floor":16,"turns":11},{"damage":32,"enemies":"Spheric Guardian","floor":18,"turns":6},{"damage":26,"enemies":"3 Byrds","floor":19,"turns":4},{"damage":35,"enemies":"Slavers","floor":23,"turns":8},{"damage":10,"enemies":"Slaver and Parasite","floor":25,"turns":6},{"damage":9,"enemies":"3 Cultists","floor":28,"turns":5},{"damage":17,"enemies":"Centurion and Healer","floor":29,"turns":5},{"damage":38,"enemies":"Automaton","floor":33,"turns":10},{"damage":32,"enemies":"3 Shapes","floor":35,"turns":3},{"damage":18,"enemies":"3 Darklings","floor":37,"turns":4},{"damage":32,"enemies":"4 Shapes","floor":39,"turns":6},{"damage":18,"enemies":"Maw","floor":41,"turns":8},{"damage":21,"enemies":"Sphere and 2 Shapes","floor":45,"turns":4},{"damage":0,"enemies":"3 Darklings","floor":47,"turns":1},{"damage":23,"enemies":"2 Orb Walkers","floor":48,"turns":5},{"damage":19,"enemies":"Awakened One","floor":50,"turns":12}],"event_choices":[{"event_name":"Golden Idol","player_choice":"Take Damage","floor":2,"damage_taken":0},{"event_name":"Big Fish","player_choice":"Box","floor":3,"damage_taken":0},{"event_name":"Shining Light","player_choice":"Entered Light","floor":4,"damage_taken":0},{"event_name":"Accursed Blacksmith","player_choice":"Rummage","floor":20,"damage_taken":0},{"event_name":"Back to Basics","player_choice":"Elegance","floor":22,"damage_taken":0},{"event_name":"Match and Keep!","player_choice":"2 cards matched","floor":31,"damage_taken":0},{"event_name":"Wheel of Change","player_choice":"Curse","floor":36,"damage_taken":0},{"event_name":"Bonfire Elementals","player_choice":"COMMON","floor":42,"damage_taken":0}],"boss_relics":[{"not_picked":["Runic Dome","Snecko Eye"],"picked":"Philosopher\u0027s Stone"},{"not_picked":["White Beast Statue","Black Star"],"picked":"Astrolabe"}],"potions_floor_spawned":[5,6,13,16,19,25,28,37,39,47,48],"seed_played":"6881467939315076966","ascension_level":0,"is_trial":false}