{"gold_per_floor":[118,43,55,55,65,128,128,128,153,153,170,245,195,206,206,206],"floor_reached":16,"playtime":465,"items_purged":["Defend_R"],"score":100,"play_id":"6f93b2f8-47d0-42b2-bb16-1a4f8fb14f10","local_time":"20190314023116","is_ascension_mode":false,"campfire_choices":[{"data":"Bash","floor":7,"key":"SMITH"},{"data":"Shrug It Off","floor":10,"key":"SMITH"},{"floor":15,"key":"REST"}],"neow_cost":"NONE","seed_source_timestamp":7780923170106,"circlet_count":0,"master_deck":["Strike_R","Strike_R","Strike_R","Strike_R","Defend_R","Defend_R","Defend_R","Bash+1","Dropkick","Shrug It Off+1"],"relics":["Burning Blood","NeowsBlessing","Tiny Chest","Orichalcum"],"potions_floor_usage":[6,16,16,16],"damage_taken":[{"damage":0,"enemies":"Small Slimes","floor":1,"turns":1},{"damage":0,"enemies":"Cultist","floor":3,"turns":1},{"damage":0,"enemies":"Jaw Worm","floor":5,"turns":1},{"damage":36,"enemies":"Lagavulin","floor":6,"turns":4},{"damage":2,"enemies":"Blue Slaver","floor":11,"turns":3},{"damage":16,"enemies":"Large Slime","floor":14,"turns":5},{"damage":57,"enemies":"Hexaghost","floor":16,"turns":12}],"seed_played":"-4753187724073704682","potions_obtained":[{"floor":3,"key":"SteroidPotion"},{"floor":6,"key":"FearPotion"},{"floor":8,"key":"Energy Potion"},{"floor":8,"key":"Dexterity Potion"}],"is_trial":false,"path_per_floor":["M","$","M","?","M","E","R","?","T","R","M","?","?","M","R","B"],"character_chosen":"IRONCLAD","items_purchased":[],"campfire_rested":1,"item_purchase_floors":[],"current_hp_per_floor":[80,80,80,80,80,50,50,50,50,50,54,43,43,33,57,0],"gold":206,"neow_bonus":"THREE_ENEMY_KILL","is_prod":false,"is_daily":false,"chose_seed":false,"campfire_upgraded":2,"win_rate":0,"timestamp":1552498276,"path_taken":["M","$","M","?","M","E","R","?","T","R","?","?","?","M","R","BOSS"],"build_version":"2019-01-23","purchased_purges":1,"victory":false,"max_hp_per_floor":[80,80,80,80,80,80,80,80,80,80,80,80,80,80,80,80],"card_choices":[{"not_picked":["Heavy Blade","Whirlwind"],"picked":"Dropkick","floor":1},{"not_picked":["Body Slam","Heavy Blade","Warcry"],"picked":"SKIP","floor":3},{"not_picked":["Iron Wave","Pommel Strike"],"picked":"Shrug It Off","floor":5},{"not_picked":["Power Through","Shrug It Off","Clothesline"],"picked":"SKIP","floor":6},{"not_picked":["Body Slam","Bloodletting","Seeing Red"],"picked":"SKIP","floor":11},{"not_picked":["Second Wind","Perfected Strike","Dark Embrace"],"picked":"SKIP","floor":14}],"player_experience":353174,"relics_obtained":[{"floor":6,"key":"Tiny Chest"},{"floor":9,"key":"Orichalcum"}],"event_choices":[{"damage_healed":0,"gold_gain":0,"player_choice":"Ignored","damage_taken":0,"max_hp_gain":0,"max_hp_loss":0,"event_name":"Liars Game","floor":4,"gold_loss":0},{"damage_healed":0,"gold_gain":0,"player_choice":"Got Potions","damage_taken":0,"max_hp_gain":0,"max_hp_loss":0,"event_name":"Lab","floor":8,"gold_loss":0},{"damage_healed":0,"gold_gain":75,"player_choice":"Gather Gold","damage_taken":11,"max_hp_gain":0,"max_hp_loss":0,"event_name":"World of Goop","floor":12,"gold_loss":0},{"cards_removed":["Strike_R"],"damage_healed":0,"gold_gain":0,"player_choice":"Card Removal","damage_taken":0,"max_hp_gain":0,"max_hp_loss":0,"event_name":"The Cleric","floor":13,"gold_loss":50}],"is_beta":false,"boss_relics":[],"items_purged_floors":[2],"is_endless":false,"potions_floor_spawned":[3,6,14],"killed_by":"Hexaghost","ascension_level":0}