{"gold_per_floor":[117,137,137,16,35,63,63,93,93,93,108,38,68,68,68,139,139,159,172,97,124,144,144,170,170,222,255,180,180,180,209,209,286,286,302,313,313,313,332,359,377,402,402,402,435,435,461,283,283,283,283,283,24,58,58],"floor_reached":56,"playtime":2751,"items_purged":["Zap","Shame"],"score":2596,"play_id":"35d6cfe9-3915-4d4e-a9f0-a394b738cf6c","local_time":"20190303135028","is_ascension_mode":true,"campfire_choices":[{"data":"Sunder","floor":7,"key":"SMITH"},{"data":"Defragment","floor":10,"key":"SMITH"},{"data":"Coolheaded","floor":15,"key":"SMITH"},{"data":"Recycle","floor":23,"key":"SMITH"},{"data":"Fission","floor":25,"key":"SMITH"},{"data":"Defragment","floor":32,"key":"SMITH"},{"floor":44,"key":"RECALL"},{"data":"Coolheaded","floor":46,"key":"SMITH"},{"floor":49,"key":"REST"},{"data":"Hologram","floor":52,"key":"SMITH"}],"neow_cost":"NONE","seed_source_timestamp":1210498594453276,"circlet_count":0,"master_deck":["AscendersBane","Dualcast","Glacier","Hologram+1","Seek","Ball Lightning","Darkness","Gash","Defragment+1","Gash","Coolheaded+1","Reinforced Body","Compile Driver","Glacier","Gash","Recycle+1","Buffer+1","Seek","Skim","Defragment+1","Chill","Fission+1","Conserve Battery","Echo Form","Coolheaded+1","Coolheaded+1","Chill+1","Capacitor","Hologram"],"relics":["Pandora\u0027s Box","Mango","Cables","Mercury Hourglass","Letter Opener","Strawberry","Cursed Key","Red Mask","Ice Cream","Bronze Scales","Juzu Bracelet","Shuriken","Black Star","Torii","Bag of Marbles","Oddly Smooth Stone","Molten Egg 2","Pear","PreservedInsect","Mummified Hand","Dream Catcher","Kunai","Sundial","Ginger"],"potions_floor_usage":[6,18,24,27,31,39,54,55,55],"damage_taken":[{"damage":0,"enemies":"Cultist","floor":1,"turns":3},{"damage":12,"enemies":"Jaw Worm","floor":2,"turns":2},{"damage":0,"enemies":"2 Louse","floor":5,"turns":2},{"damage":7,"enemies":"Gremlin Nob","floor":6,"turns":5},{"damage":5,"enemies":"3 Sentries","floor":8,"turns":6},{"damage":8,"enemies":"Gremlin Gang","floor":11,"turns":3},{"damage":0,"enemies":"Lagavulin","floor":13,"turns":6},{"damage":0,"enemies":"Slime Boss","floor":16,"turns":6},{"damage":0,"enemies":"2 Thieves","floor":18,"turns":3},{"damage":6,"enemies":"3 Byrds","floor":19,"turns":3},{"damage":0,"enemies":"Masked Bandits","floor":21,"turns":5},{"damage":0,"enemies":"Centurion and Healer","floor":22,"turns":5},{"damage":0,"enemies":"Gremlin Leader","floor":24,"turns":6},{"damage":0,"enemies":"Book of Stabbing","floor":27,"turns":4},{"damage":0,"enemies":"Slavers","floor":31,"turns":3},{"damage":0,"enemies":"Collector","floor":33,"turns":10},{"damage":0,"enemies":"3 Darklings","floor":35,"turns":4},{"damage":0,"enemies":"3 Shapes","floor":36,"turns":3},{"damage":12,"enemies":"Writhing Mass","floor":39,"turns":7},{"damage":8,"enemies":"Nemesis","floor":40,"turns":7},{"damage":1,"enemies":"Transient","floor":41,"turns":5},{"damage":0,"enemies":"Giant Head","floor":42,"turns":7},{"damage":0,"enemies":"Nemesis","floor":45,"turns":6},{"damage":0,"enemies":"Reptomancer","floor":47,"turns":5},{"damage":24,"enemies":"Awakened One","floor":50,"turns":8},{"damage":26,"enemies":"Shield and Spear","floor":54,"turns":4},{"damage":10,"enemies":"The Heart","floor":55,"turns":9}],"seed_played":"-8892214505071309246","potions_obtained":[{"floor":2,"key":"EssenceOfSteel"},{"floor":6,"key":"Strength Potion"},{"floor":11,"key":"AttackPotion"},{"floor":18,"key":"Swift Potion"},{"floor":24,"key":"Regen Potion"},{"floor":35,"key":"Poison Potion"},{"floor":42,"key":"FocusPotion"},{"floor":45,"key":"Strength Potion"},{"floor":54,"key":"Energy Potion"}],"is_trial":false,"path_per_floor":["M","M","T","$","M","E","R","E","T","R","M","$","E","?","R","B",null,"M","M","$","?","M","R","E","R","T","E","?","$","?","E","R","B",null,"M","M","?","?","M","E","M","E","T","R","E","R","E","$","R","B",null,"R","$","E","B",null],"character_chosen":"DEFECT","items_purchased":["Reinforced Body","Compile Driver","Recycle","Capacitor","Kunai"],"campfire_rested":1,"item_purchase_floors":[4,4,12,48,53],"current_hp_per_floor":[64,52,66,66,66,59,59,54,54,54,46,46,53,53,53,53,82,82,76,76,76,76,76,76,76,76,88,88,88,88,88,88,88,91,91,91,87,87,75,67,66,66,66,66,76,76,76,76,97,73,91,91,91,65,55],"gold":58,"neow_bonus":"BOSS_RELIC","is_prod":false,"is_daily":false,"chose_seed":false,"campfire_upgraded":8,"win_rate":0,"timestamp":1551639028,"path_taken":["M","M","?","$","M","E","R","E","T","R","M","$","E","?","R","BOSS","M","M","$","?","M","R","E","R","T","E","?","$","?","E","R","BOSS","M","M","?","?","M","E","M","E","T","R","E","R","E","$","R","BOSS","R","$","E","BOSS"],"build_version":"2019-02-06","purchased_purges":2,"victory":true,"max_hp_per_floor":[71,71,85,85,85,85,85,85,85,85,85,85,92,92,92,92,92,92,92,92,92,92,92,92,92,92,92,92,92,92,92,92,92,92,92,92,87,87,87,87,87,87,87,87,97,97,97,97,97,97,97,97,97,97,97],"card_choices":[{"not_picked":["Rebound","Streamline"],"picked":"Gash","floor":1},{"not_picked":["Hologram","Steam Power"],"picked":"Coolheaded","floor":2},{"not_picked":["Gash","Redo","Stack"],"picked":"SKIP","floor":5},{"not_picked":["Scrape","Storm"],"picked":"Glacier","floor":6},{"not_picked":["Turbo","Auto Shields","Steam"],"picked":"SKIP","floor":8},{"not_picked":["Sunder","Leap"],"picked":"Gash","floor":11},{"not_picked":["Thunder Strike","Go for the Eyes"],"picked":"Buffer","floor":13},{"not_picked":["Amplify","Creative AI"],"picked":"Seek","floor":16},{"not_picked":["Streamline","Ball Lightning"],"picked":"Skim","floor":18},{"not_picked":["Sunder+1","Hello World","Sweeping Beam"],"picked":"SKIP","floor":19},{"not_picked":["Hologram","Conserve Battery"],"picked":"Defragment","floor":21},{"not_picked":["Lockon","Cold Snap"],"picked":"Chill","floor":22},{"not_picked":["Reboot","Reprogram"],"picked":"Fission","floor":24},{"not_picked":["Leap","Hologram"],"picked":"Conserve Battery","floor":27},{"not_picked":["Recycle","Leap","Fusion"],"picked":"SKIP","floor":31},{"not_picked":["Reboot","Meteor Strike"],"picked":"Echo Form","floor":33},{"not_picked":["Sweeping Beam","Storm"],"picked":"Coolheaded+1","floor":35},{"not_picked":["Ball Lightning","Gash","Rebound"],"picked":"SKIP","floor":36},{"not_picked":["Tempest","Steam+1","Rebound+1"],"picked":"SKIP","floor":39},{"not_picked":["Tempest","Steam+1","Rebound+1"],"picked":"SKIP","floor":39},{"not_picked":["Blizzard","Rebound","Ball Lightning+1"],"picked":"SKIP","floor":40},{"not_picked":["Blizzard","Rebound","Ball Lightning+1"],"picked":"SKIP","floor":40},{"not_picked":["Compile Driver+1","Undo","Go for the Eyes"],"picked":"SKIP","floor":41},{"not_picked":["Rainbow","Leap+1","Steam"],"picked":"SKIP","floor":42},{"not_picked":["Aggregate+1","Barrage+1"],"picked":"Coolheaded","floor":45},{"not_picked":["Aggregate","Glacier"],"picked":"Chill+1","floor":47},{"not_picked":["FTL+1","White Noise"],"picked":"Hologram","floor":49},{"not_picked":["Tempest","Barrage+1","Doom and Gloom+1"],"picked":"SKIP","floor":54}],"player_experience":2078462,"relics_obtained":[{"floor":3,"key":"Mango"},{"floor":6,"key":"Cables"},{"floor":8,"key":"Mercury Hourglass"},{"floor":9,"key":"Letter Opener"},{"floor":13,"key":"Strawberry"},{"floor":21,"key":"Red Mask"},{"floor":24,"key":"Ice Cream"},{"floor":26,"key":"Bronze Scales"},{"floor":27,"key":"Juzu Bracelet"},{"floor":31,"key":"Shuriken"},{"floor":40,"key":"Torii"},{"floor":40,"key":"Bag of Marbles"},{"floor":42,"key":"Oddly Smooth Stone"},{"floor":42,"key":"Molten Egg 2"},{"floor":45,"key":"Pear"},{"floor":45,"key":"PreservedInsect"},{"floor":47,"key":"Mummified Hand"},{"floor":47,"key":"Dream Catcher"},{"floor":54,"key":"Sundial"},{"floor":54,"key":"Ginger"}],"event_choices":[{"damage_healed":0,"gold_gain":0,"player_choice":"Grow","damage_taken":0,"max_hp_gain":0,"max_hp_loss":0,"event_name":"Living Wall","floor":14,"gold_loss":0,"cards_upgraded":["Buffer"]},{"damage_healed":0,"gold_gain":0,"player_choice":"Fought Bandits","damage_taken":0,"max_hp_gain":0,"max_hp_loss":0,"event_name":"Masked Bandits","floor":21,"gold_loss":0},{"cards_removed":["Regret"],"damage_healed":0,"gold_gain":0,"player_choice":"Gave Gold","damage_taken":0,"max_hp_gain":0,"max_hp_loss":0,"event_name":"Beggar","floor":28,"gold_loss":75},{"damage_healed":0,"gold_gain":0,"player_choice":"0 cards matched","damage_taken":0,"max_hp_gain":0,"max_hp_loss":0,"event_name":"Match and Keep!","floor":30,"gold_loss":0,"cards_obtained":[]},{"damage_healed":0,"gold_gain":0,"player_choice":"Max HP","damage_taken":0,"max_hp_gain":0,"max_hp_loss":5,"event_name":"Winding Halls","floor":37,"gold_loss":0},{"cards_removed":["Sunder"],"damage_healed":0,"gold_gain":0,"player_choice":"Removed Attack","damage_taken":0,"max_hp_gain":0,"max_hp_loss":0,"event_name":"Falling","floor":38,"gold_loss":0}],"is_beta":true,"boss_relics":[{"not_picked":["Astrolabe","Calling Bell"],"picked":"Cursed Key"},{"not_picked":["Busted Crown","Coffee Dripper"],"picked":"Black Star"}],"items_purged_floors":[20,48],"is_endless":false,"potions_floor_spawned":[2,6,11,13,18,21,22,24,35,42,45,54],"ascension_level":15}