{"gold_per_floor":[111,111,36,56,56,56,56,33,114,133,158,171,171,171,171,300,300,315,109,142,8,22,22,22,46,46,46,46,46,61,61,61,189,189,209,228,228,188,201,201,220,240,240,240],"floor_reached":44,"playtime":3184,"items_purged":["Regret"],"score":396,"play_id":"9cedf177-f2e5-470f-80f5-2e67f5ea17c1","local_time":"20190312205959","is_ascension_mode":false,"campfire_choices":[{"data":"Iron Wave","floor":6,"key":"SMITH"},{"floor":13,"key":"REST"},{"data":"Spot Weakness","floor":15,"key":"SMITH"},{"floor":23,"key":"REST"},{"data":"Mind Blast","floor":27,"key":"SMITH"},{"floor":32,"key":"REST"},{"floor":40,"key":"REST"}],"neow_cost":"NONE","seed_source_timestamp":194674120924444,"circlet_count":0,"master_deck":["Strike_R","Strike_R","Defend_R","Defend_R","Defend_R","Defend_R","Bash","Iron Wave+1","Wild Strike","Cleave","Perfected Strike","Spot Weakness+1","Cleave","Sword Boomerang","Double Tap","Rampage","Mind Blast+1","Inflame","Reckless Charge","Sword Boomerang","Thunderclap","Swift Strike","Pommel Strike+1","Anger","Flex","Infernal Blade+1","Feed","Sword Boomerang+1","Rage+1","Shrug It Off+1","Armaments+1","Twin Strike+1"],"relics":["Burning Blood","Shuriken","Regal Pillow","Letter Opener","Odd Mushroom","Golden Idol","Empty Cage","Red Mask","Thread and Needle","Lizard Tail","Ornamental Fan"],"potions_floor_usage":[16,16,16,33,33,39,42],"damage_taken":[{"damage":2,"enemies":"2 Louse","floor":1,"turns":2},{"damage":10,"enemies":"Small Slimes","floor":4,"turns":3},{"damage":11,"enemies":"Jaw Worm","floor":10,"turns":2},{"damage":39,"enemies":"The Mushroom Lair","floor":11,"turns":4},{"damage":14,"enemies":"Blue Slaver","floor":12,"turns":3},{"damage":40,"enemies":"The Guardian","floor":16,"turns":7},{"damage":27,"enemies":"3 Byrds","floor":18,"turns":5},{"damage":37,"enemies":"Masked Bandits","floor":20,"turns":4},{"damage":6,"enemies":"Chosen","floor":22,"turns":3},{"damage":21,"enemies":"Snake Plant","floor":25,"turns":4},{"damage":2,"enemies":"Cultist and Chosen","floor":30,"turns":4},{"damage":50,"enemies":"Collector","floor":33,"turns":7},{"damage":24,"enemies":"3 Shapes","floor":35,"turns":3},{"damage":51,"enemies":"3 Darklings","floor":36,"turns":5},{"damage":19,"enemies":"Jaw Worm Horde","floor":39,"turns":4},{"damage":35,"enemies":"Maw","floor":41,"turns":6},{"damage":45,"enemies":"Transient","floor":42,"turns":5},{"damage":12,"enemies":"Spire Growth","floor":44,"turns":2}],"seed_played":"-4421540936094565361","potions_obtained":[{"floor":1,"key":"Dexterity Potion"},{"floor":11,"key":"EssenceOfSteel"},{"floor":12,"key":"Dexterity Potion"},{"floor":20,"key":"Ancient Potion"},{"floor":22,"key":"Strength Potion"},{"floor":36,"key":"EssenceOfSteel"},{"floor":39,"key":"GamblersBrew"}],"is_trial":false,"path_per_floor":["M","?","$","M","?","R","?","$","T","M","?","M","R","?","R","B",null,"M","$","?","$","M","R","?","M","T","R","?","?","M","?","R","B",null,"M","M","?","?","M","R","M","M","T","M"],"character_chosen":"IRONCLAD","items_purchased":["Perfected Strike","Mind Blast","Inflame","Reckless Charge","Thunderclap","Swift Strike"],"campfire_rested":4,"item_purchase_floors":[8,19,19,19,21,21],"current_hp_per_floor":[80,80,80,76,69,69,69,69,69,64,31,23,62,62,62,28,74,53,53,22,22,22,59,59,44,44,44,44,44,48,48,74,30,74,59,14,14,14,44,77,48,9,9,0],"gold":240,"neow_bonus":"RANDOM_COLORLESS","is_prod":false,"is_daily":false,"chose_seed":false,"campfire_upgraded":3,"win_rate":0.0,"timestamp":1552449599,"path_taken":["M","?","$","M","?","R","?","$","T","M","?","M","R","?","R","BOSS","M","$","?","$","M","R","?","M","T","R","?","?","M","?","R","BOSS","M","M","?","?","M","R","M","M","T","?"],"build_version":"2019-01-23","purchased_purges":1,"victory":false,"max_hp_per_floor":[80,80,80,80,80,80,80,80,80,80,80,80,80,74,74,74,74,74,74,74,74,74,74,74,74,74,74,74,74,74,74,74,74,74,77,77,77,77,77,77,77,77,77,77],"card_choices":[{"not_picked":["Sever Soul","Pommel Strike"],"picked":"Iron Wave","floor":1},{"not_picked":["Searing Blow","Burning Pact"],"picked":"Wild Strike","floor":4},{"not_picked":["Warcry","Cleave"],"picked":"Spot Weakness","floor":10},{"not_picked":["Pummel","Sentinel"],"picked":"Cleave","floor":11},{"not_picked":["Combust","Impervious"],"picked":"Sword Boomerang","floor":12},{"not_picked":["Bludgeon","Impervious"],"picked":"Double Tap","floor":16},{"not_picked":["Sentinel","Pummel"],"picked":"Rampage","floor":18},{"not_picked":["Warcry+1","Battle Trance+1"],"picked":"Sword Boomerang","floor":20},{"not_picked":["Battle Trance","Sever Soul"],"picked":"Pommel Strike+1","floor":22},{"not_picked":["Shockwave","Wild Strike"],"picked":"Anger","floor":25},{"not_picked":["Iron Wave+1","Cleave"],"picked":"Infernal Blade","floor":30},{"not_picked":["Bludgeon","Offering"],"picked":"Feed","floor":33},{"not_picked":["Perfected Strike+1","Battle Trance"],"picked":"Sword Boomerang+1","floor":35},{"not_picked":["Burning Pact+1","Heavy Blade"],"picked":"Rage+1","floor":36},{"not_picked":["Thunderclap","Wild Strike+1"],"picked":"Shrug It Off+1","floor":39},{"not_picked":["Havoc","Anger"],"picked":"Armaments+1","floor":41},{"not_picked":["Warcry+1","Offering"],"picked":"Twin Strike+1","floor":42}],"player_experience":35280,"relics_obtained":[{"floor":9,"key":"Letter Opener"},{"floor":11,"key":"Odd Mushroom"},{"floor":20,"key":"Red Mask"},{"floor":26,"key":"Thread and Needle"},{"floor":43,"key":"Ornamental Fan"}],"event_choices":[{"damage_healed":0,"gold_gain":0,"player_choice":"Box","damage_taken":0,"relics_obtained":["Shuriken"],"max_hp_gain":0,"max_hp_loss":0,"event_name":"Big Fish","floor":2,"gold_loss":0,"cards_obtained":["Regret"]},{"damage_healed":0,"gold_gain":0,"player_choice":"Success","damage_taken":7,"relics_obtained":["Regal Pillow"],"max_hp_gain":0,"max_hp_loss":0,"event_name":"Scrap Ooze","floor":5,"gold_loss":0},{"damage_healed":0,"gold_gain":0,"cards_transformed":["Strike_R"],"player_choice":"Change","damage_taken":0,"max_hp_gain":0,"max_hp_loss":0,"event_name":"Living Wall","floor":7,"gold_loss":0,"cards_obtained":["Cleave"]},{"damage_healed":0,"gold_gain":0,"player_choice":"Fought Mushrooms","damage_taken":0,"max_hp_gain":0,"max_hp_loss":0,"event_name":"Mushrooms","floor":11,"gold_loss":0},{"damage_healed":0,"gold_gain":0,"player_choice":"Lose Max HP","damage_taken":0,"relics_obtained":["Golden Idol"],"max_hp_gain":0,"max_hp_loss":6,"event_name":"Golden Idol","floor":14,"gold_loss":0},{"damage_healed":0,"gold_gain":0,"player_choice":"Fought Bandits","damage_taken":0,"max_hp_gain":0,"max_hp_loss":0,"event_name":"Masked Bandits","floor":20,"gold_loss":0},{"damage_healed":0,"gold_gain":0,"player_choice":"Ignored","damage_taken":0,"max_hp_gain":0,"max_hp_loss":0,"event_name":"Vampires","floor":24,"gold_loss":0},{"damage_healed":0,"gold_gain":0,"player_choice":"Read","damage_taken":0,"max_hp_gain":0,"max_hp_loss":0,"event_name":"The Library","floor":28,"gold_loss":0,"cards_obtained":["Flex"]},{"damage_healed":0,"gold_gain":0,"player_choice":"Ignored","damage_taken":0,"max_hp_gain":0,"max_hp_loss":0,"event_name":"Ghosts","floor":31,"gold_loss":0},{"cards_removed":["Strike_R"],"damage_healed":0,"gold_gain":0,"player_choice":"Removed Attack","damage_taken":0,"max_hp_gain":0,"max_hp_loss":0,"event_name":"Falling","floor":37,"gold_loss":0},{"damage_healed":0,"gold_gain":0,"player_choice":"Upgrade","damage_taken":0,"max_hp_gain":0,"max_hp_loss":0,"event_name":"Designer","floor":38,"gold_loss":40,"cards_upgraded":["Infernal Blade"]}],"is_beta":false,"boss_relics":[{"not_picked":["Fusion Hammer","Velvet Choker"],"picked":"Empty Cage"},{"not_picked":["Tiny House","Calling Bell"],"picked":"Lizard Tail"}],"items_purged_floors":[3],"is_endless":false,"potions_floor_spawned":[1,11,12,20,22,36,39],"killed_by":"Spire Growth","ascension_level":0}