{"gold_per_floor":[115,36,36,36,49,74,86,103,103,129,164,164,193,206,206,277,277,288,299,313,28,43,72,91,124,151,186,186,186,205,234,234,306,306,319,21,67,77,27,61,76,103,103,113,113,126,155,181,193,205,217,229,18,49,49],"floor_reached":55,"playtime":4228,"items_purged":["Strike_R","Strike_R"],"score":1503,"play_id":"28da0dca-20db-44da-9ee6-d6827d75d3ed","local_time":"20190218184945","is_ascension_mode":true,"campfire_choices":[{"data":"Armaments","floor":12.0,"key":"SMITH"},{"data":"Whirlwind","floor":15.0,"key":"SMITH"},{"data":"Feel No Pain","floor":29.0,"key":"SMITH"},{"data":"Inflame","floor":32.0,"key":"SMITH"},{"floor":45.0,"key":"RECALL"},{"data":"Barricade","floor":49.0,"key":"SMITH"},{"data":"Limit Break","floor":52.0,"key":"SMITH"}],"neow_cost":"NONE","seed_source_timestamp":103624492754032,"circlet_count":0,"master_deck":["AscendersBane","Defend_R","Defend_R","Defend_R","Defend_R","Bash","Whirlwind+1","True Grit","Shrug It Off","Spot Weakness","Immolate","Armaments+1","Battle Trance","Reaper","Feel No Pain+1","Warcry+1","Clothesline","Cleave","Inflame+1","Dark Embrace","Flex+1","Limit Break+1","Demon Form","Barricade+1","Iron Wave+1","Reaper","Reaper"],"special_seed":0,"relics":["Velvet Choker","Mercury Hourglass","Letter Opener","Red Skull","Shuriken","Strawberry","Runic Pyramid","ClockworkSouvenir","Smiling Mask","Centennial Puzzle","Kunai","Darkstone Periapt","Lizard Tail","Omamori","FossilizedHelix","Meat on the Bone","Boot","MawBank","Oddly Smooth Stone","Anchor"],"potions_floor_usage":[55,55],"damage_taken":[{"damage":5.0,"enemies":"Small Slimes","floor":1.0,"turns":4.0},{"damage":0.0,"enemies":"Cultist","floor":5.0,"turns":4.0},{"damage":24.0,"enemies":"Gremlin Nob","floor":6.0,"turns":4.0},{"damage":0.0,"enemies":"Jaw Worm","floor":7.0,"turns":3.0},{"damage":0.0,"enemies":"Lots of Slimes","floor":8.0,"turns":1.0},{"damage":17.0,"enemies":"Lagavulin","floor":11.0,"turns":6.0},{"damage":0.0,"enemies":"3 Sentries","floor":13.0,"turns":1.0},{"damage":4.0,"enemies":"Exordium Wildlife","floor":14.0,"turns":3.0},{"damage":13.0,"enemies":"Slime Boss","floor":16.0,"turns":6.0},{"damage":7.0,"enemies":"Chosen","floor":18.0,"turns":4.0},{"damage":4.0,"enemies":"Spheric Guardian","floor":19.0,"turns":4.0},{"damage":10.0,"enemies":"Snecko","floor":20.0,"turns":5.0},{"damage":0.0,"enemies":"Chosen and Byrds","floor":22.0,"turns":5.0},{"damage":6.0,"enemies":"Book of Stabbing","floor":23.0,"turns":4.0},{"damage":1.0,"enemies":"Cultist and Chosen","floor":24.0,"turns":5.0},{"damage":5.0,"enemies":"Gremlin Leader","floor":25.0,"turns":5.0},{"damage":13.0,"enemies":"Slavers","floor":27.0,"turns":3.0},{"damage":23.0,"enemies":"Centurion and Healer","floor":30.0,"turns":8.0},{"damage":21.0,"enemies":"Book of Stabbing","floor":31.0,"turns":7.0},{"damage":26.0,"enemies":"Automaton","floor":33.0,"turns":12.0},{"damage":17.0,"enemies":"3 Darklings","floor":35.0,"turns":5.0},{"damage":37.0,"enemies":"2 Orb Walkers","floor":37.0,"turns":3.0},{"damage":0.0,"enemies":"3 Shapes","floor":38.0,"turns":2.0},{"damage":20.0,"enemies":"Nemesis","floor":40.0,"turns":7.0},{"damage":8.0,"enemies":"Spire Growth","floor":41.0,"turns":13.0},{"damage":64.0,"enemies":"Giant Head","floor":42.0,"turns":10.0},{"damage":11.0,"enemies":"4 Shapes","floor":44.0,"turns":2.0},{"damage":24.0,"enemies":"Transient","floor":46.0,"turns":5.0},{"damage":8.0,"enemies":"Reptomancer","floor":47.0,"turns":6.0},{"damage":22.0,"enemies":"3 Darklings","floor":48.0,"turns":4.0},{"damage":88.0,"enemies":"Time Eater","floor":50.0,"turns":14.0},{"damage":165.0,"enemies":"Shield and Spear","floor":54.0,"turns":9.0},{"damage":190,"enemies":"The Heart","floor":55,"turns":9}],"seed_played":"-6057221635081714159","potions_obtained":[{"floor":5.0,"key":"Regen Potion"},{"floor":11.0,"key":"EntropicBrew"},{"floor":14.0,"key":"Dexterity Potion"},{"floor":18.0,"key":"Strength Potion"},{"floor":25.0,"key":"AttackPotion"},{"floor":30.0,"key":"PowerPotion"},{"floor":35.0,"key":"Fire Potion"},{"floor":48.0,"key":"SteroidPotion"}],"is_trial":false,"path_per_floor":["M","$","?","?","M","E","M","M","T","T","E","R","E","M","R","B",null,"M","M","M","$","M","E","M","E","T","E","?","R","M","E","R","B",null,"M","$","?","M","$","E","M","E","T","M","R","M","E","M","R","B",null,"R","$","E","B"],"character_chosen":"IRONCLAD","items_purchased":["Whirlwind","ClockworkSouvenir","Limit Break","Omamori","LiquidBronze","Oddly Smooth Stone"],"campfire_rested":0,"item_purchase_floors":[2,21,36,36,53,53],"current_hp_per_floor":[63,63,56,56,56,44,44,44,44,44,27,27,34,30,30,17,66,74,79,69,69,81,82,82,82,82,69,69,69,61,52,52,57,76,82,82,73,82,82,82,82,82,82,71,71,65,82,82,82,36,71,71,71,53,0],"gold":49,"neow_bonus":"BOSS_RELIC","is_prod":false,"is_daily":false,"chose_seed":false,"campfire_upgraded":6,"win_rate":0,"timestamp":1550533785,"path_taken":["M","$","?","?","?","E","M","M","T","?","E","R","E","M","R","BOSS","M","M","?","$","M","E","M","E","T","E","?","R","?","E","R","BOSS","M","$","?","M","$","E","M","E","T","M","R","M","E","M","R","BOSS","R","$","E","BOSS"],"build_version":"2019-02-06","purchased_purges":2,"victory":false,"max_hp_per_floor":[75,75,75,75,75,75,75,75,75,75,75,75,82,82,82,82,82,82,82,82,82,82,82,82,82,82,82,82,82,82,82,82,82,82,82,82,82,82,82,82,82,82,82,82,82,82,82,82,82,82,82,82,82,82,82],"card_choices":[{"not_picked":["Sword Boomerang","Warcry","Flex"],"picked":"SKIP","floor":1.0},{"not_picked":["Anger","Headbutt"],"picked":"Shrug It Off","floor":5.0},{"not_picked":["Clash","Anger"],"picked":"Spot Weakness","floor":6.0},{"not_picked":["Pommel Strike","True Grit"],"picked":"Immolate","floor":7.0},{"not_picked":["Pummel","Flex","Clash"],"picked":"SKIP","floor":8.0},{"not_picked":["Pommel Strike","Flex"],"picked":"Armaments","floor":11.0},{"not_picked":["Wild Strike","Rage"],"picked":"Battle Trance","floor":13.0},{"not_picked":["Body Slam","Clash","Pummel"],"picked":"SKIP","floor":14.0},{"not_picked":["Dark Embrace","Limit Break"],"picked":"Reaper","floor":16.0},{"not_picked":["Bloodletting+1","Heavy Blade"],"picked":"Feel No Pain","floor":18.0},{"not_picked":["Headbutt","Anger"],"picked":"Warcry+1","floor":19.0},{"not_picked":["Sever Soul","Reckless Charge","Battle Trance"],"picked":"SKIP","floor":20.0},{"not_picked":["Havoc","Armaments"],"picked":"Clothesline","floor":22.0},{"not_picked":["Cleave+1","Fiend Fire","Armaments"],"picked":"SKIP","floor":23.0},{"not_picked":["Clothesline","Burning Pact+1","Sentinel"],"picked":"SKIP","floor":24.0},{"not_picked":["Cleave+1","Body Slam","Warcry"],"picked":"SKIP","floor":25.0},{"not_picked":["Anger","Cleave+1","Bludgeon"],"picked":"SKIP","floor":27.0},{"not_picked":["Sever Soul","Searing Blow"],"picked":"Inflame","floor":30.0},{"not_picked":["Body Slam","Carnage+1","Havoc"],"picked":"SKIP","floor":31.0},{"not_picked":["Berserk","Bludgeon"],"picked":"Dark Embrace","floor":33.0},{"not_picked":["Clash","Corruption"],"picked":"Flex+1","floor":35.0},{"not_picked":["True Grit","Heavy Blade"],"picked":"Demon Form","floor":37.0},{"not_picked":["Iron Wave","Dual Wield+1","Flex"],"picked":"SKIP","floor":38.0},{"not_picked":["Burning Pact","Metallicize"],"picked":"Barricade","floor":40.0},{"not_picked":["Heavy Blade","Anger"],"picked":"Iron Wave+1","floor":41.0},{"not_picked":["Rampage+1","Seeing Red","Evolve"],"picked":"SKIP","floor":42.0},{"not_picked":["Flex+1","Wild Strike","Rampage"],"picked":"SKIP","floor":44.0},{"not_picked":["Headbutt","Rupture"],"picked":"Reaper","floor":46.0},{"not_picked":["Battle Trance","Iron Wave","Clothesline"],"picked":"SKIP","floor":47.0},{"not_picked":["Thunderclap","Bloodletting","Spot Weakness"],"picked":"SKIP","floor":48.0},{"not_picked":["Twin Strike","Fire Breathing"],"picked":"Reaper","floor":54.0}],"player_experience":1985092,"relics_obtained":[{"floor":6.0,"key":"Mercury Hourglass"},{"floor":9.0,"key":"Letter Opener"},{"floor":10.0,"key":"Red Skull"},{"floor":11.0,"key":"Shuriken"},{"floor":13.0,"key":"Strawberry"},{"floor":23.0,"key":"Smiling Mask"},{"floor":25.0,"key":"Centennial Puzzle"},{"floor":27.0,"key":"Kunai"},{"floor":31.0,"key":"Darkstone Periapt"},{"floor":37.0,"key":"FossilizedHelix"},{"floor":40.0,"key":"Meat on the Bone"},{"floor":42.0,"key":"Boot"},{"floor":47.0,"key":"MawBank"},{"floor":54.0,"key":"Anchor"}],"event_choices":[{"cards_removed":["Strike_R"],"damage_healed":0.0,"max_hp_gain":0.0,"max_hp_loss":0.0,"gold_gain":0.0,"event_name":"Golden Wing","player_choice":"Card Removal","floor":3.0,"gold_loss":0.0,"damage_taken":7.0},{"damage_healed":0.0,"max_hp_gain":0.0,"max_hp_loss":0.0,"gold_gain":0.0,"cards_transformed":["Strike_R"],"event_name":"Transmorgrifier","player_choice":"Transformed","floor":4.0,"gold_loss":0.0,"damage_taken":0.0,"cards_obtained":["True Grit"]},{"damage_healed":0.0,"max_hp_gain":0.0,"max_hp_loss":0.0,"gold_gain":0.0,"cards_transformed":["Strike_R"],"event_name":"Transmorgrifier","player_choice":"Transformed","floor":28.0,"gold_loss":0.0,"damage_taken":0.0,"cards_obtained":["Cleave"]},{"damage_healed":0.0,"max_hp_gain":0.0,"max_hp_loss":0.0,"gold_gain":0.0,"event_name":"Mysterious Sphere","player_choice":"Fight","floor":37.0,"gold_loss":0.0,"damage_taken":0.0}],"is_beta":true,"boss_relics":[{"not_picked":["Cursed Key","White Beast Statue"],"picked":"Runic Pyramid"},{"not_picked":["Runic Cube","Empty Cage"],"picked":"Lizard Tail"}],"items_purged_floors":[21,39],"is_endless":false,"potions_floor_spawned":[5,11,14,18,20,25,30,31,33,35,41,42,48],"killed_by":"The Heart","ascension_level":15}