{"gold_per_floor":[114,128,60,160,177,207,219,294,294,294,294,312,157,157,157,257,257,237,86,86,86,106,106,124,124,124,157,173,173,173,173,173,277,277,296,307,253,213,229,229],"floor_reached":40,"playtime":2641,"items_purged":[],"score":384,"play_id":"aaec7f40-1d06-4e54-af2f-b25dc7ab57ed","local_time":"20190312112500","is_ascension_mode":false,"campfire_choices":[{"floor":10,"key":"REST"},{"data":"Metallicize","floor":15,"key":"SMITH"},{"data":"Spot Weakness","floor":23,"key":"SMITH"},{"data":"Cleave","floor":25,"key":"SMITH"},{"data":"Inflame","floor":30,"key":"SMITH"},{"floor":32,"key":"REST"}],"neow_cost":"NONE","seed_source_timestamp":935849952207626,"circlet_count":0,"master_deck":["Strike_R+1","Strike_R+1","Strike_R","Strike_R","Defend_R","Defend_R+1","Defend_R","Defend_R","Bash+1","Headbutt","Iron Wave","Inflame+1","Spot Weakness+1","Metallicize+1","Cleave+1","Bludgeon","Twin Strike+1","Anger+1","Twin Strike+1","RitualDagger+1","Dark Embrace","Fire Breathing+1","Heavy Blade+1","Armaments+1","Rampage+1"],"relics":["Burning Blood","Juzu Bracelet","Whetstone","Matryoshka","Lantern","Eternal Feather","Anchor","Molten Egg 2","Darkstone Periapt","Red Mask","Red Skull","Letter Opener","Coffee Dripper"],"potions_floor_usage":[16,27,28,33,33,36,40],"damage_taken":[{"damage":6,"enemies":"Jaw Worm","floor":1,"turns":5},{"damage":1,"enemies":"Cultist","floor":2,"turns":3},{"damage":5,"enemies":"Small Slimes","floor":5,"turns":3},{"damage":46,"enemies":"Lagavulin","floor":6,"turns":9},{"damage":9,"enemies":"2 Fungi Beasts","floor":7,"turns":3},{"damage":0,"enemies":"Lots of Slimes","floor":12,"turns":2},{"damage":20,"enemies":"Slime Boss","floor":16,"turns":9},{"damage":25,"enemies":"2 Thieves","floor":18,"turns":4},{"damage":13,"enemies":"Spheric Guardian","floor":22,"turns":4},{"damage":19,"enemies":"Cultist and Chosen","floor":24,"turns":5},{"damage":25,"enemies":"Masked Bandits","floor":27,"turns":5},{"damage":3,"enemies":"3 Cultists","floor":28,"turns":6},{"damage":77,"enemies":"Collector","floor":33,"turns":9},{"damage":10,"enemies":"Orb Walker","floor":35,"turns":4},{"damage":13,"enemies":"3 Darklings","floor":36,"turns":5},{"damage":35,"enemies":"Maw","floor":39,"turns":8},{"damage":40,"enemies":"Giant Head","floor":40,"turns":6}],"seed_played":"-3410729323282986857","potions_obtained":[{"floor":1,"key":"EssenceOfSteel"},{"floor":6,"key":"AttackPotion"},{"floor":12,"key":"BloodPotion"},{"floor":16,"key":"Poison Potion"},{"floor":27,"key":"SkillPotion"},{"floor":33,"key":"Strength Potion"},{"floor":39,"key":"PowerPotion"}],"is_trial":false,"path_per_floor":["?","?","?","?","?","$","?","T","?","?"],"character_chosen":"IRONCLAD","items_purchased":["Inflame","Lantern","Anchor","Armaments"],"campfire_rested":2,"item_purchase_floors":[3,13,19,37],"current_hp_per_floor":[80,80,80,80,80,40,37,26,26,50,34,40,40,80,80,66,80,61,61,61,61,54,63,50,59,59,40,43,43,52,46,80,17,80,76,69,69,69,40,0],"gold":229,"neow_bonus":"RANDOM_COMMON_RELIC","is_prod":false,"is_daily":false,"chose_seed":false,"campfire_upgraded":4,"win_rate":0.0,"timestamp":1552386300,"path_taken":["M","M","$","?","M","E","M","?","T","R","?","M","$","?","R","BOSS","M","$","?","?","M","R","M","R","T","?","M","?","R","?","R","BOSS","M","M","$","?","M","E"],"build_version":"2019-01-23","purchased_purges":0,"victory":false,"max_hp_per_floor":[80,80,80,80,80,80,80,80,80,80,80,80,80,80,80,80,80,80,80,80,80,80,80,80,80,80,80,80,80,80,80,80,80,80,80,80,80,80,80,80],"card_choices":[{"not_picked":["Rage","Clothesline"],"picked":"Headbutt","floor":1},{"not_picked":["Headbutt","Thunderclap"],"picked":"Iron Wave","floor":2},{"not_picked":["Pummel","Cleave"],"picked":"Spot Weakness","floor":5},{"not_picked":["Burning Pact","Second Wind"],"picked":"Metallicize","floor":6},{"not_picked":["Heavy Blade","Carnage"],"picked":"Cleave","floor":7},{"not_picked":["Rage","Second Wind"],"picked":"Flame Barrier","floor":12},{"not_picked":["Dark Embrace","Juggernaut"],"picked":"Bludgeon","floor":16},{"not_picked":["Second Wind","True Grit","Uppercut+1"],"picked":"SKIP","floor":18},{"not_picked":["Burning Pact","Rage+1","Warcry"],"picked":"SKIP","floor":22},{"not_picked":["Uppercut","Iron Wave"],"picked":"Twin Strike+1","floor":24},{"not_picked":["Headbutt+1","Cleave+1"],"picked":"Anger+1","floor":27},{"not_picked":["True Grit","Clash+1"],"picked":"Twin Strike+1","floor":28},{"not_picked":["Berserk","Fiend Fire+1"],"picked":"Dark Embrace","floor":33},{"not_picked":["Shrug It Off+1","Whirlwind+1"],"picked":"Fire Breathing+1","floor":35},{"not_picked":["Pommel Strike+1","Cleave+1"],"picked":"Heavy Blade+1","floor":36},{"not_picked":["Heavy Blade+1","Pummel+1"],"picked":"Rampage+1","floor":39}],"player_experience":42185,"relics_obtained":[{"floor":6,"key":"Whetstone"},{"floor":9,"key":"Matryoshka"},{"floor":26,"key":"Molten Egg 2"},{"floor":26,"key":"Darkstone Periapt"},{"floor":27,"key":"Red Mask"},{"floor":29,"key":"Red Skull"},{"floor":29,"key":"Letter Opener"}],"event_choices":[{"damage_healed":0,"gold_gain":100,"player_choice":"Pray","damage_taken":0,"max_hp_gain":0,"max_hp_loss":0,"event_name":"Golden Shrine","floor":4,"gold_loss":0},{"damage_healed":0,"gold_gain":75,"player_choice":"Gather Gold","damage_taken":11,"max_hp_gain":0,"max_hp_loss":0,"event_name":"World of Goop","floor":8,"gold_loss":0},{"damage_healed":0,"gold_gain":0,"player_choice":"Entered Light","damage_taken":16,"max_hp_gain":0,"max_hp_loss":0,"event_name":"Shining Light","floor":11,"gold_loss":0,"cards_upgraded":["Bash","Defend_R"]},{"cards_removed":["Flame Barrier"],"damage_healed":40,"gold_gain":0,"player_choice":"Offered Uncommon","damage_taken":0,"max_hp_gain":0,"max_hp_loss":0,"event_name":"Bonfire Elementals","floor":14,"gold_loss":0},{"cards_removed":["Strike_R"],"damage_healed":0,"gold_gain":0,"player_choice":"Card Removal","damage_taken":0,"max_hp_gain":0,"max_hp_loss":0,"event_name":"Wheel of Change","floor":20,"gold_loss":0},{"damage_healed":0,"gold_gain":0,"player_choice":"Fought Bandits","damage_taken":0,"max_hp_gain":0,"max_hp_loss":0,"event_name":"Masked Bandits","floor":27,"gold_loss":0},{"damage_healed":0,"gold_gain":0,"player_choice":"Joined the Cult","damage_taken":6,"max_hp_gain":0,"max_hp_loss":0,"event_name":"Nest","floor":31,"gold_loss":0,"cards_obtained":["RitualDagger"]},{"damage_healed":0,"gold_gain":0,"player_choice":"Upgrade","damage_taken":0,"max_hp_gain":0,"max_hp_loss":0,"event_name":"Designer","floor":38,"gold_loss":40,"cards_upgraded":["Armaments"]}],"is_beta":false,"boss_relics":[{"not_picked":["Runic Cube","Velvet Choker"],"picked":"Eternal Feather"},{"not_picked":["Busted Crown","Mark of Pain"],"picked":"Coffee Dripper"}],"items_purged_floors":[],"is_endless":false,"potions_floor_spawned":[1,6,12,16,18,27,33,39],"killed_by":"Giant Head","ascension_level":0}