{"path_per_floor":["M","$","?","?","M","R","$","E","T","M","R","M","R","M","R","B",null,"M","?","M","$","$","R","$","M","T","E","M","E","T","M","R","B",null,"M","?","M","?","?","E","M","T","T"],"character_chosen":"IRONCLAD","items_purchased":["Lee\u0027s Waffle","Iron Wave","Shrug It Off","Armaments","War Paint"],"gold_per_floor":[368,113,113,113,130,130,82,108,108,124,124,136,136,152,152,248,248,259,259,275,4,4,4,4,16,16,49,60,86,86,103,103,205,205,219,219,236,236,289,324,341,394,420],"floor_reached":44,"campfire_rested":0,"playtime":4305,"current_hp_per_floor":[38,87,70,58,64,64,64,50,50,56,56,62,62,58,58,27,87,86,70,71,71,71,71,71,65,65,50,49,62,62,68,68,58,94,85,85,79,79,73,69,58,58,58],"items_purged":["Strike_R"],"gold":420,"play_id":"e31d92f6-98ab-4de0-a344-c0d91f1619de","is_prod":false,"is_daily":false,"is_ascension_mode":false,"campfire_upgraded":5,"path_taken":["M","$","?","?","?","R","?","E","T","M","R","?","R","M","R","BOSS","M","?","M","?","$","R","$","M","T","E","M","E","?","M","R","BOSS","M","?","M","?","?","E","M","?","T","E"],"build_version":"2018-01-25-PROD3","purchased_purges":1,"victory":false,"master_deck":["Strike_R+1","Defend_R","Defend_R+1","Defend_R","Defend_R","Bash","Pommel Strike+1","Iron Wave+1","Heavy Blade","Shrug It Off","Metallicize+1","Iron Wave+1","Thunderclap","Shrug It Off+1","Barricade+1","Body Slam+1","Armaments+1","Shrug It Off+1","Metallicize","Demon Form+1","Uppercut+1","Corruption+1","Seeing Red+1","Seeing Red"],"max_hp_per_floor":[80,87,87,87,87,87,87,87,87,87,87,87,87,87,87,87,87,87,87,87,87,87,87,87,87,87,87,87,94,94,94,94,94,94,94,94,94,94,94,94,94,94,94],"relics":["Burning Blood","Lee\u0027s Waffle","Gambling Chip","Bottled Flame","Pen Nib","Black Star","Enchiridion","War Paint","Torii","Bronze Scales","Happy Flower","Strawberry","Juzu Bracelet","Shovel","Regal Pillow","Astrolabe","Magic Flower","Dream Catcher","Vajra","Bag of Preparation","Omamori"],"card_choices":[{"not_picked":["Combust","Cleave"],"picked":"Pommel Strike"},{"not_picked":["Intimidate","Iron Wave"],"picked":"Heavy Blade"},{"not_picked":["Wild Strike","Headbutt"],"picked":"Metallicize"},{"not_picked":["Corruption","Juggernaut"],"picked":"Iron Wave"},{"not_picked":["Uppercut","True Grit"],"picked":"Thunderclap"},{"not_picked":["Searing Blow","Twin Strike"],"picked":"Shrug It Off"},{"not_picked":["Brutality","Berserk"],"picked":"Barricade"},{"not_picked":["Clothesline","True Grit"],"picked":"Body Slam"},{"not_picked":["Armaments","Feed"],"picked":"Shrug It Off"},{"not_picked":["Shockwave","Whirlwind"],"picked":"Metallicize"},{"not_picked":["Berserk","Limit Break"],"picked":"Demon Form"},{"not_picked":["Shrug It Off","Cleave"],"picked":"Seeing Red"},{"not_picked":["Thunderclap","Wild Strike"],"picked":"Seeing Red"}],"player_experience":41539,"potions_floor_usage":[],"damage_taken":[{"damage":8.0,"enemies":"Cultist","floor":1.0,"turns":5.0},{"damage":0.0,"enemies":"Jaw Worm","floor":5.0,"turns":3.0},{"damage":20.0,"enemies":"3 Sentries","floor":8.0,"turns":11.0},{"damage":0.0,"enemies":"Small Slimes","floor":10.0,"turns":3.0},{"damage":0.0,"enemies":"3 Louse","floor":12.0,"turns":3.0},{"damage":10.0,"enemies":"Exordium Wildlife","floor":14.0,"turns":5.0},{"damage":37.0,"enemies":"Hexaghost","floor":16.0,"turns":15.0},{"damage":7.0,"enemies":"Chosen","floor":18.0,"turns":5.0},{"damage":5.0,"enemies":"Spheric Guardian","floor":20.0,"turns":5.0},{"damage":12.0,"enemies":"Snecko","floor":25.0,"turns":7.0},{"damage":21.0,"enemies":"Book of Stabbing","floor":27.0,"turns":7.0},{"damage":7.0,"enemies":"Sentry and Sphere","floor":28.0,"turns":8.0},{"damage":0.0,"enemies":"Gremlin Leader","floor":29.0,"turns":6.0},{"damage":0.0,"enemies":"3 Cultists","floor":31.0,"turns":5.0},{"damage":16.0,"enemies":"Collector","floor":33.0,"turns":10.0},{"damage":15.0,"enemies":"Orb Walker","floor":35.0,"turns":5.0},{"damage":12.0,"enemies":"3 Shapes","floor":37.0,"turns":7.0},{"damage":21.0,"enemies":"Mysterious Sphere","floor":39.0,"turns":7.0},{"damage":38.0,"enemies":"Nemesis","floor":40.0,"turns":13.0},{"damage":20.0,"enemies":"3 Darklings","floor":41.0,"turns":8.0},{"damage":81,"enemies":"2 Orb Walkers","floor":44,"turns":4}],"event_choices":[{"event_name":"Shining Light","player_choice":"Entered Light","floor":3.0,"damage_taken":0.0},{"event_name":"Scrap Ooze","player_choice":"success","floor":4.0,"damage_taken":12.0},{"event_name":"Cursed Tome","player_choice":"Obtained Book","floor":19.0,"damage_taken":0.0},{"event_name":"Upgrade Shrine","player_choice":"Upgraded","floor":36.0,"damage_taken":0.0},{"event_name":"Mysterious Sphere","player_choice":"Fight","floor":39.0,"damage_taken":0.0}],"boss_relics":[],"potions_floor_spawned":[1,10,12,16,18,20,33,37,39,40],"seed_played":"-7161258995477945934","killed_by":"2 Orb Walkers","ascension_level":0,"is_trial":false}