{"gold_per_floor":[119,119,21,35,53,86,103,103,103,131,131,151,182,193,193,264,264,282,251,166,20,33,33,62,73,128,128,157,187,217,217,217,294,294,304,234,247,247,247,247,280,280,306,336,353,353,387,67,67,67,67,67,22,50,50],"floor_reached":55,"playtime":2774,"items_purged":["Strike_G"],"score":1592,"play_id":"72f70888-9b94-4f6f-bd63-0d06751182f1","local_time":"20190226233810","is_ascension_mode":true,"campfire_choices":[{"data":"Crippling Poison","floor":8.0,"key":"SMITH"},{"data":"Catalyst","floor":15.0,"key":"SMITH"},{"data":"Cloak And Dagger","floor":23.0,"key":"SMITH"},{"data":"Cloak And Dagger","floor":27.0,"key":"SMITH"},{"data":"Infinite Blades","floor":32.0,"key":"SMITH"},{"data":"Skewer","floor":40.0,"key":"SMITH"},{"floor":42.0,"key":"RECALL"},{"floor":46.0,"key":"REST"},{"data":"Well Laid Plans","floor":49.0,"key":"SMITH"},{"floor":52.0,"key":"REST"}],"neow_cost":"NONE","seed_source_timestamp":813652715247645,"circlet_count":0,"master_deck":["AscendersBane","Defend_G+1","Defend_G","Defend_G","Defend_G","Defend_G","Strike_G","Strike_G","Survivor","Neutralize","Dagger Throw","Footwork","Crippling Poison+1","Well Laid Plans+1","Dodge and Roll+1","Catalyst+1","PiercingWail","Tools of the Trade","Dash","Cloak And Dagger+1","Infinite Blades+1","Dagger Spray","Cloak And Dagger+1","Backflip+1","Skewer+1","Blur+1","Prepared+1","Apotheosis+1","Dagger Spray","Crippling Poison+1","Parasite","Bouncing Flask+1","Deadly Poison+1","PiercingWail+1","Blade Dance+1"],"special_seed":0,"relics":["Busted Crown","Ninja Scroll","Strawberry","Kunai","Empty Cage","Pear","Toxic Egg 2","Tiny Chest","Bag of Preparation","Red Mask","Blood Vial","Matryoshka","WristBlade","War Paint","PreservedInsect","Vajra","Regal Pillow","OrangePellets","Orichalcum"],"potions_floor_usage":[55,55],"damage_taken":[{"damage":0.0,"enemies":"Jaw Worm","floor":1.0,"turns":6.0},{"damage":0.0,"enemies":"2 Louse","floor":4.0,"turns":3.0},{"damage":0.0,"enemies":"Cultist","floor":5.0,"turns":4.0},{"damage":33.0,"enemies":"Gremlin Nob","floor":6.0,"turns":6.0},{"damage":0.0,"enemies":"Exordium Thugs","floor":7.0,"turns":5.0},{"damage":5.0,"enemies":"Lagavulin","floor":10.0,"turns":7.0},{"damage":1.0,"enemies":"2 Fungi Beasts","floor":12.0,"turns":5.0},{"damage":4.0,"enemies":"3 Sentries","floor":13.0,"turns":11.0},{"damage":9.0,"enemies":"Blue Slaver","floor":14.0,"turns":4.0},{"damage":0.0,"enemies":"The Guardian","floor":16.0,"turns":14.0},{"damage":1.0,"enemies":"Shell Parasite","floor":18.0,"turns":8.0},{"damage":12.0,"enemies":"2 Thieves","floor":19.0,"turns":5.0},{"damage":5.0,"enemies":"Centurion and Healer","floor":22.0,"turns":7.0},{"damage":0.0,"enemies":"Slavers","floor":24.0,"turns":6.0},{"damage":2.0,"enemies":"Cultist and Chosen","floor":25.0,"turns":7.0},{"damage":11.0,"enemies":"Book of Stabbing","floor":28.0,"turns":5.0},{"damage":8.0,"enemies":"Masked Bandits","floor":29.0,"turns":4.0},{"damage":2.0,"enemies":"Gremlin Leader","floor":30.0,"turns":6.0},{"damage":1.0,"enemies":"Automaton","floor":33.0,"turns":15.0},{"damage":1.0,"enemies":"3 Shapes","floor":35.0,"turns":4.0},{"damage":12.0,"enemies":"3 Darklings","floor":37.0,"turns":5.0},{"damage":11.0,"enemies":"Giant Head","floor":41.0,"turns":11.0},{"damage":0.0,"enemies":"Nemesis","floor":44.0,"turns":7.0},{"damage":6.0,"enemies":"Writhing Mass","floor":45.0,"turns":7.0},{"damage":6.0,"enemies":"Reptomancer","floor":47.0,"turns":5.0},{"damage":28.0,"enemies":"Donu and Deca","floor":50.0,"turns":11.0},{"damage":11.0,"enemies":"Shield and Spear","floor":54.0,"turns":7.0},{"damage":79,"enemies":"The Heart","floor":55,"turns":6}],"seed_played":"-4236573109579623860","potions_obtained":[{"floor":1.0,"key":"Fruit Juice"},{"floor":6.0,"key":"Strength Potion"},{"floor":7.0,"key":"Regen Potion"},{"floor":14.0,"key":"AttackPotion"},{"floor":18.0,"key":"LiquidBronze"},{"floor":19.0,"key":"FearPotion"},{"floor":25.0,"key":"Weak Potion"},{"floor":29.0,"key":"GamblersBrew"},{"floor":30.0,"key":"Regen Potion"},{"floor":37.0,"key":"Ancient Potion"},{"floor":44.0,"key":"EssenceOfSteel"},{"floor":45.0,"key":"PowerPotion"}],"is_trial":false,"path_per_floor":["M","?","$","M","M","E","M","R","T","E","?","M","E","M","R","B",null,"M","M","?","$","M","R","E","M","T","R","E","?","E","T","R","B",null,"M","$","M","?","?","R","E","R","T","E","M","R","E","$","R","B",null,"R","$","E","B"],"character_chosen":"THE_SILENT","items_purchased":["Dagger Throw","Footwork","Cloak And Dagger","Infinite Blades","Dagger Spray","Blur+1","PiercingWail+1","OrangePellets","Blade Dance+1"],"campfire_rested":2,"item_purchase_floors":[3,3,21,21,21,36,48,48,53],"current_hp_per_floor":[59,59,59,59,59,26,31,31,31,47,47,46,42,33,33,33,67,66,54,64,64,59,59,59,57,57,57,46,38,36,36,36,52,79,80,80,70,60,60,60,51,51,51,53,49,75,71,71,71,45,77,88,88,77,0],"gold":50,"neow_bonus":"BOSS_RELIC","is_prod":false,"is_daily":false,"chose_seed":false,"campfire_upgraded":7,"win_rate":0,"timestamp":1551242290,"path_taken":["M","?","$","M","M","E","M","R","T","E","?","M","E","M","R","BOSS","M","M","?","$","M","R","E","M","T","R","E","?","E","?","R","BOSS","M","$","M","?","?","R","E","R","T","E","?","R","E","$","R","BOSS","R","$","E","BOSS"],"build_version":"2019-02-06","purchased_purges":1,"victory":false,"max_hp_per_floor":[66,66,66,66,66,66,71,71,71,78,78,78,78,78,78,78,78,78,78,88,88,88,88,88,88,88,88,88,88,88,88,88,88,88,88,88,88,88,88,88,88,88,88,88,88,88,88,88,88,88,88,88,88,88,88],"card_choices":[{"not_picked":["Prepared"],"picked":"SKIP","floor":1.0},{"not_picked":[],"picked":"Crippling Poison","floor":4.0},{"not_picked":[],"picked":"Well Laid Plans","floor":5.0},{"not_picked":[],"picked":"Dodge and Roll","floor":6.0},{"not_picked":["Flying Knee"],"picked":"SKIP","floor":7.0},{"not_picked":[],"picked":"Catalyst","floor":10.0},{"not_picked":["Reflex"],"picked":"SKIP","floor":12.0},{"not_picked":["Tactician"],"picked":"SKIP","floor":13.0},{"not_picked":[],"picked":"PiercingWail","floor":14.0},{"not_picked":[],"picked":"Tools of the Trade","floor":16.0},{"not_picked":["Expertise"],"picked":"SKIP","floor":18.0},{"not_picked":[],"picked":"Dash","floor":19.0},{"not_picked":[],"picked":"Cloak And Dagger","floor":22.0},{"not_picked":[],"picked":"Backflip","floor":24.0},{"not_picked":[],"picked":"Skewer","floor":25.0},{"not_picked":["Outmaneuver+1"],"picked":"SKIP","floor":28.0},{"not_picked":["Underhanded Strike+1"],"picked":"SKIP","floor":30.0},{"not_picked":["Bane"],"picked":"SKIP","floor":35.0},{"not_picked":[],"picked":"Prepared+1","floor":37.0},{"not_picked":[],"picked":"Apotheosis+1","floor":38.0},{"not_picked":["Concentrate+1"],"picked":"SKIP","floor":41.0},{"not_picked":[],"picked":"Crippling Poison+1","floor":44.0},{"not_picked":[],"picked":"Bouncing Flask+1","floor":45.0},{"not_picked":[],"picked":"Deadly Poison+1","floor":47.0},{"not_picked":["Endless Agony"],"picked":"SKIP","floor":54.0}],"player_experience":2050335,"relics_obtained":[{"floor":9.0,"key":"Ninja Scroll"},{"floor":10.0,"key":"Strawberry"},{"floor":13.0,"key":"Kunai"},{"floor":24.0,"key":"Toxic Egg 2"},{"floor":26.0,"key":"Tiny Chest"},{"floor":28.0,"key":"Bag of Preparation"},{"floor":29.0,"key":"Red Mask"},{"floor":30.0,"key":"Blood Vial"},{"floor":31.0,"key":"Matryoshka"},{"floor":41.0,"key":"War Paint"},{"floor":43.0,"key":"PreservedInsect"},{"floor":44.0,"key":"Vajra"},{"floor":47.0,"key":"Regal Pillow"},{"floor":54.0,"key":"Orichalcum"}],"event_choices":[{"damage_healed":0.0,"max_hp_gain":0.0,"max_hp_loss":0.0,"gold_gain":0.0,"event_name":"The Cleric","player_choice":"Leave","floor":2.0,"gold_loss":0.0,"damage_taken":0.0},{"damage_healed":0.0,"max_hp_gain":0.0,"max_hp_loss":0.0,"gold_gain":0.0,"event_name":"Liars Game","player_choice":"Ignored","floor":11.0,"gold_loss":0.0,"damage_taken":0.0},{"damage_healed":0.0,"max_hp_gain":0.0,"max_hp_loss":0.0,"gold_gain":0.0,"event_name":"Addict","player_choice":"Obtained Relic","floor":20.0,"gold_loss":85.0,"damage_taken":0.0,"relics_obtained":["Pear"]},{"damage_healed":0.0,"max_hp_gain":0.0,"max_hp_loss":0.0,"gold_gain":0.0,"event_name":"Masked Bandits","player_choice":"Fought Bandits","floor":29.0,"gold_loss":0.0,"damage_taken":0.0},{"damage_healed":0.0,"max_hp_gain":0.0,"max_hp_loss":0.0,"gold_gain":0.0,"event_name":"SensoryStone","player_choice":"Memory 3","floor":38.0,"gold_loss":0.0,"damage_taken":10.0},{"damage_healed":0.0,"max_hp_gain":0.0,"max_hp_loss":0.0,"gold_gain":0.0,"event_name":"Match and Keep!","player_choice":"1 cards matched","floor":39.0,"gold_loss":0.0,"damage_taken":0.0,"cards_obtained":["Dagger Spray"]}],"is_beta":true,"boss_relics":[{"not_picked":["Tiny House","Eternal Feather"],"picked":"Empty Cage"},{"not_picked":["Black Star","Velvet Choker"],"picked":"WristBlade"}],"items_purged_floors":[48],"is_endless":false,"potions_floor_spawned":[1,6,7,14,18,19,25,29,30,37,44,45,47],"killed_by":"The Heart","ascension_level":15}