{"gold_per_floor":[115,20,20,82,94,134,146,185,220,263,298,38,51,61,61,159,159,172,185,185],"floor_reached":20,"playtime":1257,"items_purged":[],"score":180,"play_id":"f4685196-8bc0-4bf0-a951-9402c7650c36","local_time":"20190310221321","is_ascension_mode":false,"campfire_choices":[{"data":"Dual Wield","floor":7,"key":"SMITH"},{"floor":15,"key":"REST"}],"neow_cost":"NONE","seed_source_timestamp":28208184182666,"circlet_count":0,"master_deck":["Strike_R","Strike_R","Strike_R","Strike_R","Strike_R","Defend_R","Defend_R","Defend_R","Defend_R","Bash","Heavy Blade","PanicButton","Dual Wield+1","Flex","Clothesline","Jack Of All Trades","Infernal Blade","Sever Soul","Inflame","Thunderclap","Clothesline","Demon Form","Spot Weakness+1","Flex"],"relics":["Snecko Eye","MawBank","Centennial Puzzle","Odd Mushroom","Red Skull","Boot","Omamori","Black Star"],"potions_floor_usage":[20,20,20],"damage_taken":[{"damage":11,"enemies":"Jaw Worm","floor":1,"turns":2},{"damage":8,"enemies":"Lagavulin","floor":6,"turns":4},{"damage":7,"enemies":"The Mushroom Lair","floor":8,"turns":3},{"damage":35,"enemies":"3 Sentries","floor":10,"turns":7},{"damage":0,"enemies":"2 Louse","floor":13,"turns":1},{"damage":0,"enemies":"Cultist","floor":14,"turns":2},{"damage":30,"enemies":"Hexaghost","floor":16,"turns":5},{"damage":57,"enemies":"3 Byrds","floor":18,"turns":5},{"damage":12,"enemies":"Shell Parasite","floor":19,"turns":2},{"damage":14,"enemies":"Masked Bandits","floor":20,"turns":3}],"seed_played":"-203932739981172256","potions_obtained":[{"floor":1,"key":"Energy Potion"},{"floor":8,"key":"Swift Potion"},{"floor":13,"key":"Swift Potion"},{"floor":14,"key":"EssenceOfSteel"}],"is_trial":false,"path_per_floor":["M","$","?","?","$","E","R","?","T","E","T","$","M","M","R","B",null,"M","M","?"],"character_chosen":"IRONCLAD","items_purchased":["PanicButton","Jack Of All Trades","Infernal Blade","Sever Soul","Inflame"],"campfire_rested":1,"item_purchase_floors":[2,12,12,12,12],"current_hp_per_floor":[69,69,66,66,66,58,58,51,51,16,16,16,16,16,40,10,80,23,11,0],"gold":185,"neow_bonus":"BOSS_RELIC","is_prod":false,"is_daily":false,"chose_seed":false,"campfire_upgraded":1,"win_rate":0.0,"timestamp":1552281201,"path_taken":["M","$","?","?","$","E","R","?","T","E","?","$","M","M","R","BOSS","M","?","?"],"build_version":"2019-01-23","purchased_purges":0,"victory":false,"max_hp_per_floor":[80,80,80,80,80,80,80,80,80,80,80,80,80,80,80,80,80,80,80,80],"card_choices":[{"not_picked":["Carnage","Fire Breathing"],"picked":"Heavy Blade","floor":1},{"not_picked":["Body Slam","Perfected Strike"],"picked":"Dual Wield","floor":6},{"not_picked":["Searing Blow","Perfected Strike"],"picked":"Flex","floor":8},{"not_picked":["Offering","Ghostly Armor"],"picked":"Clothesline","floor":10},{"not_picked":["Iron Wave","Warcry"],"picked":"Thunderclap","floor":13},{"not_picked":["Ghostly Armor","Twin Strike"],"picked":"Clothesline","floor":14},{"not_picked":["Reaper","Offering"],"picked":"Demon Form","floor":16},{"not_picked":["Cleave+1","Clash+1"],"picked":"Spot Weakness+1","floor":18},{"not_picked":["Perfected Strike","True Grit"],"picked":"Flex","floor":19}],"player_experience":10864,"relics_obtained":[{"floor":6,"key":"Centennial Puzzle"},{"floor":8,"key":"Odd Mushroom"},{"floor":9,"key":"Red Skull"},{"floor":10,"key":"Boot"},{"floor":11,"key":"Omamori"}],"event_choices":[{"damage_healed":0,"gold_gain":0,"player_choice":"Success","damage_taken":3,"relics_obtained":["MawBank"],"max_hp_gain":0,"max_hp_loss":0,"event_name":"Scrap Ooze","floor":3,"gold_loss":0},{"damage_healed":0,"gold_gain":50,"player_choice":"Gained Gold","damage_taken":0,"max_hp_gain":0,"max_hp_loss":0,"event_name":"Golden Wing","floor":4,"gold_loss":0},{"damage_healed":0,"gold_gain":0,"player_choice":"Fought Mushrooms","damage_taken":0,"max_hp_gain":0,"max_hp_loss":0,"event_name":"Mushrooms","floor":8,"gold_loss":0},{"damage_healed":0,"gold_gain":0,"player_choice":"Fought Bandits","damage_taken":0,"max_hp_gain":0,"max_hp_loss":0,"event_name":"Masked Bandits","floor":20,"gold_loss":0}],"is_beta":false,"boss_relics":[{"not_picked":["Runic Cube","Ectoplasm"],"picked":"Black Star"}],"items_purged_floors":[],"is_endless":false,"potions_floor_spawned":[1,8,13,14],"killed_by":"Masked Bandits","ascension_level":0}