{"path_per_floor":["M","?","?","M","$","R","T","?","T","E","M","?","E","M","R","B",null,"M","M","M","?","?","R","M","?","T","T","R","$","?","M","R"],"character_chosen":"IRONCLAD","items_purchased":["Shrug It Off","Matryoshka","Inflame"],"gold_per_floor":[209,159,234,254,229,229,253,253,253,286,302,302,332,342,342,445,445,464,474,484,399,299,299,314,314,314,338,338,13,13,27,27],"floor_reached":33,"campfire_rested":3,"playtime":2861,"current_hp_per_floor":[80,80,69,71,71,71,71,71,71,68,74,67,54,58,58,33,80,65,37,29,29,29,54,37,21,21,21,47,47,47,33,59],"items_purged":[],"gold":27,"score":304,"play_id":"6223ff4e-55e9-4c90-8cd1-f9a8e00fae7d","is_prod":false,"is_daily":false,"is_ascension_mode":true,"campfire_upgraded":2,"path_taken":["M","?","?","M","$","R","?","?","T","E","?","?","E","M","R","BOSS","M","M","?","?","?","R","?","?","T","?","R","$","?","M","R","BOSS"],"build_version":"2018-02-08-PROD1","purchased_purges":0,"victory":false,"master_deck":["Strike_R","Strike_R","Strike_R","Strike_R","Defend_R","Defend_R","Defend_R","Defend_R","Bash+1","Armaments+1","Shrug It Off","Pommel Strike+1","Metallicize","Warcry","Shrug It Off","Armaments+1","Demon Form","Thunderclap","J.A.X.","Bloodletting","Inflame","Seeing Red","Flex"],"max_hp_per_floor":[80,80,80,80,80,80,80,80,80,80,80,80,80,80,80,80,80,82,82,84,84,84,84,84,89,89,89,89,89,89,89,89],"relics":["Burning Blood","Anchor","Calipers","Orichalcum","Singing Bowl","Whetstone","Black Star","Vajra","Mummified Hand","Oddly Smooth Stone","Matryoshka"],"card_choices":[{"not_picked":["Power Through","Brutality"],"picked":"Armaments"},{"not_picked":["Anger","Brutality"],"picked":"Metallicize"},{"not_picked":["Cleave","Infernal Blade"],"picked":"Warcry"},{"not_picked":["Bloodletting","Perfected Strike"],"picked":"Shrug It Off"},{"not_picked":["Brutality","Rampage"],"picked":"Armaments"},{"not_picked":["Bludgeon","Impervious"],"picked":"Demon Form"},{"not_picked":["Iron Wave","Body Slam"],"picked":"Thunderclap"},{"not_picked":["Perfected Strike","Berserk"],"picked":"Bloodletting"},{"not_picked":["Iron Wave","Shrug It Off"],"picked":"Flex"}],"player_experience":102217,"potions_floor_usage":[13,16,20,24,33,33],"damage_taken":[{"damage":2,"enemies":"Jaw Worm","floor":1,"turns":3},{"damage":4,"enemies":"2 Louse","floor":4,"turns":4},{"damage":9,"enemies":"3 Sentries","floor":10,"turns":12},{"damage":0,"enemies":"Cultist","floor":11,"turns":3},{"damage":19,"enemies":"Gremlin Nob","floor":13,"turns":4},{"damage":2,"enemies":"Looter","floor":14,"turns":3},{"damage":31,"enemies":"Slime Boss","floor":16,"turns":25},{"damage":23,"enemies":"Shell Parasite","floor":18,"turns":9},{"damage":34,"enemies":"Chosen","floor":19,"turns":7},{"damage":31,"enemies":"Snake Plant","floor":20,"turns":7},{"damage":23,"enemies":"Centurion and Healer","floor":24,"turns":9},{"damage":20,"enemies":"Snecko","floor":31,"turns":6},{"damage":79,"enemies":"Automaton","floor":33,"turns":12}],"event_choices":[{"event_name":"The Cleric","player_choice":"Card Removal","floor":2,"damage_taken":0},{"event_name":"World of Goop","player_choice":"Gather Gold","floor":3,"damage_taken":0},{"event_name":"Match and Keep!","player_choice":"1 cards matched","floor":8,"damage_taken":0},{"event_name":"Scrap Ooze","player_choice":"success","floor":12,"damage_taken":7},{"event_name":"Addict","player_choice":"Obtained Relic","floor":21,"damage_taken":0},{"event_name":"Drug Dealer","player_choice":"Got JAXXED","floor":22,"damage_taken":0},{"event_name":"Forgotten Altar","player_choice":"Shed Blood","floor":25,"damage_taken":0},{"event_name":"The Library","player_choice":"Read","floor":30,"damage_taken":0}],"boss_relics":[{"not_picked":["Sozu","Snecko Eye"],"picked":"Black Star"}],"potions_floor_spawned":[4,10,11,16,18,19,31],"seed_played":"-8924183357537315398","killed_by":"Automaton","ascension_level":4,"is_trial":false}