{"gold_per_floor":[109,109,125,28,28,57,68,68,68,68,81,98,110,127,127,228,228,168,20,34,47,58,72,72,84,110,21,37,37,48,79,79,79],"floor_reached":33,"playtime":2751,"items_purged":[],"score":298,"play_id":"2573d310-d598-4bf8-9e84-f6df1b999f9e","local_time":"20190310225945","is_ascension_mode":false,"campfire_choices":[{"data":"Intimidate","floor":8,"key":"SMITH"},{"data":"Infernal Blade","floor":15,"key":"SMITH"},{"floor":29,"key":"REST"},{"floor":32,"key":"REST"}],"neow_cost":"NONE","seed_source_timestamp":29498029837777,"circlet_count":0,"master_deck":["Strike_R","Strike_R","Strike_R","Strike_R","Defend_R","Defend_R","Defend_R","Defend_R","Bash","Juggernaut","Pommel Strike","Iron Wave","Cleave+1","Intimidate+1","Clothesline","Cleave","Pummel","Metallicize","Infernal Blade+1","Sword Boomerang","Impervious","Perfected Strike+1","Armaments","Shockwave","Headbutt","Shrug It Off+1","Dropkick","Heavy Blade","Thunderclap","True Grit","Clash","Power Through","Armaments","Barricade","Dual Wield","Whirlwind+1"],"relics":["Burning Blood","Bottled Lightning","Anchor","Snecko Eye","Potion Belt","Molten Egg 2"],"potions_floor_usage":[28,31,31,31,33],"damage_taken":[{"damage":0,"enemies":"Small Slimes","floor":1,"turns":3},{"damage":5,"enemies":"Cultist","floor":3,"turns":4},{"damage":30,"enemies":"Lagavulin","floor":6,"turns":8},{"damage":2,"enemies":"2 Louse","floor":7,"turns":2},{"damage":0,"enemies":"Lots of Slimes","floor":11,"turns":3},{"damage":5,"enemies":"Blue Slaver","floor":12,"turns":3},{"damage":6,"enemies":"Exordium Thugs","floor":13,"turns":4},{"damage":6,"enemies":"Red Slaver","floor":14,"turns":3},{"damage":69,"enemies":"The Guardian","floor":16,"turns":12},{"damage":11,"enemies":"2 Thieves","floor":18,"turns":4},{"damage":21,"enemies":"Shell Parasite","floor":20,"turns":8},{"damage":4,"enemies":"Chosen and Byrds","floor":21,"turns":5},{"damage":5,"enemies":"3 Cultists","floor":22,"turns":4},{"damage":2,"enemies":"Snake Plant","floor":23,"turns":3},{"damage":1,"enemies":"Snecko","floor":25,"turns":4},{"damage":46,"enemies":"3 Cultists","floor":28,"turns":5},{"damage":27,"enemies":"Snake Plant","floor":30,"turns":5},{"damage":38,"enemies":"Book of Stabbing","floor":31,"turns":7},{"damage":54,"enemies":"Collector","floor":33,"turns":7}],"seed_played":"-7239515129863628988","potions_obtained":[{"floor":6,"key":"SneckoOil"},{"floor":12,"key":"SpeedPotion"},{"floor":13,"key":"Swift Potion"},{"floor":20,"key":"Explosive Potion"},{"floor":21,"key":"LiquidBronze"},{"floor":23,"key":"Poison Potion"},{"floor":28,"key":"EssenceOfSteel"},{"floor":31,"key":"AttackPotion"}],"is_trial":false,"path_per_floor":["M","?","M","$","?","E","M","R","T","?","M","M","M","M","R","B",null,"M","$","M","M","M","M","?","M","T","$","M","R","M","E","R","B"],"character_chosen":"IRONCLAD","items_purchased":["Intimidate","Clothesline","Armaments","Shockwave","Headbutt","Power Through","Armaments"],"campfire_rested":2,"item_purchase_floors":[4,4,19,19,19,27,27],"current_hp_per_floor":[80,80,80,80,80,56,60,60,60,90,90,90,90,90,90,27,90,85,85,70,72,73,77,77,82,82,82,42,69,48,16,43,0],"gold":79,"neow_bonus":"ONE_RANDOM_RARE_CARD","is_prod":false,"is_daily":false,"chose_seed":false,"campfire_upgraded":2,"win_rate":0.0,"timestamp":1552283985,"path_taken":["M","?","?","$","?","E","M","R","T","?","?","M","?","M","R","BOSS","M","$","M","M","M","M","?","M","T","?","M","R","?","E","R","BOSS"],"build_version":"2019-01-23","purchased_purges":0,"victory":false,"max_hp_per_floor":[80,80,80,80,80,80,80,80,80,90,90,90,90,90,90,90,90,90,90,90,90,90,90,90,90,90,90,90,90,90,90,90,90],"card_choices":[{"not_picked":["Perfected Strike","Corruption"],"picked":"Pommel Strike","floor":1},{"not_picked":["Clothesline","Shrug It Off"],"picked":"Cleave","floor":3},{"not_picked":["Searing Blow","Flame Barrier"],"picked":"Cleave","floor":6},{"not_picked":["Combust","Carnage"],"picked":"Offering","floor":7},{"not_picked":["Second Wind","Perfected Strike"],"picked":"Pummel","floor":11},{"not_picked":["Clothesline","Bloodletting"],"picked":"Metallicize","floor":12},{"not_picked":["Disarm","Armaments"],"picked":"Infernal Blade","floor":13},{"not_picked":["Perfected Strike","True Grit"],"picked":"Sword Boomerang","floor":14},{"not_picked":["Brutality","Dark Embrace"],"picked":"Impervious","floor":16},{"not_picked":["Bloodletting+1","Corruption"],"picked":"Perfected Strike+1","floor":18},{"not_picked":["Perfected Strike","Hemokinesis"],"picked":"Shrug It Off+1","floor":20},{"not_picked":["True Grit","Cleave"],"picked":"Dropkick","floor":21},{"not_picked":["Uppercut","Warcry+1"],"picked":"Heavy Blade","floor":22},{"not_picked":["Burning Pact","Reckless Charge+1"],"picked":"Thunderclap","floor":23},{"not_picked":["Carnage+1","Rampage"],"picked":"Clash","floor":25},{"not_picked":["Metallicize","Whirlwind"],"picked":"Barricade","floor":28},{"not_picked":["Metallicize+1","Warcry"],"picked":"Dual Wield","floor":30},{"not_picked":["Perfected Strike","Ghostly Armor"],"picked":"Whirlwind+1","floor":31}],"player_experience":12121,"relics_obtained":[{"floor":6,"key":"Bottled Lightning"},{"floor":9,"key":"Anchor"},{"floor":26,"key":"Potion Belt"},{"floor":31,"key":"Molten Egg 2"}],"event_choices":[{"cards_removed":["Strike_R"],"damage_healed":0,"gold_gain":0,"player_choice":"Took Card","damage_taken":0,"max_hp_gain":0,"max_hp_loss":0,"event_name":"NoteForYourself","floor":2,"gold_loss":0,"cards_obtained":["Iron Wave"]},{"damage_healed":0,"gold_gain":0,"player_choice":"Grow","damage_taken":0,"max_hp_gain":0,"max_hp_loss":0,"event_name":"Living Wall","floor":5,"gold_loss":0,"cards_upgraded":["Cleave"]},{"cards_removed":["Offering"],"damage_healed":20,"gold_gain":0,"player_choice":"Offered Rare","damage_taken":0,"max_hp_gain":10,"max_hp_loss":0,"event_name":"Bonfire Elementals","floor":10,"gold_loss":0},{"damage_healed":0,"gold_gain":0,"player_choice":"1 cards matched","damage_taken":0,"max_hp_gain":0,"max_hp_loss":0,"event_name":"Match and Keep!","floor":24,"gold_loss":0,"cards_obtained":["True Grit"]}],"is_beta":false,"boss_relics":[{"not_picked":["Sozu","Busted Crown"],"picked":"Snecko Eye"}],"items_purged_floors":[],"is_endless":false,"potions_floor_spawned":[6,12,13,16,20,21,23,28,31],"killed_by":"Collector","ascension_level":0}