{"gold_per_floor":[117,44,44,44,58,58,85,85,85,85,98,154,73,99,99,173,173,187,187,207,7,57,57,92,92,143,162,162,194,194,194],"floor_reached":31,"playtime":884,"items_purged":[],"score":529,"play_id":"f20dec3f-5559-4f70-b007-d3b2dc88daf5","local_time":"20190202104639","is_ascension_mode":true,"campfire_choices":[{"data":"Zap","floor":6.0,"key":"SMITH"},{"data":"Streamline","floor":8.0,"key":"SMITH"},{"data":"Coolheaded","floor":10.0,"key":"SMITH"},{"data":"Loop","floor":15.0,"key":"SMITH"},{"data":"Chill","floor":23.0,"key":"SMITH"},{"data":"Hologram","floor":25.0,"key":"SMITH"},{"floor":28.0,"key":"REST"}],"neow_cost":"NONE","seed_source_timestamp":2079124575138035,"circlet_count":0,"master_deck":["AscendersBane","Strike_B+1","Strike_B+1","Strike_B","Defend_B","Defend_B","Defend_B+1","Defend_B","Zap+1","Dualcast","Conserve Battery","Rainbow","Streamline+1","Coolheaded+1","Chill+1","Ball Lightning","Loop+1","Genetic Algorithm+1","Core Surge","Coolheaded","Reinforced Body+1","Hologram+1","Conserve Battery","Defragment"],"special_seed":0,"relics":["Cracked Core","Whetstone","Anchor","Du-Vu Doll","StoneCalendar","Boot","Nuclear Battery","Bag of Marbles","Blue Candle","War Paint","Omamori"],"potions_floor_usage":[],"damage_taken":[{"damage":9.0,"enemies":"Small Slimes","floor":1.0,"turns":3.0},{"damage":0.0,"enemies":"2 Louse","floor":5.0,"turns":3.0},{"damage":22.0,"enemies":"Lagavulin","floor":7.0,"turns":7.0},{"damage":0.0,"enemies":"Jaw Worm","floor":11.0,"turns":2.0},{"damage":6.0,"enemies":"3 Sentries","floor":12.0,"turns":5.0},{"damage":8.0,"enemies":"3 Sentries","floor":14.0,"turns":5.0},{"damage":9.0,"enemies":"Hexaghost","floor":16.0,"turns":8.0},{"damage":5.0,"enemies":"3 Byrds","floor":18.0,"turns":4.0},{"damage":6.0,"enemies":"Shell Parasite","floor":20.0,"turns":3.0},{"damage":0.0,"enemies":"Slavers","floor":24.0,"turns":1.0},{"damage":0.0,"enemies":"Centurion and Healer","floor":27.0,"turns":6.0},{"damage":27.0,"enemies":"Book of Stabbing","floor":29.0,"turns":7.0},{"damage":30,"enemies":"Gremlin Leader","floor":31,"turns":6}],"seed_played":"2889277128261387091","potions_obtained":[{"floor":1.0,"key":"Strength Potion"},{"floor":5.0,"key":"Energy Potion"},{"floor":16.0,"key":"SkillPotion"},{"floor":20.0,"key":"AttackPotion"},{"floor":27.0,"key":"SteroidPotion"}],"is_trial":false,"path_per_floor":["M","$","?","?","M","R","E","R","T","R","M","?","$","E","R","B",null,"M","?","M","$","?","R","E","R","T","M","R","E","?","E"],"character_chosen":"DEFECT","items_purchased":["Rainbow","Loop","Bag of Marbles","Hologram"],"campfire_rested":1,"item_purchase_floors":[2,13,21,21],"current_hp_per_floor":[55,55,48,48,48,48,26,26,26,26,26,20,20,12,12,3,54,49,29,23,23,23,23,23,23,23,23,45,18,18,0],"gold":194,"neow_bonus":"RANDOM_COMMON_RELIC","is_prod":false,"is_daily":false,"chose_seed":false,"campfire_upgraded":6,"win_rate":0,"timestamp":1549122399,"path_taken":["M","$","?","?","M","R","E","R","T","R","M","?","$","E","R","BOSS","M","?","M","$","?","R","E","R","T","M","R","E","?","E"],"build_version":"2019-01-23","purchased_purges":0,"victory":false,"max_hp_per_floor":[71,71,71,71,71,71,71,71,71,71,71,71,71,71,71,71,71,71,76,76,76,76,76,76,76,76,76,76,76,76,76],"card_choices":[{"not_picked":["Steam Power","Rebound"],"picked":"Conserve Battery","floor":1.0},{"not_picked":["Turbo","Meteor Strike"],"picked":"Streamline","floor":5.0},{"not_picked":["Rip and Tear","Aggregate"],"picked":"Coolheaded","floor":7.0},{"not_picked":["Steam Power","Undo"],"picked":"Chill","floor":11.0},{"not_picked":["Barrage","Coolheaded"],"picked":"Ball Lightning","floor":12.0},{"not_picked":["Conserve Battery","Go for the Eyes"],"picked":"Genetic Algorithm","floor":14.0},{"not_picked":["Multi-Cast","Reboot"],"picked":"Core Surge","floor":16.0},{"not_picked":["Turbo","Leap"],"picked":"Coolheaded","floor":18.0},{"not_picked":["Go for the Eyes","Leap"],"picked":"Reinforced Body+1","floor":20.0},{"not_picked":["Chill+1","FTL"],"picked":"Conserve Battery","floor":24.0},{"not_picked":["Streamline+1","Steam","Leap"],"picked":"SKIP","floor":27.0},{"not_picked":["Tempest","Static Discharge"],"picked":"Defragment","floor":29.0}],"player_experience":1928526,"relics_obtained":[{"floor":7.0,"key":"Anchor"},{"floor":9.0,"key":"Du-Vu Doll"},{"floor":12.0,"key":"StoneCalendar"},{"floor":14.0,"key":"Boot"},{"floor":24.0,"key":"Blue Candle"},{"floor":26.0,"key":"War Paint"},{"floor":29.0,"key":"Omamori"}],"event_choices":[{"cards_removed":["Strike_B"],"damage_healed":0.0,"max_hp_gain":0.0,"max_hp_loss":0.0,"gold_gain":0.0,"event_name":"Golden Wing","player_choice":"Card Removal","floor":3.0,"gold_loss":0.0,"damage_taken":7.0},{"damage_healed":0.0,"max_hp_gain":0.0,"max_hp_loss":0.0,"gold_gain":0.0,"event_name":"Liars Game","player_choice":"Ignored","floor":4.0,"gold_loss":0.0,"damage_taken":0.0},{"damage_healed":0.0,"max_hp_gain":0.0,"max_hp_loss":0.0,"gold_gain":30.0,"event_name":"Dead Adventurer","player_choice":"Searched \u00273\u0027 times","floor":12.0,"gold_loss":0.0,"damage_taken":0.0},{"damage_healed":0.0,"max_hp_gain":5.0,"max_hp_loss":0.0,"gold_gain":0.0,"event_name":"Forgotten Altar","player_choice":"Shed Blood","floor":19.0,"gold_loss":0.0,"damage_taken":25.0},{"damage_healed":0.0,"max_hp_gain":0.0,"max_hp_loss":0.0,"gold_gain":50.0,"event_name":"Nest","player_choice":"Stole From Cult","floor":22.0,"gold_loss":0.0,"damage_taken":0.0},{"damage_healed":0,"gold_gain":0,"player_choice":"Ignored","damage_taken":0,"max_hp_gain":0,"max_hp_loss":0,"event_name":"Cursed Tome","floor":30,"gold_loss":0}],"is_beta":true,"boss_relics":[{"not_picked":["Fusion Hammer","Lizard Tail"],"picked":"Nuclear Battery"}],"items_purged_floors":[],"is_endless":false,"potions_floor_spawned":[1,5,16,20,27],"killed_by":"Gremlin Leader","ascension_level":15}