{"gold_per_floor":[115,36,56,56,69,69,69,112,112,64,64,99,99,133,133,224,224,240,240,3,23,36,36,36,36,59,107,119,131],"floor_reached":29,"playtime":566,"items_purged":["Strike_B"],"score":450,"play_id":"6aed1fc2-3c00-4e90-853d-4342dbbba605","local_time":"20190307183718","is_ascension_mode":true,"campfire_choices":[{"data":"Self Repair","floor":6,"key":"SMITH"},{"data":"Compile Driver","floor":11,"key":"SMITH"},{"floor":13,"key":"REST"},{"data":"Electrodynamics","floor":15,"key":"SMITH"},{"data":"Biased Cognition","floor":23,"key":"SMITH"},{"data":"Capacitor","floor":25,"key":"SMITH"}],"neow_cost":"NONE","seed_source_timestamp":1575517549349829,"circlet_count":0,"master_deck":["AscendersBane","Strike_B","Strike_B","Strike_B","Defend_B","Defend_B","Defend_B","Defend_B","Zap+1","Dualcast","Conserve Battery","Glacier","Self Repair+1","Compile Driver+1","Gash","Electrodynamics+1","Biased Cognition+1","Capacitor+1","Loop+1"],"relics":["Cracked Core","Golden Idol","Emotion Chip","Cables","Incense Burner","Art of War","Sozu","Membership Card","MawBank","Shuriken"],"potions_floor_usage":[12,22,27],"damage_taken":[{"damage":0,"enemies":"Small Slimes","floor":1,"turns":2},{"damage":0,"enemies":"2 Louse","floor":3,"turns":3},{"damage":1,"enemies":"Jaw Worm","floor":5,"turns":3},{"damage":31,"enemies":"Lagavulin","floor":8,"turns":7},{"damage":10,"enemies":"Gremlin Nob","floor":12,"turns":5},{"damage":21,"enemies":"Lagavulin","floor":14,"turns":6},{"damage":8,"enemies":"Slime Boss","floor":16,"turns":5},{"damage":0,"enemies":"Chosen","floor":18,"turns":4},{"damage":0,"enemies":"Spheric Guardian","floor":21,"turns":3},{"damage":12,"enemies":"Snake Plant","floor":22,"turns":2},{"damage":27,"enemies":"Slavers","floor":27,"turns":2},{"damage":39,"enemies":"Book of Stabbing","floor":29,"turns":4}],"seed_played":"4419005570304247017","potions_obtained":[{"floor":3,"key":"GamblersBrew"},{"floor":12,"key":"Block Potion"},{"floor":14,"key":"GamblersBrew"}],"is_trial":false,"path_per_floor":["M","$","M","?","M","R","?","E","T","$","R","E","R","E","R","B",null,"M","?","$","M","M","R","?","R","T","E","$","E"],"character_chosen":"DEFECT","items_purchased":["Glacier","Gash","Membership Card"],"campfire_rested":1,"item_purchase_floors":[2,10,20],"current_hp_per_floor":[64,64,64,64,63,63,52,31,31,31,31,31,50,39,39,41,58,64,64,64,64,62,62,62,62,62,35,35,0],"gold":131,"neow_bonus":"UPGRADE_CARD","is_prod":false,"is_daily":false,"chose_seed":false,"campfire_upgraded":5,"win_rate":0,"timestamp":1552001838,"path_taken":["M","$","M","?","M","R","?","E","T","$","R","E","R","E","R","BOSS","M","?","$","M","M","R","?","R","T","E","$","E"],"build_version":"2019-02-06","purchased_purges":1,"victory":false,"max_hp_per_floor":[71,71,71,64,64,64,64,64,64,64,64,64,64,64,64,64,64,64,64,64,64,64,64,64,64,64,64,64,64],"card_choices":[{"not_picked":["Consume","Melter"],"picked":"Conserve Battery","floor":1},{"not_picked":["Turbo","Stack","Conserve Battery"],"picked":"SKIP","floor":3},{"not_picked":["Heatsinks","Coolheaded"],"picked":"Self Repair","floor":5},{"not_picked":["Conserve Battery","Fusion"],"picked":"Compile Driver","floor":8},{"not_picked":["Chaos","Leap","Compile Driver"],"picked":"SKIP","floor":12},{"not_picked":["Go for the Eyes","Glacier"],"picked":"Electrodynamics","floor":14},{"not_picked":["Hyperbeam","All For One"],"picked":"Biased Cognition","floor":16},{"not_picked":["Barrage","Chill","Cold Snap"],"picked":"SKIP","floor":18},{"not_picked":["Turbo","Leap"],"picked":"Capacitor","floor":21},{"not_picked":["Go for the Eyes","Conserve Battery"],"picked":"Loop+1","floor":22},{"not_picked":["Cold Snap","Streamline","Hyperbeam"],"picked":"SKIP","floor":27}],"player_experience":2121493,"relics_obtained":[{"floor":8,"key":"Cables"},{"floor":12,"key":"Incense Burner"},{"floor":14,"key":"Art of War"},{"floor":26,"key":"MawBank"},{"floor":27,"key":"Shuriken"}],"event_choices":[{"damage_healed":0,"gold_gain":0,"player_choice":"Lose Max HP","damage_taken":0,"relics_obtained":["Golden Idol"],"max_hp_gain":0,"max_hp_loss":7,"event_name":"Golden Idol","floor":4,"gold_loss":0},{"damage_healed":0,"gold_gain":0,"player_choice":"Success","damage_taken":11,"relics_obtained":["Emotion Chip"],"max_hp_gain":0,"max_hp_loss":0,"event_name":"Scrap Ooze","floor":7,"gold_loss":0},{"damage_healed":0,"gold_gain":0,"player_choice":"Ignored","damage_taken":0,"max_hp_gain":0,"max_hp_loss":0,"event_name":"Vampires","floor":19,"gold_loss":0},{"damage_healed":0,"gold_gain":0,"player_choice":"Ignored","damage_taken":0,"max_hp_gain":0,"max_hp_loss":0,"event_name":"The Mausoleum","floor":24,"gold_loss":0}],"is_beta":true,"boss_relics":[{"not_picked":["Nuclear Battery","White Beast Statue"],"picked":"Sozu"}],"items_purged_floors":[20],"is_endless":false,"potions_floor_spawned":[3,12,14,22],"killed_by":"Book of Stabbing","ascension_level":15}