{"gold_per_floor":[118,129,2,19,19,19,53,53,53,0,12,36,76,105,117,207,219,219,219,219,219,144,144,144,144,144,144,144,144,44,44,44,44],"floor_reached":33,"playtime":855,"items_purged":["Strike_R","Decay"],"score":509,"play_id":"be9a5a1e-80ca-4baf-b7ba-2b10640cd6b6","local_time":"20190110195202","is_ascension_mode":true,"campfire_choices":[{"data":"Whirlwind","floor":6.0,"key":"SMITH"},{"data":"Bash","floor":8.0,"key":"SMITH"},{"data":"Iron Wave","floor":11.0,"key":"SMITH"},{"data":"Spot Weakness","floor":15.0,"key":"SMITH"},{"data":"Uppercut","floor":23.0,"key":"SMITH"},{"floor":25.0,"key":"REST"},{"data":"Demon Form","floor":27.0,"key":"SMITH"},{"floor":32.0,"key":"REST"}],"neow_cost":"NONE","seed_source_timestamp":124463719845510,"circlet_count":0,"master_deck":["AscendersBane","Strike_R","Defend_R","Defend_R","Defend_R","Defend_R","Bash+1","Iron Wave+1","Whirlwind+1","Shrug It Off","Battle Trance+1","Sword Boomerang","Spot Weakness+1","Limit Break","Armaments+1","Uppercut+1","Demon Form+1","Shrug It Off+1"],"special_seed":0,"relics":["Burning Blood","Bottled Lightning","Matryoshka","MawBank","Ornamental Fan","Ectoplasm","Lantern","Dodecahedron","Juzu Bracelet","Mummified Hand"],"potions_floor_usage":[33],"damage_taken":[{"damage":13.0,"enemies":"Jaw Worm","floor":1.0,"turns":4.0},{"damage":2.0,"enemies":"Small Slimes","floor":2.0,"turns":6.0},{"damage":1.0,"enemies":"Cultist","floor":4.0,"turns":5.0},{"damage":10.0,"enemies":"3 Sentries","floor":7.0,"turns":4.0},{"damage":1.0,"enemies":"3 Louse","floor":12.0,"turns":2.0},{"damage":25.0,"enemies":"Gremlin Nob","floor":13.0,"turns":4.0},{"damage":0.0,"enemies":"Gremlin Gang","floor":14.0,"turns":1.0},{"damage":25.0,"enemies":"Slime Boss","floor":16.0,"turns":9.0},{"damage":3.0,"enemies":"Shell Parasite","floor":18.0,"turns":3.0},{"damage":10.0,"enemies":"3 Byrds","floor":19.0,"turns":4.0},{"damage":11.0,"enemies":"Centurion and Healer","floor":21.0,"turns":4.0},{"damage":37.0,"enemies":"Book of Stabbing","floor":24.0,"turns":7.0},{"damage":47.0,"enemies":"Slavers","floor":28.0,"turns":6.0},{"damage":41,"enemies":"Automaton","floor":33,"turns":6}],"seed_played":"2777106862938761699","potions_obtained":[{"floor":2.0,"key":"Fire Potion"},{"floor":7.0,"key":"PowerPotion"},{"floor":14.0,"key":"Fire Potion"},{"floor":24.0,"key":"AttackPotion"}],"is_trial":false,"path_per_floor":["M","M","$","M","?","R","E","R","T","?","R","M","E","M","R","B",null,"M","M","?","M","?","R","E","R","T","R","E","?","$","?","R","B"],"character_chosen":"IRONCLAD","items_purchased":["Shrug It Off"],"campfire_rested":2,"item_purchase_floors":[3],"current_hp_per_floor":[68,72,72,77,70,70,66,66,66,66,66,71,52,58,58,39,71,74,70,70,65,65,65,34,58,58,58,17,17,17,17,41,0],"gold":44,"neow_bonus":"TEN_PERCENT_HP_BONUS","is_prod":false,"is_daily":false,"chose_seed":false,"campfire_upgraded":6,"win_rate":0,"timestamp":1547167922,"path_taken":["M","M","$","M","?","R","E","R","T","?","R","?","E","M","R","BOSS","M","M","?","?","?","R","E","R","T","R","E","?","$","?","R","BOSS"],"build_version":"2019-01-09","purchased_purges":2,"victory":false,"max_hp_per_floor":[82,82,82,82,82,82,82,82,82,82,82,82,82,82,82,82,82,82,82,82,82,82,82,82,82,82,82,82,82,82,82,82,82],"card_choices":[{"not_picked":["Perfected Strike","Warcry"],"picked":"Iron Wave","floor":1.0},{"not_picked":["Cleave","Wild Strike"],"picked":"Whirlwind","floor":2.0},{"not_picked":["Hemokinesis","Clothesline"],"picked":"Battle Trance","floor":4.0},{"not_picked":["Heavy Blade","Warcry","Armaments"],"picked":"SKIP","floor":7.0},{"not_picked":["Twin Strike","Thunderclap"],"picked":"Sword Boomerang","floor":12.0},{"not_picked":["Iron Wave","Entrench"],"picked":"Spot Weakness","floor":13.0},{"not_picked":["True Grit","Wild Strike","Heavy Blade"],"picked":"SKIP","floor":14.0},{"not_picked":["Feed","Juggernaut"],"picked":"Limit Break","floor":16.0},{"not_picked":["Disarm","Flex"],"picked":"Armaments+1","floor":18.0},{"not_picked":["Heavy Blade","Burning Pact+1"],"picked":"Uppercut","floor":19.0},{"not_picked":["Whirlwind","Warcry","Clothesline"],"picked":"SKIP","floor":21.0},{"not_picked":["Headbutt","Juggernaut"],"picked":"Demon Form","floor":24.0},{"not_picked":["Inflame","Blood for Blood"],"picked":"Shrug It Off+1","floor":28.0}],"player_experience":1826038,"relics_obtained":[{"floor":7.0,"key":"Bottled Lightning"},{"floor":9.0,"key":"Matryoshka"},{"floor":13.0,"key":"Ornamental Fan"},{"floor":24.0,"key":"Lantern"},{"floor":26.0,"key":"Dodecahedron"},{"floor":26.0,"key":"Juzu Bracelet"},{"floor":28.0,"key":"Mummified Hand"}],"event_choices":[{"cards_removed":["Strike_R"],"damage_healed":0.0,"max_hp_gain":0.0,"max_hp_loss":0.0,"gold_gain":0.0,"event_name":"Golden Wing","player_choice":"Card Removal","floor":5.0,"gold_loss":0.0,"damage_taken":7.0},{"damage_healed":0.0,"max_hp_gain":0.0,"max_hp_loss":0.0,"gold_gain":0.0,"event_name":"WeMeetAgain","player_choice":"Paid Gold","floor":10.0,"gold_loss":53.0,"damage_taken":0.0,"relics_obtained":["MawBank"]},{"cards_removed":["Strike_R"],"damage_healed":0.0,"max_hp_gain":0.0,"max_hp_loss":0.0,"gold_gain":0.0,"event_name":"Purifier","player_choice":"Purged","floor":20.0,"gold_loss":0.0,"damage_taken":0.0},{"cards_removed":["Strike_R"],"damage_healed":0.0,"max_hp_gain":0.0,"max_hp_loss":0.0,"gold_gain":0.0,"event_name":"Beggar","player_choice":"Gave Gold","floor":22.0,"gold_loss":75.0,"damage_taken":0.0},{"damage_healed":0.0,"max_hp_gain":0.0,"max_hp_loss":0.0,"gold_gain":0.0,"event_name":"Forgotten Altar","player_choice":"Smashed Altar","floor":29.0,"gold_loss":0.0,"damage_taken":0.0,"cards_obtained":["Decay"]},{"damage_healed":0.0,"max_hp_gain":0.0,"max_hp_loss":0.0,"gold_gain":0.0,"event_name":"Accursed Blacksmith","player_choice":"Forge","floor":31.0,"gold_loss":0.0,"damage_taken":0.0,"cards_upgraded":["Battle Trance"]}],"is_beta":true,"boss_relics":[{"not_picked":["Calling Bell","Runic Cube"],"picked":"Ectoplasm"}],"items_purged_floors":[3,30],"is_endless":false,"potions_floor_spawned":[2,7,14,24],"killed_by":"Automaton","ascension_level":15}