{"path_per_floor":["M","M","M","?","$","?","R","M","T","E","M","R","$","T","R","B",null,"M","M","$","?"],"character_chosen":"IRONCLAD","items_purchased":["Offering","Flame Barrier","Armaments"],"gold_per_floor":[118,131,150,150,12,12,12,24,24,56,72,72,1,1,1,106,106,125,136,8,8],"floor_reached":22,"campfire_rested":0,"playtime":959,"current_hp_per_floor":[78,80,80,80,80,80,80,80,80,67,63,63,63,63,63,38,70,54,52,52,52],"items_purged":["Regret"],"gold":8,"score":258,"play_id":"a3c10dcb-9bbf-4021-b76b-aa2b32570376","is_prod":false,"is_daily":false,"is_ascension_mode":true,"campfire_upgraded":3,"path_taken":["M","?","M","?","$","?","R","?","T","E","M","R","?","?","R","BOSS","M","M","?","?","M"],"build_version":"2018-02-12-PROD1","purchased_purges":1,"victory":false,"master_deck":["Strike_R","Strike_R","Strike_R","Strike_R","Defend_R+1","Defend_R+1","Defend_R","Defend_R","Bash+1","Shrug It Off","Cleave+1","Offering","Whirlwind+1","Flame Barrier+1","Limit Break","Whirlwind","Shrug It Off","Flex","Flex","Iron Wave","Warcry+1","Armaments"],"max_hp_per_floor":[80,80,80,80,80,80,80,80,80,80,80,80,80,80,80,80,80,80,80,80,80],"relics":["Burning Blood","NeowsBlessing","Bag of Preparation","Peace Pipe","War Paint","Letter Opener","Orrery"],"card_choices":[{"not_picked":["Pommel Strike","Warcry"],"picked":"Shrug It Off"},{"not_picked":["Perfected Strike","Entrench"],"picked":"Cleave"},{"not_picked":["Twin Strike","Sentinel"],"picked":"Whirlwind"},{"not_picked":["Berserk","Fiend Fire"],"picked":"Limit Break"},{"not_picked":["Headbutt","Anger"],"picked":"Whirlwind"},{"not_picked":["Pommel Strike","Searing Blow"],"picked":"Shrug It Off"},{"not_picked":["Sword Boomerang","Bloodletting"],"picked":"Flex"},{"not_picked":["Combust","Pommel Strike"],"picked":"Flex"},{"not_picked":["Havoc","Sword Boomerang"],"picked":"Iron Wave"},{"not_picked":["Corruption","Clash"],"picked":"Warcry"}],"player_experience":147893,"potions_floor_usage":[10],"damage_taken":[{"damage":0,"enemies":"Blue Slaver","floor":1,"turns":1},{"damage":0,"enemies":"Jaw Worm","floor":2,"turns":1},{"damage":0,"enemies":"Cultist","floor":3,"turns":1},{"damage":4,"enemies":"Lots of Slimes","floor":8,"turns":2},{"damage":19,"enemies":"Gremlin Nob","floor":10,"turns":3},{"damage":10,"enemies":"Looter","floor":11,"turns":3},{"damage":31,"enemies":"Slime Boss","floor":16,"turns":7},{"damage":22,"enemies":"Spheric Guardian","floor":18,"turns":4},{"damage":8,"enemies":"3 Byrds","floor":19,"turns":5},{"damage":52,"enemies":"Snecko","floor":22,"turns":4}],"event_choices":[{"event_name":"Upgrade Shrine","player_choice":"Upgraded","floor":4,"damage_taken":0},{"event_name":"Big Fish","player_choice":"Box","floor":6,"damage_taken":0},{"event_name":"Back to Basics","player_choice":"Elegance","floor":21,"damage_taken":0}],"boss_relics":[{"not_picked":["Velvet Choker","Ectoplasm"],"picked":"Orrery"}],"potions_floor_spawned":[8,10,11,18],"seed_played":"-829057107146894610","killed_by":"Snecko","ascension_level":8,"is_trial":false}