{"path_per_floor":["M","?","M","?","?","R","$","R","T","E","M","M","E","?","R","B",null,"M","?","M","?","M","E","M","R","T","M","T","$","M","M","R","B",null,"M","?","$","?","?","R","?","M","T","M","M","E","?","E","R"],"character_chosen":"IRONCLAD","items_purchased":["Orichalcum","Perfected Strike","Energy Potion","Ice Cream"],"gold_per_floor":[118,118,130,205,205,205,28,28,53,86,99,119,153,153,153,255,255,272,187,204,564,576,608,621,621,621,631,631,197,207,225,225,323,323,342,342,342,0,52,52,52,64,64,74,90,125,125,160,160],"floor_reached":50,"campfire_rested":1,"playtime":4134,"current_hp_per_floor":[79,71,63,52,52,52,52,52,52,37,38,34,37,37,37,20,80,76,76,80,40,35,22,13,37,37,39,39,39,45,51,51,8,80,80,70,70,70,76,76,76,65,65,47,46,21,70,61,61],"items_purged":["Regret"],"gold":160,"play_id":"e0e88b7f-5b7b-401f-8ea7-ba7a4fd5c71b","is_prod":false,"is_daily":false,"is_ascension_mode":false,"campfire_upgraded":6,"path_taken":["M","?","?","?","?","R","?","R","T","E","M","?","E","?","R","BOSS","M","?","M","?","?","E","M","R","T","M","?","$","M","M","R","BOSS","M","?","$","?","?","R","?","M","T","M","M","E","?","E","R","BOSS"],"build_version":"2018-01-25-PROD3","purchased_purges":2,"victory":false,"master_deck":["Strike_R+1","Strike_R","Strike_R","Strike_R","Defend_R","Defend_R","Defend_R","Defend_R","Bash+1","Perfected Strike+1","Flame Barrier+1","Perfected Strike+1","Offering+1","Cleave","Clash","Impervious","Spot Weakness+1","Inflame+1","Iron Wave+1","Headbutt+1","Cleave+1","Seeing Red+1","Perfected Strike+1","Demon Form","Madness","Madness+1","Limit Break","Perfected Strike+1","Thunderclap+1","Flex","Double Tap+1"],"max_hp_per_floor":[80,80,80,80,80,80,80,80,80,80,80,80,80,80,80,80,80,80,80,80,80,80,80,80,80,80,80,80,80,80,80,80,80,80,80,80,80,80,80,80,80,80,80,80,80,80,70,70,70],"relics":["Burning Blood","Ancient Tea Set","Ginger","Orichalcum","Bronze Scales","Pen Nib","Centennial Puzzle","Runic Pyramid","Bag of Marbles","Whetstone","Peace Pipe","Thread and Needle","Ice Cream","Mark of Pain","Red Mask","Frozen Eye","Juzu Bracelet","Molten Egg","Bottled Flame"],"card_choices":[{"not_picked":["Feel No Pain","Pommel Strike"],"picked":"Perfected Strike"},{"not_picked":["Blood for Blood","Pommel Strike"],"picked":"Flame Barrier"},{"not_picked":["Feel No Pain","Infernal Blade"],"picked":"Offering"},{"not_picked":["Perfected Strike","Pommel Strike"],"picked":"Cleave"},{"not_picked":["Rupture","Headbutt"],"picked":"Clash"},{"not_picked":["Brutality","Fiend Fire"],"picked":"Impervious"},{"not_picked":["Iron Wave","Armaments"],"picked":"Spot Weakness"},{"not_picked":["Shrug It Off","Headbutt"],"picked":"Inflame"},{"not_picked":["Armaments","Clothesline"],"picked":"Iron Wave"},{"not_picked":["Heavy Blade","Berserk"],"picked":"Headbutt"},{"not_picked":["Power Through","Searing Blow"],"picked":"Cleave"},{"not_picked":["Iron Wave","Twin Strike"],"picked":"Seeing Red"},{"not_picked":["Sword Boomerang","Heavy Blade"],"picked":"Perfected Strike"},{"not_picked":["Reaper","Offering"],"picked":"Demon Form"},{"not_picked":["Intimidate","Cleave"],"picked":"Limit Break"},{"not_picked":["Searing Blow","Twin Strike"],"picked":"Perfected Strike"},{"not_picked":["Perfected Strike","Shrug It Off"],"picked":"Thunderclap"},{"not_picked":["Iron Wave","Fiend Fire"],"picked":"Flex"},{"not_picked":["Inflame","Clash"],"picked":"Double Tap"}],"player_experience":17380,"potions_floor_usage":[16,22,27,33,46,50,50,50],"damage_taken":[{"damage":7,"enemies":"Small Slimes","floor":1,"turns":3},{"damage":14,"enemies":"Blue Slaver","floor":3,"turns":3},{"damage":21,"enemies":"3 Sentries","floor":10,"turns":4},{"damage":5,"enemies":"Jaw Worm","floor":11,"turns":2},{"damage":10,"enemies":"Lots of Slimes","floor":12,"turns":2},{"damage":3,"enemies":"Gremlin Nob","floor":13,"turns":3},{"damage":23,"enemies":"The Guardian","floor":16,"turns":8},{"damage":10,"enemies":"Shell Parasite","floor":18,"turns":3},{"damage":2,"enemies":"3 Byrds","floor":20,"turns":2},{"damage":11,"enemies":"Centurion and Healer","floor":22,"turns":3},{"damage":19,"enemies":"Slavers","floor":23,"turns":5},{"damage":15,"enemies":"Snake Plant","floor":24,"turns":2},{"damage":4,"enemies":"Sentry and Sphere","floor":27,"turns":3},{"damage":0,"enemies":"3 Cultists","floor":30,"turns":4},{"damage":0,"enemies":"Snake Plant","floor":31,"turns":3},{"damage":49,"enemies":"Champ","floor":33,"turns":8},{"damage":4,"enemies":"Orb Walker","floor":35,"turns":2},{"damage":0,"enemies":"Mysterious Sphere","floor":39,"turns":4},{"damage":17,"enemies":"3 Darklings","floor":42,"turns":5},{"damage":24,"enemies":"4 Shapes","floor":44,"turns":2},{"damage":7,"enemies":"Sphere and 2 Shapes","floor":45,"turns":4},{"damage":31,"enemies":"Nemesis","floor":46,"turns":7},{"damage":15,"enemies":"2 Orb Walkers","floor":48,"turns":3},{"damage":70,"enemies":"Donu and Deca","floor":50,"turns":7}],"event_choices":[{"event_name":"Wheel of Change","player_choice":"Damage","floor":2,"damage_taken":0},{"event_name":"World of Goop","player_choice":"Gather Gold","floor":4,"damage_taken":0},{"event_name":"Big Fish","player_choice":"Box","floor":5,"damage_taken":0},{"event_name":"Living Wall","player_choice":"Grow","floor":14,"damage_taken":0},{"event_name":"Addict","player_choice":"Obtained Relic","floor":19,"damage_taken":0},{"event_name":"Knowing Skull","player_choice":"GOLD GOLD GOLD GOLD ","floor":21,"damage_taken":0},{"event_name":"Winding Halls","player_choice":"Embrace Madness","floor":36,"damage_taken":0},{"event_name":"Tomb of Lord Red Mask","player_choice":"Paid","floor":38,"damage_taken":0},{"event_name":"Mysterious Sphere","player_choice":"Fight","floor":39,"damage_taken":0},{"event_name":"Bonfire Elementals","player_choice":"BASIC","floor":41,"damage_taken":0},{"event_name":"The Moai Head","player_choice":"Heal","floor":47,"damage_taken":0}],"boss_relics":[{"not_picked":["Eternal Feather","Snecko Eye"],"picked":"Runic Pyramid"},{"not_picked":["Runic Cube","Tiny House"],"picked":"Mark of Pain"}],"potions_floor_spawned":[1,10,11,12,18,24,30,35,39,46],"seed_played":"-8157689303704329382","killed_by":"Donu and Deca","ascension_level":0,"is_trial":false}