{"gold_per_floor":[117,117,192,210,230,260,260,260,260,260,260,280,64,90,90,185,185,200,200,200,212,229,229],"floor_reached":23,"playtime":2291,"items_purged":[],"score":224,"play_id":"0cb6e699-c1fe-465e-af29-0b7022beab93","local_time":"20190311195537","is_ascension_mode":false,"campfire_choices":[{"data":"Searing Blow","floor":8,"key":"SMITH"},{"data":"Searing Blow+1","floor":10,"key":"SMITH"},{"floor":15,"key":"REST"}],"neow_cost":"NONE","seed_source_timestamp":105307880317777,"circlet_count":0,"master_deck":["Defend_R","Defend_R","Defend_R","Defend_R","Bash","Heavy Blade","Flex","Searing Blow+2","Thunderclap","Double Tap","Clash","Cleave","Flex","Mind Blast","Battle Trance","Fiend Fire","Anger","Bite","Bite","Bite","Bite","Bite","Blood for Blood","Feel No Pain+1"],"relics":["Burning Blood","NeowsBlessing","Ornamental Fan","Ancient Tea Set","Sundial","CultistMask","Letter Opener","Eternal Feather"],"potions_floor_usage":[23,23,23],"damage_taken":[{"damage":0,"enemies":"Cultist","floor":1,"turns":1},{"damage":0,"enemies":"2 Louse","floor":4,"turns":1},{"damage":0,"enemies":"Small Slimes","floor":5,"turns":1},{"damage":57,"enemies":"3 Sentries","floor":6,"turns":9},{"damage":0,"enemies":"Looter","floor":12,"turns":2},{"damage":26,"enemies":"Lagavulin","floor":14,"turns":5},{"damage":58,"enemies":"Hexaghost","floor":16,"turns":8},{"damage":40,"enemies":"2 Thieves","floor":18,"turns":3},{"damage":6,"enemies":"Spheric Guardian","floor":21,"turns":3},{"damage":0,"enemies":"Snecko","floor":22,"turns":3},{"damage":53,"enemies":"Slavers","floor":23,"turns":4}],"seed_played":"7732558553097888726","potions_obtained":[{"floor":1,"key":"Ancient Potion"},{"floor":6,"key":"Explosive Potion"},{"floor":12,"key":"GamblersBrew"},{"floor":21,"key":"PowerPotion"}],"is_trial":false,"path_per_floor":["M","T","?","M","M","E","?","R","T","R","?","M","$","E","R","B",null,"M","?","?","M","M","E"],"character_chosen":"IRONCLAD","items_purchased":["Clash","Cleave","Flex","Mind Blast"],"campfire_rested":1,"item_purchase_floors":[13,13,13,13],"current_hp_per_floor":[80,80,69,75,80,29,55,55,55,55,55,61,61,41,65,13,80,46,46,37,39,47,0],"gold":229,"neow_bonus":"THREE_ENEMY_KILL","is_prod":false,"is_daily":false,"chose_seed":false,"campfire_upgraded":2,"win_rate":0.0,"timestamp":1552359337,"path_taken":["M","?","?","M","M","E","?","R","T","R","?","M","$","E","R","BOSS","M","?","?","M","M","E"],"build_version":"2019-01-23","purchased_purges":0,"victory":false,"max_hp_per_floor":[80,80,80,80,80,80,80,80,80,80,80,80,80,80,80,80,80,80,56,61,61,61,61],"card_choices":[{"not_picked":["Pummel","True Grit"],"picked":"Heavy Blade","floor":1},{"not_picked":["Combust","Dropkick"],"picked":"Flex","floor":4},{"not_picked":["Blood for Blood","Clothesline"],"picked":"Searing Blow","floor":5},{"not_picked":["Perfected Strike","True Grit"],"picked":"Thunderclap","floor":6},{"not_picked":["Heavy Blade","Rampage"],"picked":"Double Tap","floor":12},{"not_picked":["Headbutt","Warcry"],"picked":"Battle Trance","floor":14},{"not_picked":["Offering","Limit Break"],"picked":"Fiend Fire","floor":16},{"not_picked":["Cleave+1","Perfected Strike"],"picked":"Anger","floor":18},{"not_picked":["True Grit","Body Slam+1"],"picked":"Blood for Blood","floor":21},{"not_picked":["Impervious","Twin Strike"],"picked":"Feel No Pain+1","floor":22}],"player_experience":18439,"relics_obtained":[{"floor":2,"key":"Ornamental Fan"},{"floor":6,"key":"Ancient Tea Set"},{"floor":9,"key":"Sundial"},{"floor":14,"key":"Letter Opener"}],"event_choices":[{"damage_healed":0,"gold_gain":75,"player_choice":"Gather Gold","damage_taken":11,"max_hp_gain":0,"max_hp_loss":0,"event_name":"World of Goop","floor":3,"gold_loss":0},{"damage_healed":26,"gold_gain":0,"player_choice":"Banana","damage_taken":0,"max_hp_gain":0,"max_hp_loss":0,"event_name":"Big Fish","floor":7,"gold_loss":0},{"damage_healed":0,"gold_gain":0,"player_choice":"Trade","damage_taken":0,"relics_obtained":["CultistMask"],"max_hp_gain":0,"max_hp_loss":0,"event_name":"FaceTrader","floor":11,"gold_loss":0},{"damage_healed":0,"gold_gain":0,"player_choice":"Became a vampire","damage_taken":0,"max_hp_gain":0,"max_hp_loss":24,"event_name":"Vampires","floor":19,"gold_loss":0,"cards_obtained":["Bite","Bite","Bite","Bite","Bite"]},{"damage_healed":0,"gold_gain":0,"player_choice":"Shed Blood","damage_taken":14,"max_hp_gain":5,"max_hp_loss":0,"event_name":"Forgotten Altar","floor":20,"gold_loss":0}],"is_beta":false,"boss_relics":[{"not_picked":["Cursed Key","Lizard Tail"],"picked":"Eternal Feather"}],"items_purged_floors":[],"is_endless":false,"potions_floor_spawned":[1,6,12,16,21,22],"killed_by":"Slavers","ascension_level":0}