{"gold_per_floor":[119,129,129,229,242,242,259,279,279,279,279,203,215,215,215,319,369,380,380,390,51,51,51,1,1],"floor_reached":25,"playtime":1615,"items_purged":["Defend_G","Strike_G"],"score":191,"play_id":"066ae4f3-66df-4b59-8987-065428c57c14","local_time":"20190309183427","is_ascension_mode":false,"campfire_choices":[{"data":"Prepared","floor":6,"key":"SMITH"},{"data":"Reflex","floor":11,"key":"SMITH"},{"data":"A Thousand Cuts","floor":15,"key":"SMITH"},{"floor":23,"key":"REST"}],"neow_cost":"NONE","seed_source_timestamp":43309549908044,"circlet_count":0,"master_deck":["Defend_G","Defend_G","Defend_G","Strike_G","Strike_G","Strike_G","Strike_G+1","Survivor","Neutralize","Footwork+1","Escape Plan","Prepared+1","Reflex+1","Footwork+1","Blade Dance","A Thousand Cuts+1","Night Terror","Accuracy","Blade Dance","Deflect","Envenom"],"relics":["Eternal Feather","Smiling Mask","Tiny House","Snake Skull"],"potions_floor_usage":[2,7,16],"damage_taken":[{"damage":7,"enemies":"Cultist","floor":1,"turns":4},{"damage":3,"enemies":"Small Slimes","floor":2,"turns":4},{"damage":0,"enemies":"2 Louse","floor":5,"turns":4},{"damage":0,"enemies":"Lots of Slimes","floor":7,"turns":2},{"damage":1,"enemies":"Exordium Wildlife","floor":8,"turns":5},{"damage":5,"enemies":"3 Louse","floor":13,"turns":4},{"damage":4,"enemies":"The Guardian","floor":16,"turns":12},{"damage":32,"enemies":"Spheric Guardian","floor":18,"turns":7},{"damage":17,"enemies":"Shell Parasite","floor":20,"turns":6},{"damage":66,"enemies":"Slavers","floor":25,"turns":4}],"seed_played":"6636145871792492377","potions_obtained":[{"floor":1,"key":"Fire Potion"},{"floor":2,"key":"SkillPotion"},{"floor":13,"key":"Explosive Potion"},{"floor":17,"key":"FearPotion"}],"is_trial":false,"path_per_floor":["M","M","?","?","M","R","M","M","T","?","R","$","M","?","R","B",null,"M","?","M","$","?","R","?","E"],"character_chosen":"THE_SILENT","items_purchased":["Blade Dance","Envenom","Snake Skull"],"campfire_rested":1,"item_purchase_floors":[12,21,21],"current_hp_per_floor":[63,60,46,46,46,55,55,54,54,54,63,63,58,58,67,63,75,43,43,26,26,26,60,60,0],"gold":1,"neow_bonus":"BOSS_RELIC","is_prod":false,"is_daily":false,"chose_seed":false,"campfire_upgraded":3,"win_rate":0,"timestamp":1552124067,"path_taken":["M","?","?","?","?","R","M","?","T","?","R","$","M","?","R","BOSS","M","?","M","$","?","R","?","E"],"build_version":"2019-01-23","purchased_purges":2,"victory":false,"max_hp_per_floor":[70,70,70,70,70,70,70,70,70,70,70,70,70,70,70,70,75,75,75,75,75,75,75,75,75],"card_choices":[{"not_picked":["Dash","Heel Hook"],"picked":"Footwork","floor":1},{"not_picked":["PiercingWail","Acrobatics"],"picked":"Escape Plan","floor":2},{"not_picked":["Terror","Deadly Poison"],"picked":"Prepared","floor":5},{"not_picked":["Well Laid Plans","Prepared"],"picked":"Reflex","floor":7},{"not_picked":["Dodge and Roll","Acrobatics"],"picked":"Footwork","floor":8},{"not_picked":["Slice","Poisoned Stab"],"picked":"A Thousand Cuts","floor":13},{"not_picked":["Wraith Form v2","Tools of the Trade"],"picked":"Night Terror","floor":16},{"not_picked":["Concentrate","Riddle With Holes"],"picked":"Accuracy","floor":17},{"not_picked":["Catalyst+1","Flying Knee"],"picked":"Blade Dance","floor":18},{"not_picked":["Quick Slash","Underhanded Strike"],"picked":"Deflect","floor":20}],"player_experience":258393,"relics_obtained":[{"floor":9,"key":"Smiling Mask"}],"event_choices":[{"damage_healed":0,"gold_gain":0,"player_choice":"Entered Light","damage_taken":14,"max_hp_gain":0,"max_hp_loss":0,"event_name":"Shining Light","floor":3,"gold_loss":0,"cards_upgraded":["Footwork","Strike_G"]},{"damage_healed":0,"gold_gain":100,"player_choice":"Pray","damage_taken":0,"max_hp_gain":0,"max_hp_loss":0,"event_name":"Golden Shrine","floor":4,"gold_loss":0},{"cards_removed":["Defend_G"],"damage_healed":0,"gold_gain":0,"player_choice":"Forget","damage_taken":0,"max_hp_gain":0,"max_hp_loss":0,"event_name":"Living Wall","floor":10,"gold_loss":0},{"damage_healed":0,"gold_gain":0,"player_choice":"Ignored","damage_taken":0,"max_hp_gain":0,"max_hp_loss":0,"event_name":"NoteForYourself","floor":14,"gold_loss":0},{"damage_healed":0,"gold_gain":0,"player_choice":"Ignored","damage_taken":0,"max_hp_gain":0,"max_hp_loss":0,"event_name":"Cursed Tome","floor":19,"gold_loss":0},{"damage_healed":0,"gold_gain":0,"player_choice":"Ignored","damage_taken":0,"max_hp_gain":0,"max_hp_loss":0,"event_name":"Beggar","floor":22,"gold_loss":0},{"damage_healed":0,"gold_gain":0,"player_choice":"Bet on Murderer","damage_taken":0,"max_hp_gain":0,"max_hp_loss":0,"event_name":"The Joust","floor":24,"gold_loss":50}],"is_beta":false,"boss_relics":[{"not_picked":["Ectoplasm","Busted Crown"],"picked":"Tiny House"}],"items_purged_floors":[12,21],"is_endless":false,"potions_floor_spawned":[1,2,13],"killed_by":"Slavers","ascension_level":0}