{"gold_per_floor":[118,118,118,131,151,151,186,186,186,204,217,247,397,45,45,117,117,130,130,142,161,261,261,272,301,328,328,70,70,87,121,121,193,193,203,249,249,262,262,288,11,11,11,46,63,73,49,49,49,49,49,49,25,55,55],"floor_reached":56,"playtime":2739,"items_purged":["Doubt","Strike_G","Strike_G"],"score":2143,"play_id":"3553308c-b417-48c9-8dfe-1252fe3b7707","local_time":"20190223125651","is_ascension_mode":true,"campfire_choices":[{"data":"Blade Dance","floor":6.0,"key":"SMITH"},{"floor":8.0,"key":"REST"},{"data":"Neutralize","floor":15.0,"key":"SMITH"},{"floor":23.0,"key":"REST"},{"data":"Wraith Form v2","floor":27.0,"key":"SMITH"},{"data":"Well Laid Plans","floor":29.0,"key":"SMITH"},{"floor":32.0,"key":"REST"},{"floor":42,"key":"RECALL"},{"floor":49,"key":"REST"},{"floor":52,"key":"REST"}],"neow_cost":"NONE","seed_source_timestamp":516009387970771,"circlet_count":0,"master_deck":["AscendersBane","Defend_G","Defend_G","Defend_G","Defend_G","Defend_G","Strike_G","Strike_G","Survivor","Neutralize+1","Blade Dance+1","Backstab","PiercingWail","Dash","Terror","Dodge and Roll","Adrenaline","Well Laid Plans+1","Backflip","Leg Sweep","Cloak And Dagger+1","Wraith Form v2+1","Crippling Poison+1","Flash of Steel","Quick Slash+1","Storm of Steel+1","Dodge and Roll+1","Cloak And Dagger+1","Acrobatics+1","Crippling Poison+1","Envenom","Blur+1","Leg Sweep+1","Skewer+1","Backflip+1","Blade Dance+1","Crippling Poison+1"],"special_seed":0,"relics":["WristBlade","Pen Nib","Kunai","Thread and Needle","Paper Crane","Sozu","Incense Burner","Toxic Egg 2","The Specimen","Mercury Hourglass","Fusion Hammer","Bird Faced Urn","Bottled Tornado","Question Card","Strawberry","Singing Bowl","Bag of Marbles"],"potions_floor_usage":[],"damage_taken":[{"damage":4.0,"enemies":"Jaw Worm","floor":1.0,"turns":6.0},{"damage":0.0,"enemies":"2 Louse","floor":4.0,"turns":4.0},{"damage":0.0,"enemies":"Cultist","floor":5.0,"turns":3.0},{"damage":31.0,"enemies":"Lagavulin","floor":7.0,"turns":10.0},{"damage":0.0,"enemies":"2 Fungi Beasts","floor":10.0,"turns":2.0},{"damage":0.0,"enemies":"3 Louse","floor":11.0,"turns":3.0},{"damage":0.0,"enemies":"Gremlin Nob","floor":12.0,"turns":4.0},{"damage":28.0,"enemies":"Slime Boss","floor":16.0,"turns":20.0},{"damage":0.0,"enemies":"Chosen","floor":18.0,"turns":4.0},{"damage":5.0,"enemies":"3 Byrds","floor":20.0,"turns":5.0},{"damage":3.0,"enemies":"Snake Plant","floor":21.0,"turns":5.0},{"damage":5.0,"enemies":"Colosseum Slavers","floor":22.0,"turns":5.0},{"damage":0.0,"enemies":"Colosseum Nobs","floor":22.0,"turns":5.0},{"damage":0.0,"enemies":"Cultist and Chosen","floor":24.0,"turns":8.0},{"damage":2.0,"enemies":"Gremlin Leader","floor":25.0,"turns":10.0},{"damage":13.0,"enemies":"Centurion and Healer","floor":30.0,"turns":6.0},{"damage":0.0,"enemies":"Book of Stabbing","floor":31.0,"turns":6.0},{"damage":0,"enemies":"Automaton","floor":33,"turns":11},{"damage":0,"enemies":"3 Darklings","floor":35,"turns":5},{"damage":0,"enemies":"2 Orb Walkers","floor":36,"turns":5},{"damage":0,"enemies":"3 Shapes","floor":38,"turns":4},{"damage":4,"enemies":"Nemesis","floor":40,"turns":7},{"damage":0,"enemies":"Giant Head","floor":44,"turns":6},{"damage":0,"enemies":"Jaw Worm Horde","floor":45,"turns":4},{"damage":0,"enemies":"Writhing Mass","floor":46,"turns":6},{"damage":13,"enemies":"Time Eater","floor":50,"turns":14},{"damage":14,"enemies":"Shield and Spear","floor":54,"turns":8},{"damage":32,"enemies":"The Heart","floor":55,"turns":14}],"seed_played":"6037979683338202324","potions_obtained":[{"floor":1.0,"key":"Energy Potion"},{"floor":3.0,"key":"Fruit Juice"},{"floor":3.0,"key":"SkillPotion"},{"floor":11.0,"key":"Weak Potion"},{"floor":16.0,"key":"AttackPotion"}],"is_trial":false,"path_per_floor":["M","?","?","M","M","R","E","R","T","M","M","E","?","$","R","B",null,"M","?","M","M","?","R","M","E","T","R","$","R","M","E","R","B",null,"M","?","?","M","$","E","$","R","T","E","M","M","$","T","R","B",null,"R","$","E","B",null],"character_chosen":"THE_SILENT","items_purchased":["Paper Crane","Dodge and Roll","Crippling Poison+1","Flash of Steel","Envenom","Backflip+1","Blade Dance+1"],"campfire_rested":5,"item_purchase_floors":[14,14,28,28,41,47,53],"current_hp_per_floor":[55,48,53,53,53,53,22,43,43,43,43,43,43,43,43,15,57,57,57,52,49,44,65,65,63,63,63,63,63,50,50,71,71,71,71,71,71,71,71,67,67,67,67,78,78,78,78,78,78,67,75,78,78,66,38],"gold":55,"neow_bonus":"BOSS_RELIC","is_prod":false,"is_daily":false,"chose_seed":false,"campfire_upgraded":4,"win_rate":0,"timestamp":1550944611,"path_taken":["M","?","?","M","M","R","E","R","T","M","?","E","?","$","R","BOSS","M","?","M","M","?","R","M","E","T","R","$","R","M","E","R","BOSS","M","?","?","?","?","E","$","R","T","E","M","M","$","?","R","BOSS","R","$","E","BOSS"],"build_version":"2019-02-06","purchased_purges":3,"victory":true,"max_hp_per_floor":[66,66,71,71,71,71,71,71,71,71,71,71,71,71,71,71,71,71,71,71,71,71,71,71,71,71,71,71,71,71,71,71,71,71,71,71,71,71,71,71,71,71,71,78,78,78,78,78,78,78,78,78,78,78,78],"card_choices":[{"not_picked":["Tactician","Dodge and Roll"],"picked":"Blade Dance","floor":1.0},{"not_picked":["Underhanded Strike","Blade Dance"],"picked":"Backstab","floor":4.0},{"not_picked":["Poisoned Stab","Calculated Gamble"],"picked":"PiercingWail","floor":5.0},{"not_picked":["Backflip","All Out Attack"],"picked":"Dash","floor":7.0},{"not_picked":["Bane","Prepared","Caltrops"],"picked":"SKIP","floor":10.0},{"not_picked":["Riddle With Holes","Backflip"],"picked":"Terror","floor":11.0},{"not_picked":["PiercingWail","Slice","Doppelganger"],"picked":"SKIP","floor":12.0},{"not_picked":["Bullet Time","Malaise"],"picked":"Adrenaline","floor":16.0},{"not_picked":["Quick Slash","Noxious Fumes"],"picked":"Well Laid Plans","floor":18.0},{"not_picked":["Calculated Gamble","Underhanded Strike"],"picked":"Backflip","floor":20.0},{"not_picked":["Poisoned Stab","Blur"],"picked":"Leg Sweep","floor":21.0},{"not_picked":["Deadly Poison+1","Blur+1"],"picked":"Cloak And Dagger+1","floor":24.0},{"not_picked":["Distraction+1","Dagger Throw"],"picked":"Wraith Form v2","floor":25.0},{"not_picked":["Dodge and Roll+1","Dagger Throw"],"picked":"Quick Slash+1","floor":30.0},{"not_picked":["Deadly Poison+1","Venomology+1","Terror+1"],"picked":"SKIP","floor":31.0},{"not_picked":["Die Die Die","Unload"],"picked":"Storm of Steel+1","floor":33},{"not_picked":["Bane","Masterful Stab+1"],"picked":"Dodge and Roll+1","floor":35},{"not_picked":["PiercingWail+1","Accuracy"],"picked":"Cloak And Dagger+1","floor":36},{"not_picked":["Dagger Spray","Riddle With Holes+1"],"picked":"Acrobatics+1","floor":38},{"not_picked":["Expertise+1","PiercingWail+1"],"picked":"Crippling Poison+1","floor":40},{"not_picked":["Endless Agony","A Thousand Cuts","Outmaneuver+1"],"picked":"Blur+1","floor":44},{"not_picked":["Reflex+1","Outmaneuver+1","Riddle With Holes"],"picked":"Leg Sweep+1","floor":45},{"not_picked":["Finisher+1","Masterful Stab+1","Dagger Throw"],"picked":"Skewer+1","floor":46},{"not_picked":["Venomology+1","Sucker Punch","Slice+1"],"picked":"Crippling Poison+1","floor":54}],"player_experience":2025215,"relics_obtained":[{"floor":7.0,"key":"Pen Nib"},{"floor":9.0,"key":"Kunai"},{"floor":12.0,"key":"Thread and Needle"},{"floor":22.0,"key":"Incense Burner"},{"floor":22.0,"key":"Toxic Egg 2"},{"floor":25.0,"key":"The Specimen"},{"floor":31.0,"key":"Mercury Hourglass"},{"floor":36,"key":"Bird Faced Urn"},{"floor":40,"key":"Bottled Tornado"},{"floor":43,"key":"Question Card"},{"floor":44,"key":"Strawberry"},{"floor":48,"key":"Singing Bowl"},{"floor":54,"key":"Bag of Marbles"}],"event_choices":[{"cards_removed":["Strike_G"],"damage_healed":0.0,"max_hp_gain":0.0,"max_hp_loss":0.0,"gold_gain":0.0,"event_name":"Golden Wing","player_choice":"Card Removal","floor":2.0,"gold_loss":0.0,"damage_taken":7.0},{"damage_healed":0.0,"max_hp_gain":0.0,"max_hp_loss":0.0,"gold_gain":0.0,"event_name":"Lab","player_choice":"Got Potions","floor":3.0,"gold_loss":0.0,"damage_taken":0.0},{"damage_healed":0.0,"max_hp_gain":0.0,"max_hp_loss":0.0,"gold_gain":150.0,"event_name":"Liars Game","player_choice":"AGREE","floor":13.0,"gold_loss":0.0,"damage_taken":0.0,"cards_obtained":["Doubt"]},{"damage_healed":0.0,"max_hp_gain":0.0,"max_hp_loss":0.0,"gold_gain":0.0,"event_name":"Vampires","player_choice":"Ignored","floor":19.0,"gold_loss":0.0,"damage_taken":0.0},{"damage_healed":0.0,"max_hp_gain":0.0,"max_hp_loss":0.0,"gold_gain":0.0,"event_name":"Colosseum","player_choice":"Fight","floor":22.0,"gold_loss":0.0,"damage_taken":0.0},{"damage_healed":0.0,"max_hp_gain":0.0,"max_hp_loss":0.0,"gold_gain":0.0,"event_name":"Colosseum","player_choice":"Fought Nobs","floor":22.0,"gold_loss":0.0,"damage_taken":0.0},{"damage_healed":0,"gold_gain":0,"player_choice":"Fight","damage_taken":0,"max_hp_gain":0,"max_hp_loss":0,"event_name":"Mysterious Sphere","floor":36,"gold_loss":0},{"damage_healed":0,"gold_gain":0,"player_choice":"Ignored","damage_taken":0,"max_hp_gain":0,"max_hp_loss":0,"event_name":"SecretPortal","floor":37,"gold_loss":0}],"is_beta":true,"boss_relics":[{"not_picked":["Philosopher\u0027s Stone","Black Star"],"picked":"Sozu"},{"not_picked":["White Beast Statue","Velvet Choker"],"picked":"Fusion Hammer"}],"items_purged_floors":[14,28,41],"is_endless":false,"potions_floor_spawned":[1,11,12,16,20,21,24,30,31,35,36,45,54],"ascension_level":15}