{"gold_per_floor":[113,129,304,314,314,314,314,333,358,375,475,503,521,532,532,627,627,637,552,12,29,43,43,55,55,109,109,34,59,79,79,79,181,181,200,18,18],"floor_reached":37,"playtime":2586,"items_purged":[],"score":416,"play_id":"743676ac-3162-481c-823a-7932922499d1","local_time":"20190313001422","is_ascension_mode":false,"campfire_choices":[{"floor":6,"key":"REST"},{"floor":15,"key":"REST"},{"floor":23,"key":"REST"},{"floor":25,"key":"REST"},{"floor":32,"key":"REST"}],"neow_cost":"PERCENT_DAMAGE","seed_source_timestamp":206935920206666,"circlet_count":0,"master_deck":["Strike_R","Strike_R","Strike_R","Strike_R","Defend_R","Defend_R","Defend_R","Defend_R","Bash","Reaper+1","Shockwave","Pommel Strike","Anger","Anger","Clash","Sword Boomerang","Iron Wave","Armaments","Double Tap","Fire Breathing","Bandage Up","Havoc","Heavy Blade","Carnage","Heavy Blade+1","Cleave","Thunderclap","RitualDagger","Iron Wave","Rampage","RitualDagger","Seeing Red","Barricade","Anger+1","Madness","Metallicize","Heavy Blade"],"relics":["Burning Blood","Oddly Smooth Stone","Regal Pillow","Dream Catcher","Orichalcum","Thread and Needle","Lantern","Juzu Bracelet","Philosopher\u0027s Stone"],"potions_floor_usage":[33,33,33,37],"damage_taken":[{"damage":10,"enemies":"Cultist","floor":1,"turns":4},{"damage":11,"enemies":"Jaw Worm","floor":2,"turns":2},{"damage":4,"enemies":"2 Louse","floor":4,"turns":3},{"damage":21,"enemies":"Red Slaver","floor":8,"turns":3},{"damage":6,"enemies":"2 Fungi Beasts","floor":10,"turns":3},{"damage":42,"enemies":"3 Sentries","floor":12,"turns":5},{"damage":30,"enemies":"Gremlin Gang","floor":13,"turns":4},{"damage":10,"enemies":"Looter","floor":14,"turns":3},{"damage":76,"enemies":"Hexaghost","floor":16,"turns":10},{"damage":20,"enemies":"Spheric Guardian","floor":18,"turns":4},{"damage":6,"enemies":"Shell Parasite","floor":21,"turns":5},{"damage":64,"enemies":"3 Cultists","floor":22,"turns":7},{"damage":16,"enemies":"Snecko","floor":24,"turns":6},{"damage":36,"enemies":"Gremlin Leader","floor":29,"turns":7},{"damage":33,"enemies":"Snake Plant","floor":30,"turns":6},{"damage":68,"enemies":"Champ","floor":33,"turns":10},{"damage":60,"enemies":"3 Shapes","floor":35,"turns":4},{"damage":30,"enemies":"3 Darklings","floor":37,"turns":2}],"seed_played":"-904743812209387106","potions_obtained":[{"floor":1,"key":"Ancient Potion"},{"floor":2,"key":"Strength Potion"},{"floor":14,"key":"Swift Potion"},{"floor":18,"key":"SteroidPotion"},{"floor":24,"key":"AttackPotion"},{"floor":35,"key":"SkillPotion"}],"is_trial":false,"path_per_floor":["M","M","?","M","?","R","?","M","T","M","?","E","M","M","R","B",null,"M","?","$","M","M","R","M","R","T","?","?","E","M","?","R","B",null,"M","$","M"],"character_chosen":"IRONCLAD","items_purchased":["Orichalcum","Thread and Needle","Bandage Up","Havoc","Madness","Metallicize","Heavy Blade"],"campfire_rested":5,"item_purchase_floors":[20,20,20,20,36,36,36],"current_hp_per_floor":[58,53,53,55,48,72,72,57,57,63,63,48,40,41,80,17,80,66,66,66,70,30,69,64,80,80,74,74,48,25,25,64,16,80,30,30,0],"gold":18,"neow_bonus":"THREE_RARE_CARDS","is_prod":false,"is_daily":false,"chose_seed":false,"campfire_upgraded":0,"win_rate":0.0,"timestamp":1552461262,"path_taken":["M","M","?","M","?","R","?","?","T","M","?","E","M","?","R","BOSS","M","?","$","M","M","R","M","R","T","?","?","E","M","?","R","BOSS","M","$","M"],"build_version":"2019-01-23","purchased_purges":0,"victory":false,"max_hp_per_floor":[80,80,80,80,80,80,80,80,80,80,80,80,80,80,80,80,80,80,80,80,80,80,80,80,80,80,80,80,80,80,80,80,80,80,80,80,80],"card_choices":[{"not_picked":["Brutality","Berserk"],"picked":"Reaper","floor":0},{"not_picked":["Intimidate","Evolve"],"picked":"Shockwave","floor":1},{"not_picked":["Shrug It Off","Iron Wave"],"picked":"Pommel Strike","floor":2},{"not_picked":["Cleave","Headbutt"],"picked":"Anger","floor":4},{"not_picked":["Havoc","Reckless Charge"],"picked":"Anger","floor":8},{"not_picked":["Iron Wave","Havoc"],"picked":"Clash","floor":10},{"not_picked":["Clothesline","True Grit"],"picked":"Sword Boomerang","floor":12},{"not_picked":["Intimidate","Dark Embrace"],"picked":"Iron Wave","floor":13},{"not_picked":["Iron Wave","Warcry"],"picked":"Armaments","floor":14},{"not_picked":["Berserk","Fiend Fire"],"picked":"Double Tap","floor":16},{"not_picked":["Rampage","Cleave"],"picked":"Fire Breathing","floor":18},{"not_picked":["Corruption","Intimidate"],"picked":"Heavy Blade","floor":21},{"not_picked":["Headbutt","Iron Wave"],"picked":"Carnage","floor":22},{"not_picked":["Corruption","Power Through"],"picked":"Heavy Blade+1","floor":23},{"not_picked":["Double Tap","Anger"],"picked":"Cleave","floor":24},{"not_picked":["Perfected Strike","Wild Strike"],"picked":"Thunderclap","floor":25},{"not_picked":["Burning Pact","Body Slam+1"],"picked":"Iron Wave","floor":29},{"not_picked":["Evolve+1","Perfected Strike"],"picked":"Rampage","floor":30},{"not_picked":["Heavy Blade","Sword Boomerang"],"picked":"Seeing Red","floor":32},{"not_picked":["Offering","Reaper"],"picked":"Barricade","floor":33},{"not_picked":["Body Slam","True Grit+1"],"picked":"Anger+1","floor":35}],"player_experience":46348,"relics_obtained":[{"floor":9,"key":"Oddly Smooth Stone"},{"floor":12,"key":"Regal Pillow"},{"floor":26,"key":"Lantern"},{"floor":29,"key":"Juzu Bracelet"}],"event_choices":[{"damage_healed":0,"gold_gain":175,"player_choice":"AGREE","damage_taken":0,"max_hp_gain":0,"max_hp_loss":0,"event_name":"Liars Game","floor":3,"gold_loss":0,"cards_obtained":["Doubt"]},{"cards_removed":["Doubt"],"damage_healed":0,"gold_gain":0,"player_choice":"Card Removal","damage_taken":7,"max_hp_gain":0,"max_hp_loss":0,"event_name":"Golden Wing","floor":5,"gold_loss":0},{"damage_healed":0,"gold_gain":0,"player_choice":"Upgraded","damage_taken":0,"max_hp_gain":0,"max_hp_loss":0,"event_name":"Upgrade Shrine","floor":7,"gold_loss":0,"cards_upgraded":["Reaper"]},{"damage_healed":0,"gold_gain":100,"player_choice":"Gold","damage_taken":0,"max_hp_gain":0,"max_hp_loss":0,"event_name":"Wheel of Change","floor":11,"gold_loss":0},{"damage_healed":0,"gold_gain":0,"player_choice":"Obtained Relic","damage_taken":0,"relics_obtained":["Dream Catcher"],"max_hp_gain":0,"max_hp_loss":0,"event_name":"Addict","floor":19,"gold_loss":85},{"damage_healed":0,"gold_gain":0,"player_choice":"Joined the Cult","damage_taken":6,"max_hp_gain":0,"max_hp_loss":0,"event_name":"Nest","floor":27,"gold_loss":0,"cards_obtained":["RitualDagger"]},{"cards_removed":["Strike_R"],"damage_healed":0,"gold_gain":0,"player_choice":"Gave Gold","damage_taken":0,"max_hp_gain":0,"max_hp_loss":0,"event_name":"Beggar","floor":28,"gold_loss":75},{"damage_healed":0,"gold_gain":0,"player_choice":"Copied","damage_taken":0,"max_hp_gain":0,"max_hp_loss":0,"event_name":"Duplicator","floor":31,"gold_loss":0,"cards_obtained":["RitualDagger"]}],"is_beta":false,"boss_relics":[{"not_picked":["Fusion Hammer","Runic Dome","Runic Pyramid"]},{"not_picked":["Runic Cube","Calling Bell"],"picked":"Philosopher\u0027s Stone"}],"items_purged_floors":[],"is_endless":false,"potions_floor_spawned":[1,2,13,14,18,22,24,35],"killed_by":"3 Darklings","ascension_level":0}