{"gold_per_floor":[115,115,130,130,13,38,38,48,75,34,34,34,60,78,78,175,175,188,142,162,177,177,177,177,19,19,19,31,31,31],"floor_reached":30,"playtime":2039,"items_purged":[],"score":238,"play_id":"ae2f0003-976d-48b9-a2f1-0dc27727ad63","local_time":"20190313192620","is_ascension_mode":false,"campfire_choices":[{"data":"Inflame","floor":7,"key":"SMITH"},{"floor":11,"key":"REST"},{"floor":15,"key":"REST"},{"floor":23,"key":"REST"}],"neow_cost":"NONE","seed_source_timestamp":320578020701,"circlet_count":0,"master_deck":["Strike_R","Strike_R","Defend_R","Defend_R","Defend_R","Bash","Exhume","Pommel Strike","Twin Strike","Flex","Inflame+1","Heavy Blade","Cleave","Body Slam","Warcry","Headbutt","Limit Break","Blood for Blood+1","Double Tap+1","Headbutt+1","Iron Wave","Armaments","Heavy Blade","Clash","Feed","Flame Barrier+1"],"relics":["Burning Blood","Strawberry","Singing Bowl","MawBank","Ice Cream","Astrolabe","Bottled Tornado"],"potions_floor_usage":[6,20,21,22,30],"damage_taken":[{"damage":0,"enemies":"Small Slimes","floor":1,"turns":3},{"damage":11,"enemies":"Jaw Worm","floor":3,"turns":3},{"damage":44,"enemies":"3 Sentries","floor":6,"turns":7},{"damage":0,"enemies":"Cultist","floor":8,"turns":2},{"damage":31,"enemies":"Lagavulin","floor":13,"turns":4},{"damage":13,"enemies":"Red Slaver","floor":14,"turns":2},{"damage":27,"enemies":"Slime Boss","floor":16,"turns":8},{"damage":35,"enemies":"3 Byrds","floor":18,"turns":4},{"damage":36,"enemies":"2 Thieves","floor":20,"turns":5},{"damage":37,"enemies":"Snake Plant","floor":21,"turns":3},{"damage":0,"enemies":"Cultist and Chosen","floor":22,"turns":1},{"damage":46,"enemies":"Shelled Parasite and Fungi","floor":28,"turns":4},{"damage":33,"enemies":"Centurion and Healer","floor":30,"turns":3}],"seed_played":"-8731881064437939445","potions_obtained":[{"floor":1,"key":"LiquidBronze"},{"floor":6,"key":"Ancient Potion"},{"floor":14,"key":"BloodPotion"},{"floor":16,"key":"SteroidPotion"},{"floor":21,"key":"SmokeBomb"}],"is_trial":false,"path_per_floor":["M","?","M","?","$","E","R","M","T","$","R","?","E","M","R","B",null,"M","$","M","M","M","R","?","$","T","?","M","?","M"],"character_chosen":"IRONCLAD","items_purchased":["Flex","Inflame","Cleave","Armaments","Feed"],"campfire_rested":3,"item_purchase_floors":[5,5,10,19,25],"current_hp_per_floor":[80,80,75,79,79,43,43,49,49,49,75,75,50,43,69,48,89,60,60,38,7,13,39,68,68,68,68,28,28,0],"gold":31,"neow_bonus":"ONE_RANDOM_RARE_CARD","is_prod":false,"is_daily":false,"chose_seed":false,"campfire_upgraded":1,"win_rate":0.0,"timestamp":1552530380,"path_taken":["M","?","M","?","$","E","R","M","T","?","R","?","E","M","R","BOSS","M","?","?","M","M","R","?","$","T","?","M","?","M"],"build_version":"2019-01-23","purchased_purges":0,"victory":false,"max_hp_per_floor":[80,80,80,87,87,89,89,89,89,89,89,89,89,89,89,89,89,89,89,89,89,89,89,89,89,89,89,89,89,89],"card_choices":[{"not_picked":["Dual Wield","Searing Blow"],"picked":"Pommel Strike","floor":1},{"not_picked":["Flame Barrier","Havoc"],"picked":"Twin Strike","floor":3},{"not_picked":["Power Through","Dark Embrace","Clothesline"],"picked":"Singing Bowl","floor":6},{"not_picked":["Body Slam","Uppercut"],"picked":"Heavy Blade","floor":8},{"not_picked":["Havoc","Exhume"],"picked":"Warcry","floor":13},{"not_picked":["Whirlwind","Second Wind"],"picked":"Headbutt","floor":14},{"not_picked":["Double Tap","Offering"],"picked":"Limit Break","floor":16},{"not_picked":["Shrug It Off+1","Clothesline"],"picked":"Iron Wave","floor":18},{"not_picked":["Clash","Armaments"],"picked":"Heavy Blade","floor":20},{"not_picked":["Body Slam+1","Searing Blow"],"picked":"Clash","floor":21},{"not_picked":["Twin Strike","Pummel+1"],"picked":"Flame Barrier+1","floor":28}],"player_experience":48934,"relics_obtained":[{"floor":6,"key":"Singing Bowl"},{"floor":9,"key":"MawBank"},{"floor":13,"key":"Ice Cream"},{"floor":26,"key":"Bottled Tornado"}],"event_choices":[{"damage_healed":0,"gold_gain":0,"player_choice":"Ignored","damage_taken":0,"max_hp_gain":0,"max_hp_loss":0,"event_name":"Golden Wing","floor":2,"gold_loss":0},{"damage_healed":0,"gold_gain":0,"player_choice":"Success","damage_taken":3,"relics_obtained":["Strawberry"],"max_hp_gain":0,"max_hp_loss":0,"event_name":"Scrap Ooze","floor":4,"gold_loss":0},{"damage_healed":0,"gold_gain":0,"cards_transformed":["Strike_R"],"player_choice":"Transformed","damage_taken":0,"max_hp_gain":0,"max_hp_loss":0,"event_name":"Transmorgrifier","floor":12,"gold_loss":0,"cards_obtained":["Body Slam"]},{"damage_healed":29,"gold_gain":0,"player_choice":"Heal","damage_taken":0,"max_hp_gain":0,"max_hp_loss":0,"event_name":"The Library","floor":24,"gold_loss":0},{"damage_healed":0,"gold_gain":0,"player_choice":"Ignored","damage_taken":0,"max_hp_gain":0,"max_hp_loss":0,"event_name":"Vampires","floor":29,"gold_loss":0}],"is_beta":false,"boss_relics":[{"not_picked":["Velvet Choker","Busted Crown"],"picked":"Astrolabe"}],"items_purged_floors":[],"is_endless":false,"potions_floor_spawned":[1,6,14,16,18,21],"killed_by":"Centurion and Healer","ascension_level":0}