{"path_per_floor":["M","?","M","$","?","E","?","E","T","R","E","R","$","M","R","B",null,"M","?","M","?","M","R","E","R","T","?","$","R","?","?","R","B",null,"M","?","?","$","M","E","?","R","T","R","?","M","R","?","R","B"],"character_chosen":"THE_SILENT","items_purchased":["Dream Catcher","Backflip","Regal Pillow","Block Potion","Noxious Fumes","Energy Potion","Footwork","Block Potion"],"gold_per_floor":[218,218,238,36,1,42,217,253,253,253,292,292,24,48,48,176,176,191,191,209,209,225,225,251,251,276,201,15,15,15,15,15,118,118,137,137,137,17,33,68,68,68,68,68,0,10,10,10,10,10],"floor_reached":51,"campfire_rested":6,"playtime":8699,"current_hp_per_floor":[65,48,48,48,65,39,39,16,16,37,14,37,37,39,76,29,78,76,76,77,77,46,84,31,73,78,78,78,78,85,85,85,35,93,95,95,95,95,96,62,62,62,62,62,62,68,68,58,101,1],"items_purged":["Doubt","Normality"],"gold":10,"play_id":"6d333e7c-e90b-4d22-b5dd-2ef749ba4d18","is_prod":false,"is_daily":false,"is_ascension_mode":false,"campfire_upgraded":5,"path_taken":["M","?","?","$","?","E","?","E","T","R","E","R","?","M","R","BOSS","M","?","M","?","M","R","E","R","T","?","?","R","?","?","R","BOSS","M","?","?","?","M","E","?","R","T","R","?","M","R","?","R","BOSS"],"build_version":"2018-02-01-PROD3","purchased_purges":2,"victory":true,"master_deck":["Defend_G","Defend_G","Defend_G","Defend_G","Defend_G","Strike_G","Strike_G","Strike_G","Strike_G","Survivor","Neutralize","Well Laid Plans+1","Backflip","Deadly Poison","Backflip","Bouncing Flask+1","Adrenaline","Footwork","Poisoned Stab","Footwork","Outmaneuver","Deadly Poison","Adrenaline+1","Noxious Fumes+1","Burst","Jack Of All Trades+1","Footwork","Clumsy","Madness","Madness","Prepared+1"],"max_hp_per_floor":[70,70,70,70,70,70,70,70,70,70,72,74,74,76,76,76,78,80,80,82,82,84,84,84,86,86,86,86,86,93,93,93,93,93,95,95,95,95,97,99,99,99,99,99,99,101,101,101,101,101],"relics":["Ring of the Snake","Bloody Idol","Dream Catcher","Tough Bandages","Juzu Bracelet","Tingsha","Singing Bowl","Regal Pillow","Orrery","Shuriken","Ginger","Bag of Preparation","Strawberry","Cursed Key","Pen Nib","Girya","Red Mask"],"card_choices":[{"not_picked":["Quick Slash","Deflect"],"picked":"Well Laid Plans"},{"not_picked":["Distraction","Flechettes"],"picked":"Flying Knee"},{"not_picked":["Malaise","PiercingWail"],"picked":"Deadly Poison"},{"not_picked":["Sucker Punch","Deflect"],"picked":"Backflip"},{"not_picked":["Bane","Escape Plan"],"picked":"Bouncing Flask"},{"not_picked":["Burst","Die Die Die"],"picked":"Adrenaline"},{"not_picked":["Flying Knee","Backflip"],"picked":"Footwork"},{"not_picked":["Finisher","Predator"],"picked":"Poisoned Stab"},{"not_picked":["Bouncing Flask","Deflect"],"picked":"Footwork"},{"not_picked":["Deflect","Backflip"],"picked":"Outmaneuver"},{"not_picked":["Dodge and Roll","Deflect"],"picked":"Deadly Poison"},{"not_picked":["Infinite Blades","Riddle With Holes"],"picked":"Adrenaline"},{"not_picked":["Die Die Die","Wraith Form"],"picked":"Burst"},{"not_picked":["Heel Hook","Sucker Punch"],"picked":"Prepared"}],"player_experience":73783,"potions_floor_usage":[11,22,22,24,33,33,33,40,50,50],"damage_taken":[{"damage":5,"enemies":"Small Slimes","floor":1,"turns":5},{"damage":0,"enemies":"2 Louse","floor":3,"turns":4},{"damage":26,"enemies":"Gremlin Nob","floor":6,"turns":5},{"damage":23,"enemies":"3 Sentries","floor":8,"turns":13},{"damage":25,"enemies":"Lagavulin","floor":11,"turns":10},{"damage":0,"enemies":"Cultist","floor":14,"turns":4},{"damage":47,"enemies":"The Guardian","floor":16,"turns":8},{"damage":4,"enemies":"Chosen","floor":18,"turns":6},{"damage":6,"enemies":"3 Byrds","floor":20,"turns":7},{"damage":38,"enemies":"3 Cultists","floor":22,"turns":9},{"damage":58,"enemies":"Slavers","floor":24,"turns":10},{"damage":55,"enemies":"Automaton","floor":33,"turns":10},{"damage":2,"enemies":"Orb Walker","floor":35,"turns":3},{"damage":6,"enemies":"3 Shapes","floor":39,"turns":7},{"damage":41,"enemies":"Nemesis","floor":40,"turns":10},{"damage":1,"enemies":"3 Darklings","floor":46,"turns":5},{"damage":100,"enemies":"Donu and Deca","floor":50,"turns":11}],"event_choices":[{"event_name":"Golden Idol","player_choice":"Take Damage","floor":2,"damage_taken":0},{"event_name":"The Cleric","player_choice":"Healed","floor":5,"damage_taken":0},{"event_name":"Liars Game","player_choice":"agreed","floor":7,"damage_taken":0},{"event_name":"Forgotten Altar","player_choice":"Gave Idol","floor":19,"damage_taken":0},{"event_name":"Accursed Blacksmith","player_choice":"Rummage","floor":21,"damage_taken":0},{"event_name":"Beggar","player_choice":"Gave Gold","floor":27,"damage_taken":0},{"event_name":"The Mausoleum","player_choice":"Yes","floor":30,"damage_taken":0},{"event_name":"Vampires","player_choice":"Ignored","floor":31,"damage_taken":0},{"event_name":"Match and Keep!","player_choice":"1 cards matched","floor":36,"damage_taken":0},{"event_name":"Mysterious Sphere","player_choice":"Ignore","floor":41,"damage_taken":0},{"event_name":"Tomb of Lord Red Mask","player_choice":"Paid","floor":45,"damage_taken":0},{"event_name":"Winding Halls","player_choice":"Embrace Madness","floor":48,"damage_taken":0}],"boss_relics":[{"not_picked":["Philosopher\u0027s Stone","White Beast Statue"],"picked":"Orrery"},{"not_picked":["Runic Dome","Eternal Feather"],"picked":"Cursed Key"}],"potions_floor_spawned":[8,14,16,22,24,33,46],"seed_played":"1621917650874611807","ascension_level":0,"is_trial":false}