{"path_per_floor":["M","M","?","?","M","R","?","M","T","M","R","T","$","M","R","B",null,"M","$","M","M","?","R","M","M","T","R","E","R","$","?","R","B",null,"M","?","M","$","M","R","M","R","T","R","M","M","R","T","R","B"],"character_chosen":"IRONCLAD","items_purchased":["Letter Opener","Bag of Marbles","Offering","Flex","Bag of Preparation","Seeing Red"],"gold_per_floor":[114,128,128,428,451,451,530,550,550,564,564,564,37,56,56,180,180,203,6,21,44,44,44,64,89,89,89,125,125,46,46,46,172,172,192,192,208,133,158,158,183,183,183,183,206,229,229,229,229,229],"floor_reached":51,"campfire_rested":4,"playtime":4294,"current_hp_per_floor":[72,72,54,29,28,49,29,29,29,31,31,31,31,37,72,23,72,68,68,66,64,64,64,61,47,47,47,49,49,49,72,72,66,72,72,72,72,72,29,65,53,53,53,53,59,49,49,49,72,39],"items_purged":["Doubt"],"gold":229,"play_id":"1f0fda18-bbed-4a22-ab6b-bbc491901a9d","is_prod":false,"is_daily":false,"is_ascension_mode":false,"campfire_upgraded":8,"path_taken":["M","M","?","?","M","R","?","?","T","M","R","?","$","?","R","BOSS","M","$","M","M","?","R","M","M","T","R","E","R","$","?","R","BOSS","M","?","M","?","?","R","M","R","T","R","M","M","R","?","R","BOSS"],"build_version":"2018-01-25-PROD3","purchased_purges":1,"victory":true,"master_deck":["Strike_R","Strike_R","Strike_R","Defend_R","Defend_R","Defend_R","Defend_R","Bash","Sword Boomerang","Feel No Pain","Twin Strike","Clash","Thunderclap","Whirlwind+1","Cleave","Battle Trance","Offering+1","Inflame+1","Offering+1","Battle Trance+1","Flex+1","Iron Wave","Shrug It Off","Dropkick","Seeing Red+1","Seeing Red+1","Bash","Demon Form+1","Pommel Strike+1"],"max_hp_per_floor":[72,72,72,72,72,72,72,72,72,72,72,72,72,72,72,72,72,72,72,72,72,72,72,72,72,72,72,72,72,72,72,72,72,72,72,72,72,72,72,72,72,72,72,72,72,72,72,72,72,72],"relics":["Burning Blood","Golden Idol","Old Coin","Regal Pillow","Thread and Needle","Unceasing Top","Letter Opener","Bag of Marbles","Philosopher\u0027s Stone","Bag of Preparation","Champion Belt","Centennial Puzzle","Lizard Tail","Happy Flower","Ice Cream"],"card_choices":[{"not_picked":["Burning Pact","Sword Boomerang"],"picked":"Twin Strike"},{"not_picked":["Clothesline","Twin Strike"],"picked":"Clash"},{"not_picked":["Twin Strike","Headbutt"],"picked":"Thunderclap"},{"not_picked":["Sword Boomerang","Demon Form"],"picked":"Whirlwind"},{"not_picked":["Headbutt","Combust"],"picked":"Cleave"},{"not_picked":["Burning Pact","True Grit"],"picked":"Battle Trance"},{"not_picked":["Perfected Strike","Dropkick"],"picked":"Inflame"},{"not_picked":["Berserk","Bludgeon"],"picked":"Offering"},{"not_picked":["Thunderclap","True Grit"],"picked":"Battle Trance"},{"not_picked":["Clash","Disarm"],"picked":"Iron Wave"},{"not_picked":["Twin Strike","True Grit"],"picked":"Shrug It Off"},{"not_picked":["Sword Boomerang","Clash"],"picked":"Dropkick"},{"not_picked":["Thunderclap","Perfected Strike"],"picked":"Seeing Red"},{"not_picked":["Metallicize","Pommel Strike"],"picked":"Demon Form"},{"not_picked":["Iron Wave","Warcry"],"picked":"Pommel Strike"}],"player_experience":10104,"potions_floor_usage":[41,50,50],"damage_taken":[{"damage":6,"enemies":"Cultist","floor":1,"turns":3},{"damage":1,"enemies":"Jaw Worm","floor":2,"turns":3},{"damage":7,"enemies":"Blue Slaver","floor":5,"turns":3},{"damage":26,"enemies":"3 Sentries","floor":7,"turns":9},{"damage":6,"enemies":"Exordium Wildlife","floor":8,"turns":3},{"damage":4,"enemies":"2 Fungi Beasts","floor":10,"turns":3},{"damage":0,"enemies":"Looter","floor":14,"turns":2},{"damage":55,"enemies":"The Guardian","floor":16,"turns":8},{"damage":10,"enemies":"Shell Parasite","floor":18,"turns":2},{"damage":8,"enemies":"Chosen","floor":20,"turns":2},{"damage":8,"enemies":"3 Cultists","floor":21,"turns":1},{"damage":9,"enemies":"Centurion and Healer","floor":24,"turns":2},{"damage":20,"enemies":"Snake Plant","floor":25,"turns":2},{"damage":4,"enemies":"Slavers","floor":28,"turns":1},{"damage":12,"enemies":"Automaton","floor":33,"turns":5},{"damage":4,"enemies":"3 Darklings","floor":35,"turns":1},{"damage":0,"enemies":"Orb Walker","floor":37,"turns":2},{"damage":49,"enemies":"4 Shapes","floor":39,"turns":2},{"damage":18,"enemies":"Maw","floor":41,"turns":7},{"damage":0,"enemies":"3 Darklings","floor":45,"turns":1},{"damage":16,"enemies":"4 Shapes","floor":46,"turns":1},{"damage":39,"enemies":"Awakened One","floor":50,"turns":7}],"event_choices":[{"event_name":"Golden Idol","player_choice":"Take Damage","floor":3,"damage_taken":0},{"event_name":"Scrap Ooze","player_choice":"success","floor":4,"damage_taken":25},{"event_name":"Dead Adventurer","player_choice":"Searched \u00272\u0027 times","floor":7,"damage_taken":0},{"event_name":"Addict","player_choice":"Ignored","floor":22,"damage_taken":0},{"event_name":"The Library","player_choice":"Heal","floor":31,"damage_taken":0},{"event_name":"Match and Keep!","player_choice":"2 cards matched","floor":36,"damage_taken":0}],"boss_relics":[{"not_picked":["Eternal Feather","Snecko Eye"],"picked":"Philosopher\u0027s Stone"},{"not_picked":["White Beast Statue","Velvet Choker"],"picked":"Lizard Tail"}],"potions_floor_spawned":[5,10,14,16,18,28,33,35,41,46],"seed_played":"4213921691992843872","ascension_level":0,"is_trial":false}