{"gold_per_floor":[112,125,125,42,60,91,91,103,103,123,139,139,64,96,96,172,172,185,100,114,114,127,152,152,183,183,183,183,183,56,74,74,150,150,167,167,167,1166,533,566,566,566,611,611,165,14,40,52,52,52,52,52,2,31,31],"floor_reached":56,"playtime":2158,"items_purged":["Strike_G","Strike_G","Normality","Normality","Strike_G"],"score":2273,"play_id":"0901fb7e-89fa-4ae8-b821-df0aa7370088","local_time":"20190127135314","is_ascension_mode":true,"campfire_choices":[{"data":"Noxious Fumes","floor":7,"key":"SMITH"},{"floor":12,"key":"REST"},{"data":"Catalyst","floor":15,"key":"SMITH"},{"data":"Cloak And Dagger","floor":24,"key":"SMITH"},{"data":"Cloak And Dagger","floor":27,"key":"SMITH"},{"data":"Cloak And Dagger","floor":32,"key":"SMITH"},{"data":"Cloak And Dagger","floor":41,"key":"SMITH"},{"floor":44,"key":"RECALL"},{"data":"Infinite Blades","floor":49,"key":"SMITH"},{"data":"Well Laid Plans","floor":52,"key":"SMITH"}],"neow_cost":"NONE","seed_source_timestamp":1570620153213157,"circlet_count":0,"master_deck":["AscendersBane","Defend_G","Defend_G","Defend_G","Defend_G","Defend_G","Strike_G","Survivor","Cloak And Dagger+1","Quick Slash","Poisoned Stab","Catalyst+1","Noxious Fumes+1","Bouncing Flask","Cloak And Dagger+1","Leg Sweep","Corpse Explosion","Backflip+1","Dodge and Roll","Cloak And Dagger+1","Cloak And Dagger+1","Blade Dance+1","Well Laid Plans+1","Dodge and Roll","Adrenaline","Blur","Secret Technique","Blur","Catalyst","Thinking Ahead","PiercingWail","Infinite Blades+1","Backflip+1","Footwork"],"relics":["Ring of the Snake","Letter Opener","Ornamental Fan","Kunai","Mercury Hourglass","Sozu","Meat on the Bone","MutagenicStrength","Orichalcum","Smiling Mask","Thread and Needle","Cursed Key","Omamori","Lantern","Blue Candle","Calipers","Snake Skull","Singing Bowl","Ninja Scroll"],"potions_floor_usage":[6,55],"damage_taken":[{"damage":0,"enemies":"Jaw Worm","floor":1,"turns":6},{"damage":2,"enemies":"Small Slimes","floor":2,"turns":6},{"damage":0,"enemies":"2 Louse","floor":5,"turns":3},{"damage":20,"enemies":"Gremlin Nob","floor":6,"turns":4},{"damage":7,"enemies":"Exordium Wildlife","floor":8,"turns":5},{"damage":9,"enemies":"Looter","floor":10,"turns":4},{"damage":0,"enemies":"Blue Slaver","floor":11,"turns":4},{"damage":15,"enemies":"Lagavulin","floor":14,"turns":7},{"damage":0,"enemies":"Slime Boss","floor":16,"turns":6},{"damage":0,"enemies":"3 Byrds","floor":18,"turns":2},{"damage":0,"enemies":"Shell Parasite","floor":20,"turns":6},{"damage":2,"enemies":"Centurion and Healer","floor":22,"turns":4},{"damage":21,"enemies":"Slavers","floor":23,"turns":5},{"damage":0,"enemies":"Gremlin Leader","floor":25,"turns":7},{"damage":0,"enemies":"Cultist and Chosen","floor":31,"turns":5},{"damage":9,"enemies":"Champ","floor":33,"turns":15},{"damage":0,"enemies":"Orb Walker","floor":35,"turns":4},{"damage":27,"enemies":"Giant Head","floor":40,"turns":9},{"damage":0,"enemies":"Reptomancer","floor":47,"turns":3},{"damage":0,"enemies":"3 Darklings","floor":48,"turns":4},{"damage":0,"enemies":"Donu and Deca","floor":50,"turns":8},{"damage":10,"enemies":"Shield and Spear","floor":54,"turns":7},{"damage":2,"enemies":"The Heart","floor":55,"turns":10}],"seed_played":"7556009041287969048","potions_obtained":[{"floor":5,"key":"LiquidBronze"},{"floor":6,"key":"SteroidPotion"},{"floor":10,"key":"GhostInAJar"}],"is_trial":false,"path_per_floor":["M","M","?","$","M","E","R","M","T","M","M","R","$","E","R","B",null,"M","?","M","?","M","E","R","E","T","R","?","?","$","M","R","B",null,"M","?","?","?","$","E","R","?","T","R","$","$","E","M","R","B",null,"R","$","E","B",null],"character_chosen":"THE_SILENT","items_purchased":["Poisoned Stab","Catalyst","Well Laid Plans","Blur","Omamori","Lantern","Catalyst","Thinking Ahead","PiercingWail","Calipers","Infinite Blades","Snake Skull"],"campfire_rested":1,"item_purchase_floors":[4,4,30,39,39,39,39,39,45,45,45,46],"current_hp_per_floor":[59,57,52,52,52,32,32,25,25,16,16,35,35,20,20,20,55,55,55,55,55,53,44,44,44,44,44,44,44,44,44,44,35,58,58,48,48,48,48,33,33,33,33,33,33,33,33,35,35,35,58,58,58,48,46],"gold":31,"neow_bonus":"REMOVE_CARD","is_prod":false,"is_daily":false,"chose_seed":false,"campfire_upgraded":8,"win_rate":0,"timestamp":1548615194,"path_taken":["M","M","?","?","M","E","R","M","T","M","M","R","?","E","R","BOSS","M","?","M","?","M","E","R","E","T","R","?","?","?","M","R","BOSS","M","?","?","?","$","E","R","?","T","R","?","$","E","M","R","BOSS","R","$","E","BOSS"],"build_version":"2019-01-23","purchased_purges":5,"victory":true,"max_hp_per_floor":[66,66,66,66,66,66,66,66,66,66,66,66,66,66,66,66,66,66,66,66,66,66,66,66,66,66,66,66,66,66,66,66,66,66,66,66,63,63,63,63,63,63,63,63,63,63,63,65,65,65,65,65,65,65,65],"card_choices":[{"not_picked":["Backflip","Dodge and Roll"],"picked":"Cloak And Dagger","floor":1},{"not_picked":["Tactician","Prepared"],"picked":"Quick Slash","floor":2},{"not_picked":["Leg Sweep","Cloak And Dagger"],"picked":"Noxious Fumes","floor":5},{"not_picked":["Bane","Calculated Gamble"],"picked":"Bouncing Flask","floor":6},{"not_picked":["Blade Dance","Calculated Gamble","Outmaneuver"],"picked":"SKIP","floor":8},{"not_picked":["Heel Hook","Sucker Punch"],"picked":"Cloak And Dagger","floor":10},{"not_picked":["Eviscerate","Quick Slash"],"picked":"Leg Sweep","floor":11},{"not_picked":["Phantasmal Killer","Sucker Punch","Expertise"],"picked":"SKIP","floor":14},{"not_picked":["Adrenaline","Glass Knife"],"picked":"Corpse Explosion","floor":16},{"not_picked":["Dagger Spray","Deadly Poison"],"picked":"Backflip+1","floor":18},{"not_picked":["Distraction","Deflect"],"picked":"Dodge and Roll","floor":20},{"not_picked":["Blade Dance","Flechettes"],"picked":"Cloak And Dagger","floor":22},{"not_picked":["Skewer","Outmaneuver+1"],"picked":"Cloak And Dagger","floor":23},{"not_picked":["Deadly Poison+1","Predator"],"picked":"Blade Dance+1","floor":25},{"not_picked":["Noxious Fumes","Finisher"],"picked":"Dodge and Roll","floor":31},{"not_picked":["Die Die Die","Doppelganger"],"picked":"Adrenaline","floor":33},{"not_picked":["Eviscerate+1","Deflect"],"picked":"Blur","floor":35},{"not_picked":["PanicButton","Violence"],"picked":"Secret Technique","floor":36},{"not_picked":["Masterful Stab","Deflect","Bouncing Flask"],"picked":"SKIP","floor":40},{"not_picked":["Blur+1","Infinite Blades+1"],"picked":"Backflip+1","floor":47},{"not_picked":["Sucker Punch+1","Quick Slash","Caltrops+1"],"picked":"Singing Bowl","floor":48},{"not_picked":["Grand Finale","Quick Slash"],"picked":"Footwork","floor":54}],"player_experience":1892076,"relics_obtained":[{"floor":6,"key":"Ornamental Fan"},{"floor":9,"key":"Kunai"},{"floor":14,"key":"Mercury Hourglass"},{"floor":23,"key":"Orichalcum"},{"floor":25,"key":"Smiling Mask"},{"floor":26,"key":"Thread and Needle"},{"floor":40,"key":"Blue Candle"},{"floor":47,"key":"Singing Bowl"},{"floor":54,"key":"Ninja Scroll"}],"event_choices":[{"damage_healed":0,"gold_gain":0,"player_choice":"Success","damage_taken":5,"relics_obtained":["Letter Opener"],"max_hp_gain":0,"max_hp_loss":0,"event_name":"Scrap Ooze","floor":3,"gold_loss":0},{"damage_healed":0,"gold_gain":0,"player_choice":"Obtained Relic","damage_taken":0,"relics_obtained":["Meat on the Bone"],"max_hp_gain":0,"max_hp_loss":0,"event_name":"Addict","floor":19,"gold_loss":85},{"damage_healed":0,"gold_gain":0,"player_choice":"Inject Mutagens","damage_taken":0,"relics_obtained":["MutagenicStrength"],"max_hp_gain":0,"max_hp_loss":0,"event_name":"Drug Dealer","floor":21,"gold_loss":0},{"damage_healed":0,"gold_gain":0,"player_choice":"Ignored","damage_taken":0,"max_hp_gain":0,"max_hp_loss":0,"event_name":"Vampires","floor":28,"gold_loss":0},{"damage_healed":0,"gold_gain":0,"player_choice":"Ignored","damage_taken":0,"max_hp_gain":0,"max_hp_loss":0,"event_name":"The Mausoleum","floor":29,"gold_loss":0},{"damage_healed":0,"gold_gain":0,"player_choice":"Memory 3","damage_taken":10,"max_hp_gain":0,"max_hp_loss":0,"event_name":"SensoryStone","floor":36,"gold_loss":0},{"damage_healed":0,"gold_gain":0,"player_choice":"Max HP","damage_taken":0,"max_hp_gain":0,"max_hp_loss":3,"event_name":"Winding Halls","floor":37,"gold_loss":0},{"damage_healed":0,"gold_gain":999,"player_choice":"Gold","damage_taken":0,"max_hp_gain":0,"max_hp_loss":0,"event_name":"MindBloom","floor":38,"gold_loss":0,"cards_obtained":["Normality","Normality"]},{"cards_removed":["Neutralize"],"damage_healed":0,"gold_gain":0,"player_choice":"Removed Attack","damage_taken":0,"max_hp_gain":0,"max_hp_loss":0,"event_name":"Falling","floor":42,"gold_loss":0}],"is_beta":true,"boss_relics":[{"not_picked":["Lizard Tail","Snecko Eye"],"picked":"Sozu"},{"not_picked":["Philosopher\u0027s Stone","Tiny House"],"picked":"Cursed Key"}],"items_purged_floors":[13,30,39,45,53],"is_endless":false,"potions_floor_spawned":[5,6,10,14,20,22,23,25,40,48,54],"ascension_level":15}