{"path_per_floor":["M","M","M","$","M","R","?","?","T","$","R","?","T","$","R","B",null,"M","M","?","M","T","R","M","R","T","R","?","R","M","M","R","B",null,"M","?","M","?","?","R","M","M","T","$","R","M","M","?","R","B"],"character_chosen":"IRONCLAD","items_purchased":["Metallicize","Shrug It Off","Strawberry","Kunai","Dropkick"],"gold_per_floor":[117,131,150,37,55,55,55,55,55,9,9,9,9,9,9,113,113,132,105,5,21,46,46,57,57,83,83,133,133,153,166,166,270,270,288,288,300,550,550,550,561,572,572,88,88,102,120,120,120,120],"floor_reached":51,"campfire_rested":3,"playtime":3794,"current_hp_per_floor":[70,73,77,77,80,80,72,69,69,69,69,62,72,72,72,60,90,90,67,67,60,60,60,31,58,58,58,58,58,8,18,45,11,90,83,83,85,85,75,75,44,11,25,32,65,47,34,101,101,57],"items_purged":["Pain"],"gold":120,"play_id":"347a64c6-b894-4225-9fe3-ab9f029f46b1","is_prod":false,"is_daily":false,"is_ascension_mode":false,"campfire_upgraded":5,"path_taken":["M","M","?","$","M","R","?","?","T","?","R","?","?","$","R","BOSS","M","M","?","?","?","R","?","R","T","R","?","R","M","M","R","BOSS","M","?","?","?","?","R","M","M","T","?","R","?","M","?","R","BOSS"],"build_version":"2018-01-25-PROD3","purchased_purges":1,"victory":true,"master_deck":["Strike_R","Strike_R","Strike_R","Strike_R","Defend_R","Defend_R","Defend_R","Defend_R","Perfected Strike","Shockwave+1","Metallicize+1","Armaments+1","Shrug It Off","Exhume","Battle Trance","Armaments+1","J.A.X.+1","Iron Wave+1","Heavy Blade+1","Offering","Seeing Red+1","Metallicize","Barricade+1","Body Slam+1","Regret","Madness","Madness","Shrug It Off+1","Dropkick","Infernal Blade+1","Flame Barrier+1"],"max_hp_per_floor":[80,80,80,80,80,80,80,80,80,80,80,80,90,90,90,90,90,90,90,90,90,90,90,90,90,90,90,90,90,90,90,90,90,90,90,90,90,90,90,90,90,90,104,111,111,111,111,101,101,101],"relics":["Burning Blood","Girya","Bronze Scales","Dream Catcher","Pear","Runic Pyramid","Frozen Egg","Blood Vial","Sozu","Mango","Strawberry","Kunai"],"card_choices":[{"not_picked":["Feel No Pain","Sever Soul"],"picked":"Perfected Strike"},{"not_picked":["Warcry","Reckless Charge"],"picked":"Shockwave"},{"not_picked":["Wild Strike","Perfected Strike"],"picked":"Armaments"},{"not_picked":["Dark Embrace","Fiend Fire"],"picked":"Exhume"},{"not_picked":["Evolve","True Grit"],"picked":"Battle Trance"},{"not_picked":["Wild Strike","Rage"],"picked":"Armaments"},{"not_picked":["Heavy Blade","Wild Strike"],"picked":"Iron Wave"},{"not_picked":["Power Through","Sever Soul"],"picked":"Heavy Blade"},{"not_picked":["Wild Strike","Headbutt"],"picked":"Offering"},{"not_picked":["Hemokinesis","Headbutt"],"picked":"Seeing Red"},{"not_picked":["Wild Strike","Power Through"],"picked":"Metallicize"},{"not_picked":["Brutality","Dark Embrace"],"picked":"Barricade"},{"not_picked":["Power Through","Sentinel"],"picked":"Body Slam"},{"not_picked":["Clothesline","Heavy Blade"],"picked":"Shrug It Off"},{"not_picked":["Dropkick","Fire Breathing"],"picked":"Infernal Blade"},{"not_picked":["Reaper","Thunderclap"],"picked":"Flame Barrier"}],"player_experience":51152,"potions_floor_usage":[31,33,33,33],"damage_taken":[{"damage":16,"enemies":"Blue Slaver","floor":1,"turns":6},{"damage":3,"enemies":"Cultist","floor":2,"turns":3},{"damage":2,"enemies":"2 Louse","floor":3,"turns":3},{"damage":2,"enemies":"Looter","floor":5,"turns":4},{"damage":18,"enemies":"Slime Boss","floor":16,"turns":9},{"damage":5,"enemies":"Chosen","floor":18,"turns":5},{"damage":29,"enemies":"2 Thieves","floor":19,"turns":5},{"damage":13,"enemies":"Snake Plant","floor":21,"turns":4},{"damage":35,"enemies":"Chosen and Byrds","floor":24,"turns":5},{"damage":58,"enemies":"3 Cultists","floor":30,"turns":7},{"damage":10,"enemies":"Slaver and Parasite","floor":31,"turns":5},{"damage":42,"enemies":"Champ","floor":33,"turns":11},{"damage":13,"enemies":"3 Shapes","floor":35,"turns":6},{"damage":6,"enemies":"Orb Walker","floor":37,"turns":4},{"damage":39,"enemies":"3 Darklings","floor":41,"turns":3},{"damage":41,"enemies":"Maw","floor":42,"turns":7},{"damage":26,"enemies":"Sphere and 2 Shapes","floor":46,"turns":5},{"damage":21,"enemies":"4 Shapes","floor":47,"turns":5},{"damage":50,"enemies":"Awakened One","floor":50,"turns":15}],"event_choices":[{"event_name":"Wheel of Change","player_choice":"Damage","floor":7,"damage_taken":0},{"event_name":"Scrap Ooze","player_choice":"success","floor":8,"damage_taken":3},{"event_name":"Golden Wing","player_choice":"Card Removal","floor":12,"damage_taken":0},{"event_name":"Drug Dealer","player_choice":"Got JAXXED","floor":20,"damage_taken":0},{"event_name":"The Joust","player_choice":"Bet on Murderer","floor":28,"damage_taken":0},{"event_name":"Golden Shrine","player_choice":"Desecrate","floor":38,"damage_taken":0},{"event_name":"Winding Halls","player_choice":"Embrace Madness","floor":39,"damage_taken":0},{"event_name":"The Moai Head","player_choice":"Heal","floor":48,"damage_taken":0}],"boss_relics":[{"not_picked":["Runic Dome","Astrolabe"],"picked":"Runic Pyramid"},{"not_picked":["Black Star","White Beast Statue"],"picked":"Sozu"}],"potions_floor_spawned":[1,5,21,31,35,41,42],"seed_played":"263121696746526783","ascension_level":0,"is_trial":false}