{"gold_per_floor":[110,110,42,56,8,36,36,51,51,76,76,86,86,13,13,92,92,105,26,44,18,18,18,51,51,51,66,95,107,107,125,125,198,198,216,216,216,227,227,227,257,257,257,272,307,324,324,236,236,236,236,236,38,72,72],"floor_reached":56,"playtime":2649,"items_purged":["Phantasmal Killer+1","Dagger Spray+1"],"score":2533,"play_id":"e46cffc8-3391-43fd-9fbf-930146d8c0ba","local_time":"20190307170554","is_ascension_mode":true,"campfire_choices":[{"data":"Dagger Spray","floor":7,"key":"SMITH"},{"floor":11,"key":"REST"},{"data":"Flying Knee","floor":15,"key":"SMITH"},{"data":"Backstab","floor":23,"key":"SMITH"},{"floor":25,"key":"REST"},{"floor":32,"key":"RECALL"},{"floor":40,"key":"REST"},{"data":"Survivor","floor":42,"key":"SMITH"},{"floor":47,"key":"REST"},{"floor":49,"key":"REST"},{"floor":52,"key":"REST"}],"neow_cost":"NONE","seed_source_timestamp":1567935867597901,"circlet_count":0,"master_deck":["AscendersBane","Survivor+1","Neutralize+1","Backflip+1","Dodge and Roll+1","Flying Knee+1","Footwork+1","Wraith Form v2+1","Envenom+1","Tools of the Trade+1","Concentrate+1","Acrobatics+1","Backstab+1","Burst+1","Corpse Explosion+1","After Image+1","Backflip+1","Noxious Fumes+1","Deflect+1","Cloak And Dagger+1","PiercingWail+1","Leg Sweep+1","Doppelganger+1","Dark Shackles+1","PanicButton+1","PiercingWail+1","Backflip+1","Venomology+1","Catalyst+1","Caltrops+1"],"relics":["Ring of the Snake","NeowsBlessing","Blue Candle","Toxic Egg 2","Frozen Egg 2","Bag of Preparation","Pandora\u0027s Box","Regal Pillow","FossilizedHelix","Calipers","Runic Pyramid","The Courier","Oddly Smooth Stone","Question Card","Snake Skull","Pocketwatch"],"potions_floor_usage":[10,16,24,50,55,55],"damage_taken":[{"damage":0,"enemies":"Jaw Worm","floor":1,"turns":1},{"damage":0,"enemies":"2 Louse","floor":4,"turns":1},{"damage":0,"enemies":"Gremlin Nob","floor":6,"turns":1},{"damage":0,"enemies":"Cultist","floor":8,"turns":4},{"damage":37,"enemies":"Lagavulin","floor":10,"turns":10},{"damage":0,"enemies":"2 Fungi Beasts","floor":12,"turns":3},{"damage":41,"enemies":"The Guardian","floor":16,"turns":23},{"damage":0,"enemies":"Spheric Guardian","floor":18,"turns":4},{"damage":4,"enemies":"Shell Parasite","floor":20,"turns":5},{"damage":11,"enemies":"Slavers","floor":24,"turns":2},{"damage":0,"enemies":"Snake Plant","floor":27,"turns":6},{"damage":0,"enemies":"Book of Stabbing","floor":28,"turns":6},{"damage":0,"enemies":"Snecko","floor":29,"turns":6},{"damage":0,"enemies":"Centurion and Healer","floor":31,"turns":7},{"damage":0,"enemies":"Champ","floor":33,"turns":17},{"damage":0,"enemies":"3 Shapes","floor":35,"turns":2},{"damage":0,"enemies":"Orb Walker","floor":38,"turns":5},{"damage":0,"enemies":"Nemesis","floor":41,"turns":9},{"damage":0,"enemies":"3 Darklings","floor":44,"turns":4},{"damage":0,"enemies":"Reptomancer","floor":45,"turns":9},{"damage":0,"enemies":"Sphere and 2 Shapes","floor":46,"turns":5},{"damage":0,"enemies":"Awakened One","floor":50,"turns":14},{"damage":0,"enemies":"Shield and Spear","floor":54,"turns":8},{"damage":0,"enemies":"The Heart","floor":55,"turns":9}],"seed_played":"3792958241102585862","potions_obtained":[{"floor":4,"key":"LiquidBronze"},{"floor":10,"key":"Energy Potion"},{"floor":18,"key":"SkillPotion"},{"floor":24,"key":"Strength Potion"},{"floor":27,"key":"Weak Potion"},{"floor":45,"key":"SkillPotion"},{"floor":46,"key":"Dexterity Potion"}],"is_trial":false,"path_per_floor":["M","?","?","M","$","E","R","M","T","E","R","M","?","$","R","B",null,"M","$","M","$","?","R","E","R","T","M","E","M","?","M","R","B",null,"M","T","?","M","?","R","E","R","T","M","E","M","R","$","R","B",null,"R","$","E","B",null],"character_chosen":"THE_SILENT","items_purchased":["Dagger Spray","Footwork+1","Noxious Fumes+1","Cloak And Dagger+1","Caltrops+1","Snake Skull"],"campfire_rested":6,"item_purchase_floors":[5,14,19,21,48,53],"current_hp_per_floor":[59,59,59,59,59,59,59,59,59,22,41,41,46,46,46,5,55,55,55,51,51,51,51,40,71,71,71,71,71,71,71,71,71,71,71,71,61,61,61,71,71,71,71,71,71,71,71,71,71,71,71,71,71,71,71],"gold":72,"neow_bonus":"THREE_ENEMY_KILL","is_prod":false,"is_daily":false,"chose_seed":false,"campfire_upgraded":4,"win_rate":0,"timestamp":1551996354,"path_taken":["M","?","?","?","$","E","R","M","T","E","R","M","?","?","R","BOSS","M","$","M","?","?","R","E","R","T","M","E","?","?","M","R","BOSS","M","?","?","M","?","R","E","R","T","?","E","M","R","$","R","BOSS","R","$","E","BOSS"],"build_version":"2019-02-06","purchased_purges":2,"victory":true,"max_hp_per_floor":[66,66,66,66,66,66,66,66,66,66,66,66,71,71,71,71,71,71,71,71,71,71,71,71,71,71,71,71,71,71,71,71,71,71,71,71,71,71,71,71,71,71,71,71,71,71,71,71,71,71,71,71,71,71,71],"card_choices":[{"not_picked":["Deflect","Poisoned Stab","Calculated Gamble"],"picked":"SKIP","floor":1},{"not_picked":["Dodge and Roll","Blade Dance"],"picked":"Backflip","floor":4},{"not_picked":["Bane","Dagger Spray"],"picked":"Dodge and Roll","floor":6},{"not_picked":["Quick Slash","Expertise+1"],"picked":"Flying Knee","floor":8},{"not_picked":["Phantasmal Killer+1","Dodge and Roll+1","Concentrate+1"],"picked":"SKIP","floor":10},{"not_picked":["Distraction+1","Poisoned Stab","Prepared+1"],"picked":"SKIP","floor":12},{"not_picked":["Distraction+1","Poisoned Stab","Prepared+1"],"picked":"SKIP","floor":12},{"not_picked":["Bullet Time+1","Glass Knife"],"picked":"Wraith Form v2+1","floor":16},{"not_picked":["Endless Agony","Slice"],"picked":"Backflip+1","floor":18},{"not_picked":["Blade Dance+1","Dash"],"picked":"Deflect+1","floor":20},{"not_picked":["Flying Knee","Deflect+1","Concentrate+1"],"picked":"SKIP","floor":24},{"not_picked":["Bane","Deadly Poison+1"],"picked":"PiercingWail+1","floor":27},{"not_picked":["Corpse Explosion+1","Deflect+1","Riddle With Holes"],"picked":"SKIP","floor":28},{"not_picked":["Dodge and Roll+1","Accuracy+1"],"picked":"Leg Sweep+1","floor":29},{"not_picked":["Poisoned Stab","Outmaneuver+1","Tactician+1"],"picked":"SKIP","floor":31},{"not_picked":["Storm of Steel+1","Burst+1"],"picked":"Doppelganger+1","floor":33},{"not_picked":["Bane","Infinite Blades+1","Quick Slash+1"],"picked":"SKIP","floor":35},{"not_picked":["Magnetism+1","Forethought+1"],"picked":"Dark Shackles+1","floor":37},{"not_picked":["Swift Strike","Good Instincts+1"],"picked":"PanicButton+1","floor":37},{"not_picked":["Dodge and Roll+1","Deflect+1"],"picked":"PiercingWail+1","floor":38},{"not_picked":["Slice+1","Quick Slash","Flying Knee"],"picked":"SKIP","floor":41},{"not_picked":["Quick Slash","Cloak And Dagger+1"],"picked":"Backflip+1","floor":44},{"not_picked":["Terror+1","Bane"],"picked":"Venomology+1","floor":45},{"not_picked":["Deflect+1","Endless Agony","Outmaneuver+1"],"picked":"Catalyst+1","floor":46},{"not_picked":["Poisoned Stab","Caltrops+1","Dagger Throw","Predator"],"picked":"SKIP","floor":54}],"player_experience":2118844,"relics_obtained":[{"floor":6,"key":"Toxic Egg 2"},{"floor":9,"key":"Frozen Egg 2"},{"floor":10,"key":"Bag of Preparation"},{"floor":24,"key":"Regal Pillow"},{"floor":26,"key":"FossilizedHelix"},{"floor":28,"key":"Calipers"},{"floor":36,"key":"The Courier"},{"floor":41,"key":"Oddly Smooth Stone"},{"floor":45,"key":"Question Card"},{"floor":54,"key":"Pocketwatch"}],"event_choices":[{"damage_healed":0,"gold_gain":0,"player_choice":"Ignored","damage_taken":0,"max_hp_gain":0,"max_hp_loss":0,"event_name":"Shining Light","floor":2,"gold_loss":0},{"damage_healed":0,"gold_gain":0,"player_choice":"Paid Gold","damage_taken":0,"relics_obtained":["Blue Candle"],"max_hp_gain":0,"max_hp_loss":0,"event_name":"WeMeetAgain","floor":3,"gold_loss":68},{"damage_healed":0,"gold_gain":0,"player_choice":"Donut","damage_taken":0,"max_hp_gain":5,"max_hp_loss":0,"event_name":"Big Fish","floor":13,"gold_loss":0},{"damage_healed":0,"gold_gain":0,"player_choice":"Upgraded","damage_taken":0,"max_hp_gain":0,"max_hp_loss":0,"event_name":"Upgrade Shrine","floor":22,"gold_loss":0,"cards_upgraded":["Neutralize"]},{"damage_healed":0,"gold_gain":0,"player_choice":"Forge","damage_taken":0,"max_hp_gain":0,"max_hp_loss":0,"event_name":"Accursed Blacksmith","floor":30,"gold_loss":0,"cards_upgraded":["Backflip"]},{"damage_healed":0,"gold_gain":0,"player_choice":"Memory 3","damage_taken":10,"max_hp_gain":0,"max_hp_loss":0,"event_name":"SensoryStone","floor":37,"gold_loss":0},{"cards_removed":["Flying Knee"],"damage_healed":0,"gold_gain":0,"player_choice":"Purged","damage_taken":0,"max_hp_gain":0,"max_hp_loss":0,"event_name":"Purifier","floor":39,"gold_loss":0}],"is_beta":true,"boss_relics":[{"not_picked":["Calling Bell","Black Star"],"picked":"Pandora\u0027s Box"},{"not_picked":["Lizard Tail","Orrery"],"picked":"Runic Pyramid"}],"items_purged_floors":[48,53],"is_endless":false,"potions_floor_spawned":[4,10,18,24,27,33,38,41,45,46],"ascension_level":15}