{"path_per_floor":["M","?","M","?","?","E","M","R","T","M","M","$","E","M","R","B",null,"M","$","M","?","$","R","E","R","T","T","M","E","M","?","R","B",null,"M","?","M","?","M","R","E","M","T","R","E","?","$","E","R","B"],"character_chosen":"IRONCLAD","items_purchased":["Offering","Metallicize","Shrug It Off","Vajra","Corruption","Mango","Deep Breath","Regen Potion"],"gold_per_floor":[119,79,97,172,172,202,219,219,287,297,310,91,122,138,138,242,272,285,237,254,254,110,110,139,139,163,163,177,206,219,219,219,315,315,329,377,397,397,415,415,446,460,484,484,514,514,5,30,30,30],"floor_reached":51,"campfire_rested":5,"playtime":4284,"current_hp_per_floor":[80,80,77,66,66,48,51,51,51,50,53,53,20,21,60,12,85,80,80,69,69,69,69,14,54,54,54,44,40,39,23,65,69,90,87,86,90,90,12,54,55,56,56,56,46,46,60,53,99,86],"items_purged":[],"gold":30,"score":755,"play_id":"3f5863a1-8596-438e-926d-06a5d6bc2506","is_prod":false,"is_daily":false,"is_ascension_mode":true,"campfire_upgraded":3,"path_taken":["M","?","?","?","?","E","M","R","T","M","M","$","E","M","R","BOSS","M","$","M","?","?","R","E","R","T","?","M","E","M","?","R","BOSS","M","?","M","?","?","R","E","M","T","R","E","?","$","E","R","BOSS"],"build_version":"2018-02-08-PROD1","purchased_purges":0,"victory":true,"master_deck":["Strike_R","Strike_R","Strike_R","Strike_R","Strike_R","Defend_R","Defend_R","Defend_R","Bash","Seeing Red+1","Warcry","Regret","Heavy Blade","Spot Weakness","Flame Barrier","Ghostly Armor","Offering","Metallicize","Thunderclap","Flex+1","Offering","Shrug It Off","Seeing Red","Battle Trance","Armaments+1","Shrug It Off","Flex","Whirlwind+1","Shrug It Off+1","Flex+1","Corruption","Deep Breath","Armaments+1"],"max_hp_per_floor":[80,80,80,80,80,80,80,80,80,80,80,80,80,80,80,80,85,85,85,85,85,85,85,85,85,85,85,85,85,85,90,90,90,90,90,90,90,90,90,90,90,90,90,90,90,90,104,104,104,104],"relics":["Burning Blood","Prayer Wheel","Torii","Bag of Preparation","Dodecahedron","Regal Pillow","Tiny House","Vajra","Red Skull","Bag of Marbles","Dead Branch","Gremlin Horn","Runic Cube","Magic Flower","Pen Nib","Lantern","Dream Catcher","Mango","Juzu Bracelet"],"card_choices":[{"not_picked":["Pommel Strike","Thunderclap"],"picked":"Seeing Red"},{"not_picked":["Headbutt","Bloodletting"],"picked":"Warcry"},{"not_picked":["Burning Pact","Warcry"],"picked":"Heavy Blade"},{"not_picked":["Clothesline","Perfected Strike"],"picked":"Spot Weakness"},{"not_picked":["Headbutt","Perfected Strike"],"picked":"Flame Barrier"},{"not_picked":["Clothesline","Rage"],"picked":"Ghostly Armor"},{"not_picked":["Fire Breathing","Dual Wield"],"picked":"Thunderclap"},{"not_picked":["Uppercut","Heavy Blade"],"picked":"Flex"},{"not_picked":["Feed","Reaper"],"picked":"Offering"},{"not_picked":["Spot Weakness","Second Wind"],"picked":"Seeing Red"},{"not_picked":["Anger","Pommel Strike"],"picked":"Battle Trance"},{"not_picked":["True Grit","Flex"],"picked":"Armaments"},{"not_picked":["Iron Wave","Dropkick"],"picked":"Shrug It Off"},{"not_picked":["Anger","Clothesline"],"picked":"Flex"},{"not_picked":["Bloodletting","Cleave"],"picked":"Whirlwind"},{"not_picked":["Entrench","Wild Strike"],"picked":"Shrug It Off"},{"not_picked":["Sword Boomerang","Perfected Strike"],"picked":"Flex"},{"not_picked":["Carnage","Juggernaut"],"picked":"Armaments"}],"player_experience":105078,"potions_floor_usage":[6,6,6,13,24,24,33,33,33,39],"damage_taken":[{"damage":4,"enemies":"Jaw Worm","floor":1,"turns":6},{"damage":9,"enemies":"Blue Slaver","floor":3,"turns":7},{"damage":24,"enemies":"3 Sentries","floor":6,"turns":6},{"damage":3,"enemies":"Small Slimes","floor":7,"turns":3},{"damage":7,"enemies":"Looter","floor":10,"turns":3},{"damage":3,"enemies":"2 Fungi Beasts","floor":11,"turns":3},{"damage":39,"enemies":"Gremlin Nob","floor":13,"turns":6},{"damage":5,"enemies":"3 Louse","floor":14,"turns":3},{"damage":54,"enemies":"The Guardian","floor":16,"turns":9},{"damage":11,"enemies":"Shell Parasite","floor":18,"turns":3},{"damage":17,"enemies":"3 Byrds","floor":20,"turns":8},{"damage":61,"enemies":"Slavers","floor":24,"turns":7},{"damage":16,"enemies":"Centurion and Healer","floor":28,"turns":3},{"damage":10,"enemies":"Gremlin Leader","floor":29,"turns":3},{"damage":7,"enemies":"Slaver and Parasite","floor":30,"turns":4},{"damage":23,"enemies":"Automaton","floor":33,"turns":5},{"damage":13,"enemies":"3 Shapes","floor":35,"turns":1},{"damage":7,"enemies":"Mysterious Sphere","floor":36,"turns":1},{"damage":5,"enemies":"3 Darklings","floor":37,"turns":2},{"damage":87,"enemies":"Maw","floor":39,"turns":9},{"damage":8,"enemies":"2 Orb Walkers","floor":41,"turns":1},{"damage":8,"enemies":"4 Shapes","floor":42,"turns":1},{"damage":19,"enemies":"Giant Head","floor":45,"turns":5},{"damage":52,"enemies":"Nemesis","floor":48,"turns":7},{"damage":22,"enemies":"Time Eater","floor":50,"turns":5}],"event_choices":[{"event_name":"The Woman in Blue","player_choice":"Bought 3 Potions","floor":2,"damage_taken":0},{"event_name":"World of Goop","player_choice":"Gather Gold","floor":4,"damage_taken":0},{"event_name":"Big Fish","player_choice":"Box","floor":5,"damage_taken":0},{"event_name":"Vampires","player_choice":"Ignored","floor":21,"damage_taken":0},{"event_name":"Forgotten Altar","player_choice":"Shed Blood","floor":31,"damage_taken":0},{"event_name":"Mysterious Sphere","player_choice":"Fight","floor":36,"damage_taken":0},{"event_name":"Tomb of Lord Red Mask","player_choice":"Ignored","floor":38,"damage_taken":0}],"boss_relics":[{"not_picked":["Calling Bell","Velvet Choker"],"picked":"Tiny House"},{"not_picked":["White Beast Statue","Question Card"],"picked":"Runic Cube"}],"potions_floor_spawned":[3,6,11,16,28,30,36,41,42],"seed_played":"5659209644900202563","ascension_level":4,"is_trial":false}