{"gold_per_floor":[112,126,126,126,143,143,158,158,158,169,194,214,247,247,247,319,319,335,250,105,105,53,53,68,68,68,68,30,30,55,65,65,65],"floor_reached":33,"playtime":961,"items_purged":[],"score":443,"play_id":"4e10e9ab-ec7e-4550-8a8c-e69cab71af1a","local_time":"20190115221439","is_ascension_mode":true,"campfire_choices":[{"data":"Neutralize","floor":6.0,"key":"SMITH"},{"data":"Dagger Throw","floor":8.0,"key":"SMITH"},{"floor":15.0,"key":"REST"},{"data":"Glass Knife","floor":23.0,"key":"SMITH"},{"data":"Deadly Poison","floor":27.0,"key":"SMITH"},{"floor":32,"key":"REST"}],"neow_cost":"NONE","seed_source_timestamp":565036170803827,"circlet_count":0,"master_deck":["AscendersBane","Survivor+1","Neutralize+1","PiercingWail","Dagger Throw+1","Deadly Poison+1","Cloak And Dagger","Dodge and Roll","Deadly Poison","Glass Knife+1","Dagger Spray","Calculated Gamble","Eviscerate","Tools of the Trade","PiercingWail+1","Dodge and Roll","Poisoned Stab","Night Terror","Concentrate","Quick Slash","Dash","Infinite Blades","Backflip+1"],"special_seed":0,"relics":["Ring of the Snake","Art of War","Ninja Scroll","Letter Opener","Du-Vu Doll","Mercury Hourglass","Pandora\u0027s Box","Peace Pipe","Happy Flower","Toxic Egg 2","War Paint"],"potions_floor_usage":[33],"damage_taken":[{"damage":0.0,"enemies":"Small Slimes","floor":1.0,"turns":4.0},{"damage":4.0,"enemies":"Cultist","floor":2.0,"turns":5.0},{"damage":2.0,"enemies":"Jaw Worm","floor":5.0,"turns":7.0},{"damage":3.0,"enemies":"3 Louse","floor":7.0,"turns":7.0},{"damage":0.0,"enemies":"Looter","floor":10.0,"turns":3.0},{"damage":7.0,"enemies":"Lagavulin","floor":11.0,"turns":8.0},{"damage":0.0,"enemies":"Large Slime","floor":12.0,"turns":4.0},{"damage":32.0,"enemies":"Gremlin Nob","floor":13.0,"turns":5.0},{"damage":29.0,"enemies":"Slime Boss","floor":16.0,"turns":10.0},{"damage":0.0,"enemies":"3 Byrds","floor":18.0,"turns":3.0},{"damage":4.0,"enemies":"Spheric Guardian","floor":24.0,"turns":3.0},{"damage":17,"enemies":"Snake Plant","floor":31,"turns":4},{"damage":62,"enemies":"Automaton","floor":33,"turns":6}],"seed_played":"-5640586622433935254","potions_obtained":[{"floor":0.0,"key":"Regen Potion"},{"floor":0.0,"key":"Ancient Potion"},{"floor":1.0,"key":"Block Potion"},{"floor":5.0,"key":"Block Potion"},{"floor":7.0,"key":"Fruit Juice"},{"floor":13.0,"key":"Dexterity Potion"},{"floor":24.0,"key":"FearPotion"}],"is_trial":false,"path_per_floor":["M","M","?","?","M","R","M","R","T","M","E","M","E","T","R","B",null,"M","?","$","?","$","R","M","?","T","R","$","?","T","M","R","B"],"character_chosen":"THE_SILENT","items_purchased":["Happy Flower","Fire Potion","Infinite Blades"],"campfire_rested":2,"item_purchase_floors":[20,22,28],"current_hp_per_floor":[59,55,55,55,53,53,50,50,50,50,43,43,16,16,37,8,55,55,55,55,55,55,55,51,51,51,51,51,51,51,34,55,0],"gold":65,"neow_bonus":"THREE_SMALL_POTIONS","is_prod":false,"is_daily":false,"chose_seed":false,"campfire_upgraded":4,"win_rate":0,"timestamp":1547608479,"path_taken":["M","M","?","?","M","R","M","R","T","M","E","?","E","?","R","BOSS","M","?","$","?","$","R","M","?","T","R","$","?","?","M","R","BOSS"],"build_version":"2019-01-14v2","purchased_purges":0,"victory":false,"max_hp_per_floor":[66,66,66,66,66,66,66,66,66,66,66,66,71,71,71,71,71,71,71,71,71,71,71,71,71,71,71,71,71,71,71,71,71],"card_choices":[{"not_picked":["Concentrate","Underhanded Strike"],"picked":"PiercingWail","floor":1.0},{"not_picked":["Dodge and Roll","Outmaneuver","Storm of Steel"],"picked":"SKIP","floor":2.0},{"not_picked":["Outmaneuver","Acrobatics","Bane"],"picked":"SKIP","floor":5.0},{"not_picked":["Dodge and Roll","Bullet Time"],"picked":"Dagger Throw","floor":7.0},{"not_picked":["Slice","Expertise"],"picked":"Deadly Poison","floor":10.0},{"not_picked":["Sucker Punch","Flying Knee"],"picked":"Cloak And Dagger","floor":11.0},{"not_picked":["Bane","Masterful Stab"],"picked":"Dodge and Roll","floor":12.0},{"not_picked":["Deflect","Slice"],"picked":"Deadly Poison","floor":13.0},{"not_picked":["Night Terror","Storm of Steel"],"picked":"Glass Knife","floor":16.0},{"not_picked":["Tactician","Outmaneuver","Flechettes"],"picked":"SKIP","floor":18.0},{"not_picked":["Dagger Spray","Outmaneuver"],"picked":"Dash","floor":24.0},{"not_picked":["Expertise+1","PiercingWail+1"],"picked":"Backflip+1","floor":31}],"player_experience":1841231,"relics_obtained":[{"floor":9.0,"key":"Ninja Scroll"},{"floor":11.0,"key":"Letter Opener"},{"floor":13.0,"key":"Du-Vu Doll"},{"floor":14.0,"key":"Mercury Hourglass"},{"floor":26.0,"key":"Toxic Egg 2"},{"floor":30,"key":"War Paint"}],"event_choices":[{"damage_healed":0.0,"max_hp_gain":0.0,"max_hp_loss":0.0,"gold_gain":0.0,"event_name":"Liars Game","player_choice":"Ignored","floor":3.0,"gold_loss":0.0,"damage_taken":0.0},{"damage_healed":0.0,"max_hp_gain":0.0,"max_hp_loss":0.0,"gold_gain":0.0,"event_name":"WeMeetAgain","player_choice":"Gave Potion","floor":4.0,"gold_loss":0.0,"damage_taken":0.0,"relics_obtained":["Art of War"]},{"damage_healed":0.0,"max_hp_gain":0.0,"max_hp_loss":0.0,"gold_gain":0.0,"event_name":"Addict","player_choice":"Obtained Relic","floor":19.0,"gold_loss":85.0,"damage_taken":0.0,"relics_obtained":["Peace Pipe"]},{"damage_healed":0.0,"max_hp_gain":0.0,"max_hp_loss":0.0,"gold_gain":0.0,"event_name":"Forgotten Altar","player_choice":"Smashed Altar","floor":21.0,"gold_loss":0.0,"damage_taken":0.0,"cards_obtained":["Decay"]},{"damage_healed":0.0,"max_hp_gain":0.0,"max_hp_loss":0.0,"gold_gain":0.0,"event_name":"Vampires","player_choice":"Ignored","floor":25.0,"gold_loss":0.0,"damage_taken":0.0},{"cards_removed":["Decay"],"damage_healed":0,"gold_gain":0,"player_choice":"Elegance","damage_taken":0,"max_hp_gain":0,"max_hp_loss":0,"event_name":"Back to Basics","floor":29,"gold_loss":0}],"is_beta":true,"boss_relics":[{"not_picked":["Fusion Hammer","Lizard Tail"],"picked":"Pandora\u0027s Box"}],"items_purged_floors":[],"is_endless":false,"potions_floor_spawned":[1,5,7,13,24,31],"killed_by":"Automaton","ascension_level":15}