{"path_per_floor":["M","?","?","M","M","R","E","R","T","R","M","?","?","M","R","B",null,"M","$","?","M","?","R","?","R","T","T","M","?","E","M","R","B",null,"M","M","?","?","$","?","E","?","T","M","R","M","$","?","R","B"],"character_chosen":"IRONCLAD","items_purchased":["Juzu Bracelet","Bottled Lightning","Block Potion","Exhume","Pear"],"gold_per_floor":[118,293,293,303,321,321,347,347,347,347,364,364,364,377,377,500,500,513,106,6,24,24,24,24,24,100,123,146,146,185,203,203,331,331,351,366,366,366,268,268,303,364,391,412,412,435,34,34,34,34],"floor_reached":51,"campfire_rested":5,"playtime":2781,"current_hp_per_floor":[80,80,64,68,71,71,49,49,49,73,53,53,33,39,39,18,65,48,48,48,36,36,60,60,60,60,60,30,14,16,8,32,21,65,58,75,75,75,75,65,65,42,42,43,67,56,66,66,94,67],"items_purged":["Doubt"],"gold":34,"score":639,"play_id":"7cfa01c5-7e3f-43be-8688-2d457c7efaae","is_prod":false,"is_daily":false,"is_ascension_mode":true,"campfire_upgraded":4,"path_taken":["M","?","?","M","M","R","E","R","T","R","M","?","?","M","R","BOSS","M","$","?","M","?","R","?","R","T","?","M","?","E","M","R","BOSS","M","M","?","?","$","?","E","?","T","M","R","M","$","?","R","BOSS"],"build_version":"2018-02-08-PROD1","purchased_purges":1,"victory":true,"master_deck":["Strike_R","Strike_R","Strike_R","Strike_R","Defend_R","Defend_R+1","Defend_R","Defend_R","Bash+1","Flame Barrier+1","Flex+1","Warcry+1","Offering+1","Shrug It Off","J.A.X.","Heavy Blade","Necronomicurse","Shrug It Off+1","Iron Wave","Reaper","Armaments","Thunderclap","Madness","Madness","Exhume"],"max_hp_per_floor":[80,80,80,80,80,80,80,80,80,80,80,80,80,80,80,80,80,80,80,80,80,80,80,80,80,80,80,80,80,80,80,80,80,80,80,80,80,80,80,80,80,80,80,82,82,84,94,94,94,94],"relics":["Burning Blood","Happy Flower","Red Skull","Golden Idol","Philosopher\u0027s Stone","Juzu Bracelet","Bottled Lightning","Smiling Mask","Vajra","Necronomicon","Pen Nib","Lizard Tail","Orichalcum","Dead Branch","Singing Bowl","Pear"],"card_choices":[{"not_picked":["Impervious","Clash"],"picked":"Flame Barrier"},{"not_picked":["Twin Strike","Searing Blow"],"picked":"Flex"},{"not_picked":["Twin Strike","Wild Strike"],"picked":"Warcry"},{"not_picked":["Exhume","Berserk"],"picked":"Offering"},{"not_picked":["Warcry","Clothesline"],"picked":"Shrug It Off"},{"not_picked":["Infernal Blade","Wild Strike"],"picked":"Iron Wave"},{"not_picked":["Headbutt","Flex"],"picked":"Heavy Blade"},{"not_picked":["Spot Weakness","Double Tap"],"picked":"Shrug It Off"},{"not_picked":["Cleave","Combust"],"picked":"Iron Wave"},{"not_picked":["Fiend Fire","Berserk"],"picked":"Reaper"},{"not_picked":["Dual Wield","Sever Soul"],"picked":"Armaments"},{"not_picked":["Sword Boomerang","Havoc"],"picked":"Thunderclap"}],"player_experience":123549,"potions_floor_usage":[7,16,16,28,33,33,33,41,41,41,50,50],"damage_taken":[{"damage":3,"enemies":"Jaw Worm","floor":1,"turns":4},{"damage":2,"enemies":"Small Slimes","floor":4,"turns":4},{"damage":3,"enemies":"Cultist","floor":5,"turns":5},{"damage":28,"enemies":"Gremlin Nob","floor":7,"turns":4},{"damage":26,"enemies":"Lots of Slimes","floor":11,"turns":5},{"damage":0,"enemies":"3 Louse","floor":14,"turns":2},{"damage":42,"enemies":"Slime Boss","floor":16,"turns":10},{"damage":23,"enemies":"Shell Parasite","floor":18,"turns":5},{"damage":18,"enemies":"3 Byrds","floor":21,"turns":1},{"damage":36,"enemies":"Cultist and Chosen","floor":28,"turns":6},{"damage":4,"enemies":"Book of Stabbing","floor":30,"turns":1},{"damage":14,"enemies":"Chosen and Byrds","floor":31,"turns":4},{"damage":17,"enemies":"Automaton","floor":33,"turns":5},{"damage":35,"enemies":"3 Shapes","floor":35,"turns":4},{"damage":15,"enemies":"3 Darklings","floor":36,"turns":5},{"damage":26,"enemies":"Giant Head","floor":41,"turns":7},{"damage":36,"enemies":"Mysterious Sphere","floor":42,"turns":7},{"damage":7,"enemies":"Sphere and 2 Shapes","floor":44,"turns":3},{"damage":19,"enemies":"4 Shapes","floor":46,"turns":1},{"damage":33,"enemies":"Donu and Deca","floor":50,"turns":5}],"event_choices":[{"event_name":"Liars Game","player_choice":"agreed","floor":2,"damage_taken":0},{"event_name":"Shining Light","player_choice":"Entered Light","floor":3,"damage_taken":0},{"event_name":"Living Wall","player_choice":"Forget","floor":12,"damage_taken":0},{"event_name":"Golden Idol","player_choice":"Take Damage","floor":13,"damage_taken":0},{"event_name":"Drug Dealer","player_choice":"Got JAXXED","floor":20,"damage_taken":0},{"event_name":"Vampires","player_choice":"Ignored","floor":22,"damage_taken":0},{"event_name":"Beggar","player_choice":"Ignored","floor":24,"damage_taken":0},{"event_name":"Cursed Tome","player_choice":"Obtained Book","floor":29,"damage_taken":0},{"event_name":"Tomb of Lord Red Mask","player_choice":"Ignored","floor":38,"damage_taken":0},{"event_name":"Winding Halls","player_choice":"Embrace Madness","floor":40,"damage_taken":0},{"event_name":"Mysterious Sphere","player_choice":"Fight","floor":42,"damage_taken":0},{"event_name":"The Moai Head","player_choice":"Ignored","floor":48,"damage_taken":0}],"boss_relics":[{"not_picked":["Ectoplasm","Snecko Eye"],"picked":"Philosopher\u0027s Stone"},{"not_picked":["Cursed Key","Tiny House"],"picked":"Lizard Tail"}],"potions_floor_spawned":[7,11,14,16,18,30,31,33,35,41,44],"seed_played":"4204075809968924772","ascension_level":5,"is_trial":false}