{"gold_per_floor":[119,129,129,146,33,65,65,95,177,188,263,281,281,308,308,381,381,400,98,198,198,209,209,237,237,237,237,254,281,4,24,24,101,101,121,137,137,152,165,165,197,197,220,220,235,235,254,281,281,281,281,281,21,53,53],"floor_reached":56,"playtime":2654,"items_purged":["Pain","Strike_G","Strike_G","Strike_G"],"score":2301,"play_id":"59fe536d-c2c8-4f48-ad8f-ed2696363346","local_time":"20190311190957","is_ascension_mode":true,"campfire_choices":[{"data":"Noxious Fumes","floor":7,"key":"SMITH"},{"data":"Footwork","floor":13,"key":"SMITH"},{"data":"Footwork","floor":15,"key":"SMITH"},{"data":"Adrenaline","floor":23,"key":"SMITH"},{"floor":25,"key":"RECALL"},{"data":"Dodge and Roll","floor":27,"key":"SMITH"},{"data":"A Thousand Cuts","floor":32,"key":"SMITH"},{"data":"Tools of the Trade","floor":40,"key":"SMITH"},{"data":"Deadly Poison","floor":42,"key":"SMITH"},{"data":"Catalyst","floor":44,"key":"SMITH"},{"data":"Sucker Punch","floor":49,"key":"SMITH"},{"data":"PiercingWail","floor":52,"key":"SMITH"}],"neow_cost":"NONE","seed_source_timestamp":1917399458962353,"circlet_count":0,"master_deck":["AscendersBane","Defend_G","Defend_G","Defend_G","Strike_G+1","Survivor","Neutralize+1","Noxious Fumes+1","Sucker Punch+1","Dagger Throw","Footwork+1","Dash","Footwork+1","Backflip","Well Laid Plans","Adrenaline+1","Corpse Explosion+1","Dodge and Roll+1","Deadly Poison+1","A Thousand Cuts+1","Catalyst+1","Tools of the Trade+1","Cloak And Dagger+1","Infinite Blades+1","PiercingWail+1","Catalyst","PiercingWail"],"relics":["Empty Cage","WarpedTongs","Calipers","Pen Nib","Mummified Hand","Incense Burner","Runic Pyramid","Bag of Preparation","Tingsha","Singing Bowl","Mango","Omamori","Kunai","Eternal Feather","Whetstone","Meat on the Bone","Ornamental Fan"],"potions_floor_usage":[6,12,20,20,55,55],"damage_taken":[{"damage":0,"enemies":"2 Louse","floor":1,"turns":3},{"damage":0,"enemies":"Cultist","floor":2,"turns":5},{"damage":0,"enemies":"Small Slimes","floor":4,"turns":5},{"damage":18,"enemies":"3 Sentries","floor":6,"turns":8},{"damage":0,"enemies":"Lagavulin","floor":8,"turns":8},{"damage":0,"enemies":"Red Slaver","floor":10,"turns":4},{"damage":0,"enemies":"Large Slime","floor":12,"turns":4},{"damage":3,"enemies":"Gremlin Nob","floor":14,"turns":5},{"damage":0,"enemies":"Hexaghost","floor":16,"turns":11},{"damage":0,"enemies":"Spheric Guardian","floor":18,"turns":5},{"damage":8,"enemies":"Colosseum Slavers","floor":20,"turns":3},{"damage":12,"enemies":"Colosseum Nobs","floor":20,"turns":4},{"damage":0,"enemies":"Shell Parasite","floor":22,"turns":6},{"damage":5,"enemies":"Slavers","floor":24,"turns":3},{"damage":0,"enemies":"3 Cultists","floor":28,"turns":3},{"damage":0,"enemies":"Gremlin Leader","floor":29,"turns":8},{"damage":0,"enemies":"Centurion and Healer","floor":31,"turns":4},{"damage":0,"enemies":"Champ","floor":33,"turns":13},{"damage":5,"enemies":"3 Shapes","floor":35,"turns":3},{"damage":1,"enemies":"Orb Walker","floor":36,"turns":4},{"damage":4,"enemies":"Spire Growth","floor":38,"turns":6},{"damage":22,"enemies":"4 Shapes","floor":39,"turns":5},{"damage":13,"enemies":"Nemesis","floor":41,"turns":7},{"damage":2,"enemies":"Writhing Mass","floor":45,"turns":5},{"damage":0,"enemies":"Sphere and 2 Shapes","floor":47,"turns":5},{"damage":2,"enemies":"Reptomancer","floor":48,"turns":5},{"damage":30,"enemies":"Time Eater","floor":50,"turns":16},{"damage":2,"enemies":"Shield and Spear","floor":54,"turns":5},{"damage":30,"enemies":"The Heart","floor":55,"turns":8}],"seed_played":"559380082594329748","potions_obtained":[{"floor":2,"key":"Dexterity Potion"},{"floor":6,"key":"SkillPotion"},{"floor":14,"key":"EssenceOfSteel"},{"floor":18,"key":"Explosive Potion"},{"floor":22,"key":"Ancient Potion"},{"floor":31,"key":"Ancient Potion"},{"floor":33,"key":"LiquidBronze"},{"floor":45,"key":"PowerPotion"}],"is_trial":false,"path_per_floor":["M","M","?","M","$","E","R","E","T","M","?","M","R","E","R","B",null,"M","$","?","?","M","R","E","R","T","R","M","E","$","M","R","B",null,"M","M","?","M","M","R","E","R","T","R","M","$","M","E","R","B",null,"R","$","E","B",null],"character_chosen":"THE_SILENT","items_purchased":["Footwork","Dodge and Roll","Bag of Preparation","Catalyst","Tools of the Trade","Catalyst","GhostInAJar"],"campfire_rested":0,"item_purchase_floors":[5,19,19,30,30,53,53],"current_hp_per_floor":[59,59,59,59,59,41,41,41,41,41,30,30,30,27,27,27,56,56,56,38,38,40,40,51,51,51,51,51,51,51,51,51,53,79,74,75,75,73,51,66,55,70,70,85,85,85,87,87,100,70,93,100,100,98,68],"gold":53,"neow_bonus":"BOSS_RELIC","is_prod":false,"is_daily":false,"chose_seed":false,"campfire_upgraded":11,"win_rate":0,"timestamp":1552345797,"path_taken":["M","M","?","?","$","E","R","E","T","M","?","M","R","E","R","BOSS","M","$","?","?","?","R","E","R","T","R","M","E","$","M","R","BOSS","M","M","?","M","M","R","E","R","T","R","M","$","M","E","R","BOSS","R","$","E","BOSS"],"build_version":"2019-02-06","purchased_purges":4,"victory":true,"max_hp_per_floor":[66,66,66,66,66,66,66,66,66,66,66,66,66,66,66,66,66,66,66,68,68,70,70,86,86,86,86,86,86,86,86,86,88,88,88,90,90,92,92,92,94,94,94,94,96,96,98,100,100,100,100,100,100,100,100],"card_choices":[{"not_picked":["Sucker Punch","Dagger Throw"],"picked":"Noxious Fumes","floor":1},{"not_picked":["Prepared","Escape Plan"],"picked":"Sucker Punch","floor":2},{"not_picked":["Slice","Terror"],"picked":"Dagger Throw","floor":4},{"not_picked":["Bane","Acrobatics"],"picked":"Dash","floor":6},{"not_picked":["Dagger Spray","Quick Slash"],"picked":"Footwork","floor":8},{"not_picked":["Slice","Crippling Poison"],"picked":"Backflip","floor":10},{"not_picked":["Deadly Poison","Doppelganger"],"picked":"Well Laid Plans","floor":12},{"not_picked":["Outmaneuver","Tools of the Trade"],"picked":"Adrenaline","floor":14},{"not_picked":["Venomology","Phantasmal Killer"],"picked":"Corpse Explosion","floor":16},{"not_picked":["Acrobatics","Bane","Masterful Stab+1"],"picked":"SKIP","floor":18},{"not_picked":["Predator","Well Laid Plans","Underhanded Strike"],"picked":"Singing Bowl","floor":20},{"not_picked":["Terror","Endless Agony","Setup"],"picked":"Singing Bowl","floor":22},{"not_picked":["Flechettes","Eviscerate","Outmaneuver"],"picked":"Singing Bowl","floor":24},{"not_picked":["Masterful Stab","Sucker Punch"],"picked":"Deadly Poison","floor":28},{"not_picked":["Distraction","Well Laid Plans"],"picked":"A Thousand Cuts","floor":29},{"not_picked":["Leg Sweep","Finisher"],"picked":"Cloak And Dagger+1","floor":31},{"not_picked":["Die Die Die","Doppelganger","Storm of Steel"],"picked":"Singing Bowl","floor":33},{"not_picked":["PiercingWail","Caltrops"],"picked":"Infinite Blades+1","floor":35},{"not_picked":["Bane","Crippling Poison","Skewer"],"picked":"Singing Bowl","floor":36},{"not_picked":["Poisoned Stab","Dagger Spray+1","Skewer"],"picked":"Singing Bowl","floor":38},{"not_picked":["Footwork","Predator"],"picked":"PiercingWail","floor":39},{"not_picked":["Quick Slash","Acrobatics+1","Accuracy"],"picked":"Singing Bowl","floor":41},{"not_picked":["Deadly Poison","Terror","Flying Knee"],"picked":"Singing Bowl","floor":45},{"not_picked":["Cloak And Dagger+1","PiercingWail","Outmaneuver"],"picked":"Singing Bowl","floor":47},{"not_picked":["Noxious Fumes","Crippling Poison","Heel Hook"],"picked":"Singing Bowl","floor":48},{"not_picked":["Riddle With Holes+1","Poisoned Stab"],"picked":"PiercingWail","floor":54}],"player_experience":2151684,"relics_obtained":[{"floor":6,"key":"Calipers"},{"floor":8,"key":"Pen Nib"},{"floor":9,"key":"Mummified Hand"},{"floor":14,"key":"Incense Burner"},{"floor":20,"key":"Tingsha"},{"floor":20,"key":"Singing Bowl"},{"floor":24,"key":"Mango"},{"floor":26,"key":"Omamori"},{"floor":29,"key":"Kunai"},{"floor":41,"key":"Whetstone"},{"floor":48,"key":"Meat on the Bone"},{"floor":54,"key":"Ornamental Fan"}],"event_choices":[{"damage_healed":0,"gold_gain":0,"player_choice":"Rummage","damage_taken":0,"relics_obtained":["WarpedTongs"],"max_hp_gain":0,"max_hp_loss":0,"event_name":"Accursed Blacksmith","floor":3,"gold_loss":0,"cards_obtained":["Pain"]},{"damage_healed":0,"gold_gain":75,"player_choice":"Gather Gold","damage_taken":11,"max_hp_gain":0,"max_hp_loss":0,"event_name":"World of Goop","floor":11,"gold_loss":0},{"damage_healed":0,"gold_gain":0,"player_choice":"Fight","damage_taken":0,"max_hp_gain":0,"max_hp_loss":0,"event_name":"Colosseum","floor":20,"gold_loss":0},{"damage_healed":0,"gold_gain":0,"player_choice":"Fought Nobs","damage_taken":0,"max_hp_gain":0,"max_hp_loss":0,"event_name":"Colosseum","floor":20,"gold_loss":0},{"damage_healed":0,"gold_gain":0,"player_choice":"Upgraded","damage_taken":0,"max_hp_gain":0,"max_hp_loss":0,"event_name":"Upgrade Shrine","floor":21,"gold_loss":0,"cards_upgraded":["Corpse Explosion"]},{"cards_removed":["Defend_G"],"damage_healed":0,"gold_gain":0,"player_choice":"Removed Skill","damage_taken":0,"max_hp_gain":0,"max_hp_loss":0,"event_name":"Falling","floor":37,"gold_loss":0}],"is_beta":true,"boss_relics":[{"not_picked":["Philosopher\u0027s Stone","Calling Bell"],"picked":"Runic Pyramid"},{"not_picked":["Busted Crown","Pandora\u0027s Box"],"picked":"Eternal Feather"}],"items_purged_floors":[5,19,30,53],"is_endless":false,"potions_floor_spawned":[2,6,14,18,20,22,31,33,35,45,47,48],"ascension_level":15}