{"gold_per_floor":[111,111,42,65,76,76,411,426,426,460,460,491,506,535,535,612,612,624,640,655,382,394,394,426,426,426,456,475,142,169,181,181,259,259,273,288,299,299,299,299,325,335,388,405,203,237,253,52,52,52,52,52,52,77,77],"floor_reached":55,"playtime":2173,"items_purged":["Strike_R","Decay"],"score":1661,"play_id":"13970add-bdfb-4f2f-a31b-1391e3fe1169","local_time":"20190221193955","is_ascension_mode":true,"campfire_choices":[{"data":"Bash","floor":6,"key":"SMITH"},{"data":"True Grit","floor":11,"key":"SMITH"},{"data":"Immolate","floor":15,"key":"SMITH"},{"data":"Whirlwind","floor":23,"key":"SMITH"},{"data":"Corruption","floor":25,"key":"SMITH"},{"data":"Spot Weakness","floor":32,"key":"SMITH"},{"data":"Flame Barrier","floor":40,"key":"SMITH"},{"floor":49,"key":"RECALL"},{"floor":52,"key":"REST"}],"neow_cost":"NONE","seed_source_timestamp":367986819986737,"circlet_count":0,"master_deck":["AscendersBane","Defend_R","Defend_R","Defend_R","Defend_R","Bash+1","Battle Trance","Shrug It Off","Immolate+1","Anger+1","True Grit+1","Flame Barrier+1","Shrug It Off","Impervious","Whirlwind+1","Shockwave","Corruption+1","Feed+1","True Grit+1","Spot Weakness+1","Armaments+1","Disarm","Disarm","Shockwave+1","Impervious","Carnage+1","Whirlwind+1","Evolve+1","Battle Trance","Body Slam+1","Finesse","Dark Shackles","Sword Boomerang+1","Shrug It Off","Offering","Rupture","Metallicize+1"],"relics":["Burning Blood","NeowsBlessing","Pear","Old Coin","Thread and Needle","Blue Candle","Prayer Wheel","Strawberry","Cursed Key","Chemical X","Mummified Hand","PreservedInsect","Turnip","Omamori","Anchor","Astrolabe","Lantern","Whetstone","Dream Catcher","Bag of Preparation","Pantograph"],"potions_floor_usage":[12,16,30,35,46,55,55],"damage_taken":[{"damage":0,"enemies":"Jaw Worm","floor":1,"turns":1},{"damage":0,"enemies":"Cultist","floor":5,"turns":1},{"damage":0,"enemies":"Gremlin Nob","floor":7,"turns":1},{"damage":0,"enemies":"2 Louse","floor":8,"turns":1},{"damage":1,"enemies":"3 Sentries","floor":10,"turns":4},{"damage":28,"enemies":"Lagavulin","floor":12,"turns":8},{"damage":0,"enemies":"Lots of Slimes","floor":13,"turns":1},{"damage":11,"enemies":"3 Sentries","floor":14,"turns":8},{"damage":48,"enemies":"The Guardian","floor":16,"turns":15},{"damage":0,"enemies":"Chosen","floor":18,"turns":4},{"damage":0,"enemies":"2 Thieves","floor":19,"turns":4},{"damage":16,"enemies":"Shelled Parasite and Fungi","floor":20,"turns":8},{"damage":0,"enemies":"Cultist and Chosen","floor":22,"turns":5},{"damage":16,"enemies":"Gremlin Leader","floor":24,"turns":5},{"damage":0,"enemies":"Slavers","floor":27,"turns":1},{"damage":0,"enemies":"Chosen and Byrds","floor":28,"turns":5},{"damage":22,"enemies":"Gremlin Leader","floor":30,"turns":5},{"damage":0,"enemies":"Centurion and Healer","floor":31,"turns":5},{"damage":31,"enemies":"Champ","floor":33,"turns":14},{"damage":0,"enemies":"3 Darklings","floor":35,"turns":5},{"damage":0,"enemies":"Orb Walker","floor":36,"turns":4},{"damage":0,"enemies":"Sphere and 2 Shapes","floor":37,"turns":5},{"damage":23,"enemies":"Giant Head","floor":41,"turns":6},{"damage":5,"enemies":"Transient","floor":42,"turns":5},{"damage":5,"enemies":"3 Darklings","floor":44,"turns":3},{"damage":25,"enemies":"Nemesis","floor":46,"turns":7},{"damage":7,"enemies":"4 Shapes","floor":47,"turns":5},{"damage":6,"enemies":"Time Eater","floor":50,"turns":10},{"damage":0,"enemies":"Shield and Spear","floor":54,"turns":4},{"damage":115,"enemies":"The Heart","floor":55,"turns":8}],"seed_played":"-4063227791813612189","potions_obtained":[{"floor":8,"key":"Weak Potion"},{"floor":10,"key":"Fire Potion"},{"floor":13,"key":"Poison Potion"},{"floor":24,"key":"SkillPotion"},{"floor":30,"key":"FearPotion"},{"floor":35,"key":"LiquidBronze"}],"is_trial":false,"path_per_floor":["M","?","$","T","M","R","E","M","T","E","R","E","M","E","R","B",null,"M","M","M","$","M","R","E","R","T","E","M","$","E","M","R","B",null,"M","M","M","?","?","R","E","M","T","M","$","E","M","$","R","B",null,"R","$","E","B"],"character_chosen":"IRONCLAD","items_purchased":["Battle Trance","Chemical X","Disarm","Omamori","Offering","Rupture","Bag of Preparation","Dexterity Potion"],"campfire_rested":1,"item_purchase_floors":[3,21,29,29,45,45,48,48],"current_hp_per_floor":[74,84,84,84,85,85,85,85,85,85,85,63,69,71,71,29,76,82,88,78,78,84,84,77,77,77,83,92,92,79,88,88,63,94,103,107,107,97,97,97,83,84,84,85,85,66,69,69,69,69,103,114,114,114,0],"gold":77,"neow_bonus":"THREE_ENEMY_KILL","is_prod":false,"is_daily":false,"chose_seed":false,"campfire_upgraded":7,"win_rate":0,"timestamp":1550795995,"path_taken":["M","?","$","?","?","R","E","M","T","E","R","E","M","E","R","BOSS","M","M","M","$","?","R","E","R","T","E","M","$","E","M","R","BOSS","M","M","M","?","?","R","E","M","T","?","$","E","M","?","R","BOSS","R","$","E","BOSS"],"build_version":"2019-02-06","purchased_purges":2,"victory":false,"max_hp_per_floor":[75,85,85,85,85,85,85,85,85,85,85,85,85,92,92,92,92,92,92,92,92,92,92,95,95,95,95,98,98,101,104,104,104,104,107,107,107,107,107,107,110,110,110,110,110,110,114,114,114,114,114,114,114,114,114],"card_choices":[{"not_picked":["Seeing Red","Thunderclap"],"picked":"Anger","floor":1},{"not_picked":["Perfected Strike","Clash"],"picked":"Shrug It Off","floor":5},{"not_picked":["Evolve","Flame Barrier"],"picked":"Immolate","floor":7},{"not_picked":["Shrug It Off","Sever Soul"],"picked":"Anger","floor":8},{"not_picked":["Clash","Second Wind"],"picked":"True Grit","floor":10},{"not_picked":["Heavy Blade","Havoc"],"picked":"Flame Barrier","floor":12},{"not_picked":["Pommel Strike","Intimidate","Twin Strike"],"picked":"SKIP","floor":13},{"not_picked":["Perfected Strike","Burning Pact","Heavy Blade"],"picked":"SKIP","floor":13},{"not_picked":["Armaments","Sword Boomerang"],"picked":"Shrug It Off","floor":14},{"not_picked":["Bludgeon","Berserk"],"picked":"Impervious","floor":16},{"not_picked":["Armaments","Clothesline"],"picked":"Whirlwind","floor":18},{"not_picked":["Hemokinesis","Whirlwind","Shrug It Off"],"picked":"SKIP","floor":18},{"not_picked":["Dual Wield","Flex"],"picked":"Shockwave","floor":19},{"not_picked":["Clothesline","Havoc+1"],"picked":"Corruption","floor":19},{"not_picked":["Power Through","Anger","Armaments"],"picked":"SKIP","floor":20},{"not_picked":["Havoc","Intimidate","Clash"],"picked":"SKIP","floor":20},{"not_picked":["Bloodletting","Combust"],"picked":"Feed","floor":22},{"not_picked":["Armaments","Iron Wave"],"picked":"True Grit+1","floor":22},{"not_picked":["Twin Strike","Bludgeon"],"picked":"Spot Weakness","floor":24},{"not_picked":["Cleave","Sentinel"],"picked":"Armaments+1","floor":27},{"not_picked":["Body Slam","Entrench","Havoc"],"picked":"SKIP","floor":28},{"not_picked":["Twin Strike","Armaments","Heavy Blade"],"picked":"SKIP","floor":28},{"not_picked":["True Grit","Infernal Blade","Heavy Blade"],"picked":"SKIP","floor":30},{"not_picked":["Feed","Shrug It Off"],"picked":"Disarm","floor":31},{"not_picked":["Corruption","Disarm"],"picked":"Shockwave+1","floor":31},{"not_picked":["Berserk","Fiend Fire"],"picked":"Impervious","floor":33},{"not_picked":["Disarm","Corruption","Fire Breathing"],"picked":"SKIP","floor":35},{"not_picked":["Body Slam","Seeing Red","True Grit"],"picked":"SKIP","floor":35},{"not_picked":["Sword Boomerang+1","True Grit+1"],"picked":"Battle Trance","floor":36},{"not_picked":["Pommel Strike","Metallicize+1","Double Tap"],"picked":"SKIP","floor":36},{"not_picked":["Cleave","Bloodletting"],"picked":"Body Slam+1","floor":37},{"not_picked":["Iron Wave+1","Perfected Strike","Clash"],"picked":"SKIP","floor":37},{"not_picked":["Purity","Good Instincts"],"picked":"Finesse","floor":38},{"not_picked":["Jack Of All Trades","PanicButton"],"picked":"Dark Shackles","floor":38},{"not_picked":["Headbutt","Combust","Flex"],"picked":"SKIP","floor":41},{"not_picked":["Dropkick+1","Anger+1","Sword Boomerang+1"],"picked":"SKIP","floor":42},{"not_picked":["Clothesline","Warcry+1","Reckless Charge"],"picked":"SKIP","floor":42},{"not_picked":["Dropkick+1","Anger+1"],"picked":"Sword Boomerang+1","floor":42},{"not_picked":["Clothesline","Warcry+1","Reckless Charge"],"picked":"SKIP","floor":42},{"not_picked":["Twin Strike","Warcry+1"],"picked":"Shrug It Off","floor":44},{"not_picked":["Headbutt","Body Slam","Cleave"],"picked":"SKIP","floor":44},{"not_picked":["Feed","Headbutt","Evolve"],"picked":"SKIP","floor":46},{"not_picked":["Heavy Blade","Pommel Strike","Iron Wave+1"],"picked":"SKIP","floor":47},{"not_picked":["Armaments","Second Wind","Rupture"],"picked":"SKIP","floor":47},{"not_picked":["Whirlwind","Shockwave"],"picked":"Metallicize+1","floor":54}],"player_experience":2006533,"relics_obtained":[{"floor":7,"key":"Old Coin"},{"floor":9,"key":"Thread and Needle"},{"floor":10,"key":"Blue Candle"},{"floor":12,"key":"Prayer Wheel"},{"floor":14,"key":"Strawberry"},{"floor":24,"key":"Mummified Hand"},{"floor":26,"key":"PreservedInsect"},{"floor":27,"key":"Turnip"},{"floor":30,"key":"Anchor"},{"floor":41,"key":"Lantern"},{"floor":43,"key":"Whetstone"},{"floor":46,"key":"Dream Catcher"},{"floor":54,"key":"Pantograph"}],"event_choices":[{"cards_removed":["Anger"],"damage_healed":0,"gold_gain":0,"player_choice":"Gave Card","damage_taken":0,"relics_obtained":["Pear"],"max_hp_gain":0,"max_hp_loss":0,"event_name":"WeMeetAgain","floor":2,"gold_loss":0},{"damage_healed":0,"gold_gain":0,"player_choice":"Memory 3","damage_taken":10,"max_hp_gain":0,"max_hp_loss":0,"event_name":"SensoryStone","floor":38,"gold_loss":0},{"cards_removed":["Strike_R"],"damage_healed":0,"gold_gain":0,"player_choice":"Card Removal","damage_taken":0,"max_hp_gain":0,"max_hp_loss":0,"event_name":"Wheel of Change","floor":39,"gold_loss":0}],"is_beta":true,"boss_relics":[{"not_picked":["Busted Crown","Black Star"],"picked":"Cursed Key"},{"not_picked":["Mark of Pain","Empty Cage"],"picked":"Astrolabe"}],"items_purged_floors":[21,29],"is_endless":false,"potions_floor_spawned":[8,10,13,24,27,28,30,35,41,44,54],"killed_by":"The Heart","ascension_level":15}