{"gold_per_floor":[113,123,140,154,174,174,190,206,274,274,274,274,288,288,288,288],"floor_reached":16,"playtime":790,"items_purged":[],"score":96,"play_id":"a1971315-cc68-4e54-bdb8-03b75e9ae498","local_time":"20190310231946","is_ascension_mode":false,"campfire_choices":[{"data":"Infernal Blade","floor":6,"key":"SMITH"},{"data":"Flex","floor":15,"key":"SMITH"}],"neow_cost":"NONE","seed_source_timestamp":32664159516000,"circlet_count":0,"master_deck":["Strike_R","Strike_R","Strike_R","Strike_R","Strike_R","Defend_R","Defend_R","Defend_R","Defend_R","Bash","Iron Wave","Infernal Blade+1","Rage","Headbutt","Flex+1","Armaments","Anger"],"relics":["Burning Blood","NeowsBlessing","Bottled Flame","Pantograph"],"potions_floor_usage":[16,16,16],"damage_taken":[{"damage":0,"enemies":"Cultist","floor":1,"turns":1},{"damage":0,"enemies":"Small Slimes","floor":2,"turns":1},{"damage":0,"enemies":"2 Louse","floor":3,"turns":1},{"damage":12,"enemies":"Looter","floor":4,"turns":3},{"damage":26,"enemies":"Lots of Slimes","floor":5,"turns":5},{"damage":5,"enemies":"3 Louse","floor":7,"turns":3},{"damage":18,"enemies":"Exordium Wildlife","floor":8,"turns":3},{"damage":10,"enemies":"Looter","floor":13,"turns":3},{"damage":57,"enemies":"Slime Boss","floor":16,"turns":11}],"seed_played":"-4729120870533855754","potions_obtained":[{"floor":1,"key":"SpeedPotion"},{"floor":2,"key":"Poison Potion"},{"floor":5,"key":"Ancient Potion"},{"floor":8,"key":"Strength Potion"}],"is_trial":false,"path_per_floor":["M","M","M","M","M","R","M","M","T","?","?","?","M","?","R","B"],"character_chosen":"IRONCLAD","items_purchased":[],"campfire_rested":0,"item_purchase_floors":[],"current_hp_per_floor":[80,80,80,74,54,54,55,43,43,36,36,36,32,32,32,0],"gold":288,"neow_bonus":"THREE_ENEMY_KILL","is_prod":false,"is_daily":false,"chose_seed":false,"campfire_upgraded":2,"win_rate":0.0,"timestamp":1552285186,"path_taken":["M","M","?","M","M","R","M","M","T","?","?","?","?","?","R","BOSS"],"build_version":"2019-01-23","purchased_purges":0,"victory":false,"max_hp_per_floor":[80,80,80,80,80,80,80,80,80,80,80,80,80,80,80,80],"card_choices":[{"not_picked":["Corruption","Bloodletting"],"picked":"Rupture","floor":1},{"not_picked":["Warcry","True Grit"],"picked":"Iron Wave","floor":2},{"not_picked":["Entrench","Power Through"],"picked":"Infernal Blade","floor":3},{"not_picked":["Power Through","Entrench"],"picked":"Rage","floor":4},{"not_picked":["True Grit","Warcry"],"picked":"Headbutt","floor":5},{"not_picked":["Cleave","Hemokinesis"],"picked":"Flex","floor":7},{"not_picked":["Heavy Blade","Clash"],"picked":"Armaments","floor":8},{"not_picked":["Disarm","Armaments"],"picked":"Anger","floor":13}],"player_experience":15231,"relics_obtained":[{"floor":9,"key":"Bottled Flame"}],"event_choices":[{"cards_removed":["Rupture"],"damage_healed":0,"gold_gain":0,"player_choice":"Card Removal","damage_taken":7,"max_hp_gain":0,"max_hp_loss":0,"event_name":"Golden Wing","floor":10,"gold_loss":0},{"damage_healed":0,"gold_gain":0,"player_choice":"Box","damage_taken":0,"relics_obtained":["Pantograph"],"max_hp_gain":0,"max_hp_loss":0,"event_name":"Big Fish","floor":11,"gold_loss":0,"cards_obtained":["Regret"]},{"damage_healed":0,"gold_gain":0,"cards_transformed":["Regret"],"player_choice":"Transformed","damage_taken":0,"max_hp_gain":0,"max_hp_loss":0,"event_name":"Transmorgrifier","floor":12,"gold_loss":0,"cards_obtained":["Doubt"]},{"cards_removed":["Doubt"],"damage_healed":0,"gold_gain":0,"player_choice":"Forget","damage_taken":0,"max_hp_gain":0,"max_hp_loss":0,"event_name":"Living Wall","floor":14,"gold_loss":0}],"is_beta":false,"boss_relics":[],"items_purged_floors":[],"is_endless":false,"potions_floor_spawned":[1,2,5,7,8],"killed_by":"Slime Boss","ascension_level":0}