{"gold_per_floor":[119,136,136,136,151,180,180,105,175,188,221,235,235,260,260,339,339,355,355,14,26,38,38,67,86,86,114,127,127,140,173,173,250,250,268,72,72,86,86,119,119,147,147,0,0,34,34,48,48,48,48,48,1,28,28],"floor_reached":56,"playtime":2571,"items_purged":["Strike_G"],"score":2292,"play_id":"6cdf73ec-53d6-4ed4-bc13-e729623b2bfc","local_time":"20190304173123","is_ascension_mode":true,"campfire_choices":[{"floor":7.0,"key":"REST"},{"floor":13.0,"key":"REST"},{"floor":15.0,"key":"REST"},{"floor":23.0,"key":"RECALL"},{"floor":32.0,"key":"REST"},{"floor":41,"key":"REST"},{"floor":49,"key":"REST"},{"floor":52,"key":"REST"}],"neow_cost":"NONE","seed_source_timestamp":0,"circlet_count":0,"master_deck":["AscendersBane","Defend_G","Defend_G","Defend_G","Defend_G","Defend_G","Strike_G+1","Survivor","Neutralize+1","Deadly Poison+1","Dagger Spray","Footwork","Footwork+1","A Thousand Cuts+1","A Thousand Cuts+1","Acrobatics+1","PiercingWail","Footwork+1","Noxious Fumes+1","Cloak And Dagger","Wraith Form v2+1","Catalyst","Decay","Crippling Poison","Corpse Explosion","Leg Sweep","Dodge and Roll","Escape Plan+1","PiercingWail"],"special_seed":0,"relics":["Fusion Hammer","Bag of Preparation","Paper Crane","Whetstone","Frozen Egg 2","Astrolabe","Incense Burner","Ornamental Fan","Pear","Blue Candle","Runic Pyramid","ClockworkSouvenir","Juzu Bracelet","Oddly Smooth Stone","Happy Flower","Pantograph","Red Mask","Snake Skull","Boot"],"potions_floor_usage":[55,55],"damage_taken":[{"damage":7.0,"enemies":"Small Slimes","floor":1.0,"turns":5.0},{"damage":6.0,"enemies":"Jaw Worm","floor":2.0,"turns":6.0},{"damage":0.0,"enemies":"Cultist","floor":5.0,"turns":4.0},{"damage":19.0,"enemies":"3 Sentries","floor":6.0,"turns":10.0},{"damage":0.0,"enemies":"Large Slime","floor":10.0,"turns":6.0},{"damage":5.0,"enemies":"Lagavulin","floor":11.0,"turns":6.0},{"damage":0.0,"enemies":"Looter","floor":12.0,"turns":3.0},{"damage":5.0,"enemies":"Gremlin Nob","floor":14.0,"turns":5.0},{"damage":21.0,"enemies":"Slime Boss","floor":16.0,"turns":15.0},{"damage":11.0,"enemies":"3 Byrds","floor":18.0,"turns":3.0},{"damage":0.0,"enemies":"Shell Parasite","floor":21.0,"turns":9.0},{"damage":0.0,"enemies":"Cultist and Chosen","floor":22.0,"turns":5.0},{"damage":2.0,"enemies":"Book of Stabbing","floor":24.0,"turns":7.0},{"damage":1.0,"enemies":"Chosen and Byrds","floor":25.0,"turns":5.0},{"damage":42.0,"enemies":"Slavers","floor":27.0,"turns":6.0},{"damage":0.0,"enemies":"Snake Plant","floor":28.0,"turns":6.0},{"damage":3.0,"enemies":"Shelled Parasite and Fungi","floor":30.0,"turns":5.0},{"damage":13.0,"enemies":"Gremlin Leader","floor":31.0,"turns":8.0},{"damage":0,"enemies":"Collector","floor":33,"turns":9},{"damage":13,"enemies":"3 Darklings","floor":35,"turns":4},{"damage":0,"enemies":"3 Shapes","floor":38,"turns":4},{"damage":1,"enemies":"Giant Head","floor":40,"turns":10},{"damage":1,"enemies":"Nemesis","floor":42,"turns":9},{"damage":12,"enemies":"Reptomancer","floor":46,"turns":7},{"damage":4,"enemies":"Sphere and 2 Shapes","floor":48,"turns":6},{"damage":13,"enemies":"Donu and Deca","floor":50,"turns":10},{"damage":23,"enemies":"Shield and Spear","floor":54,"turns":7},{"damage":1,"enemies":"The Heart","floor":55,"turns":14}],"seed_played":"-7126614706748073278","potions_obtained":[{"floor":1.0,"key":"Poison Potion"},{"floor":6.0,"key":"EssenceOfSteel"},{"floor":11.0,"key":"Explosive Potion"},{"floor":18.0,"key":"PowerPotion"},{"floor":21.0,"key":"GamblersBrew"},{"floor":27.0,"key":"LiquidBronze"},{"floor":31.0,"key":"GhostInAJar"}],"is_trial":false,"path_per_floor":["M","M","?","?","M","E","R","$","T","M","E","M","R","E","R","B",null,"M","?","$","M","M","R","E","M","T","E","M","?","M","E","R","B",null,"M","$","?","M","?","E","R","E","T","?","$","E","?","M","R","B",null,"R","$","E","B",null],"character_chosen":"THE_SILENT","items_purchased":["Footwork+1","Incense Burner","ClockworkSouvenir","PiercingWail"],"campfire_rested":7,"item_purchase_floors":[20,20,36,53],"current_hp_per_floor":[52,46,35,35,35,16,35,35,35,35,30,30,49,44,63,42,60,49,76,76,76,76,76,74,73,73,41,41,41,38,25,50,50,77,64,64,64,64,64,63,82,81,81,81,81,69,69,65,82,69,79,82,82,59,81],"gold":28,"neow_bonus":"BOSS_RELIC","is_prod":false,"is_daily":false,"chose_seed":false,"campfire_upgraded":0,"win_rate":0,"timestamp":1551738683,"path_taken":["M","M","?","?","M","E","R","$","T","M","E","M","R","E","R","BOSS","M","?","$","?","M","R","E","M","T","E","M","?","M","E","R","BOSS","M","$","?","M","?","E","R","E","T","?","?","E","?","M","R","BOSS","R","$","E","BOSS"],"build_version":"2019-02-06","purchased_purges":1,"victory":true,"max_hp_per_floor":[66,66,66,66,66,66,66,66,66,66,66,66,66,66,66,66,66,66,76,76,76,76,76,76,76,76,86,86,86,86,86,86,86,86,86,86,86,86,82,82,82,82,82,82,82,82,82,82,82,82,82,82,82,82,82],"card_choices":[{"not_picked":["Bane","Blade Dance","Endless Agony"],"picked":"SKIP","floor":1.0},{"not_picked":["Catalyst","All Out Attack"],"picked":"Deadly Poison","floor":2.0},{"not_picked":["Bane","Acrobatics"],"picked":"Dagger Spray","floor":5.0},{"not_picked":["Slice","Sucker Punch"],"picked":"Well Laid Plans","floor":6.0},{"not_picked":["Dagger Throw","Quick Slash"],"picked":"Footwork","floor":10.0},{"not_picked":["Bane","Choke","Endless Agony"],"picked":"SKIP","floor":11.0},{"not_picked":["Accuracy","Underhanded Strike","Grand Finale"],"picked":"SKIP","floor":12.0},{"not_picked":["Deadly Poison","Dodge and Roll"],"picked":"Footwork","floor":14.0},{"not_picked":["Glass Knife","Die Die Die"],"picked":"A Thousand Cuts+1","floor":16.0},{"not_picked":["Terror","Sucker Punch"],"picked":"PiercingWail","floor":18.0},{"not_picked":["Outmaneuver","Poisoned Stab","Deflect"],"picked":"SKIP","floor":21.0},{"not_picked":["Poisoned Stab","Outmaneuver"],"picked":"Noxious Fumes+1","floor":22.0},{"not_picked":["Bullet Time","Flechettes+1","Bane"],"picked":"SKIP","floor":24.0},{"not_picked":["Distraction","Heel Hook"],"picked":"Cloak And Dagger","floor":25.0},{"not_picked":["Cloak And Dagger","Deadly Poison"],"picked":"Wraith Form v2+1","floor":27.0},{"not_picked":["Blade Dance","Tactician"],"picked":"Catalyst","floor":28.0},{"not_picked":["Escape Plan+1","Tactician"],"picked":"Crippling Poison","floor":30.0},{"not_picked":["Quick Slash","Finisher","Sucker Punch"],"picked":"SKIP","floor":31.0},{"not_picked":["Glass Knife","Tools of the Trade+1"],"picked":"Corpse Explosion","floor":33},{"not_picked":["Tactician","Backflip+1"],"picked":"Leg Sweep","floor":35},{"not_picked":["Distraction","Endless Agony","Predator"],"picked":"SKIP","floor":38},{"not_picked":["Terror","Tactician"],"picked":"Dodge and Roll","floor":40},{"not_picked":["Acrobatics","Backflip+1","Flechettes"],"picked":"SKIP","floor":42},{"not_picked":["Dodge and Roll","Well Laid Plans+1","Blade Dance"],"picked":"SKIP","floor":46},{"not_picked":["Acrobatics","Heel Hook+1"],"picked":"Escape Plan+1","floor":48},{"not_picked":["Quick Slash","Deflect","Prepared"],"picked":"SKIP","floor":54}],"player_experience":2082111,"relics_obtained":[{"floor":6.0,"key":"Paper Crane"},{"floor":11.0,"key":"Whetstone"},{"floor":14.0,"key":"Frozen Egg 2"},{"floor":24.0,"key":"Ornamental Fan"},{"floor":27.0,"key":"Pear"},{"floor":31.0,"key":"Blue Candle"},{"floor":37,"key":"Juzu Bracelet"},{"floor":40,"key":"Oddly Smooth Stone"},{"floor":42,"key":"Happy Flower"},{"floor":43,"key":"Pantograph"},{"floor":46,"key":"Snake Skull"},{"floor":54,"key":"Boot"}],"event_choices":[{"damage_healed":0.0,"max_hp_gain":0.0,"max_hp_loss":0.0,"gold_gain":0.0,"event_name":"Scrap Ooze","player_choice":"Success","floor":3.0,"gold_loss":0.0,"damage_taken":11.0,"relics_obtained":["Bag of Preparation"]},{"damage_healed":0.0,"max_hp_gain":0.0,"max_hp_loss":0.0,"gold_gain":0.0,"event_name":"Living Wall","player_choice":"Grow","floor":4.0,"gold_loss":0.0,"damage_taken":0.0,"cards_upgraded":["Deadly Poison"]},{"cards_removed":["A Thousand Cuts"],"damage_healed":17.0,"max_hp_gain":10.0,"max_hp_loss":0.0,"gold_gain":0.0,"event_name":"Bonfire Elementals","player_choice":"Offered Rare","floor":19.0,"gold_loss":0.0,"damage_taken":0.0},{"damage_healed":0.0,"max_hp_gain":0.0,"max_hp_loss":0.0,"gold_gain":0.0,"event_name":"Forgotten Altar","player_choice":"Smashed Altar","floor":29.0,"gold_loss":0.0,"damage_taken":0.0,"cards_obtained":["Decay"]},{"damage_healed":0,"gold_gain":0,"player_choice":"Relic","damage_taken":0,"max_hp_gain":0,"max_hp_loss":0,"event_name":"Wheel of Change","floor":37,"gold_loss":0},{"damage_healed":0,"gold_gain":0,"player_choice":"Max HP","damage_taken":0,"max_hp_gain":0,"max_hp_loss":4,"event_name":"Winding Halls","floor":39,"gold_loss":0},{"damage_healed":0,"gold_gain":0,"player_choice":"Paid","damage_taken":0,"relics_obtained":["Red Mask"],"max_hp_gain":0,"max_hp_loss":0,"event_name":"Tomb of Lord Red Mask","floor":44,"gold_loss":147},{"cards_removed":["Well Laid Plans"],"damage_healed":0,"gold_gain":0,"player_choice":"Removed Power","damage_taken":0,"max_hp_gain":0,"max_hp_loss":0,"event_name":"Falling","floor":47,"gold_loss":0}],"is_beta":true,"boss_relics":[{"not_picked":["Tiny House","HoveringKite"],"picked":"Astrolabe"},{"not_picked":["Cursed Key","Empty Cage"],"picked":"Runic Pyramid"}],"items_purged_floors":[8],"is_endless":false,"potions_floor_spawned":[1,6,11,18,21,27,30,31,33,48],"ascension_level":15}