{"gold_per_floor":[114,114,129,144,162,194,30,62,362,362,412,412,446,462,462,537,537,548,147,164,180,200,226,226,257,257,286,91,91,91,105,105,105,105,121,121,121,121,136,136,168,168,220,255,235,235,160,175,175,175,175,175,13,43,43],"floor_reached":55,"playtime":2924,"items_purged":["Strike_G","Strike_G","Regret"],"score":1537,"play_id":"35ec5561-483d-4a6c-a641-3c7e08eb8435","local_time":"20190220184253","is_ascension_mode":true,"campfire_choices":[{"floor":10.0,"key":"REST"},{"floor":12.0,"key":"REST"},{"data":"Crippling Poison","floor":15.0,"key":"SMITH"},{"data":"Wraith Form v2","floor":24.0,"key":"SMITH"},{"floor":30.0,"key":"REST"},{"data":"Well Laid Plans","floor":32.0,"key":"SMITH"},{"data":"Envenom","floor":40,"key":"SMITH"},{"floor":42,"key":"RECALL"},{"floor":49,"key":"REST"},{"floor":52,"key":"REST"}],"neow_cost":"NONE","seed_source_timestamp":277334758862867,"circlet_count":0,"master_deck":["AscendersBane","Defend_G","Defend_G","Defend_G","Defend_G","Defend_G","Survivor","Neutralize","Flying Knee","Dagger Spray","Predator","PiercingWail","Dagger Spray","Well Laid Plans+1","Crippling Poison+1","Wraith Form v2+1","Envenom+1","Skewer","Footwork+1","Blur","Leg Sweep","Backflip+1","Backflip","Parasite","Sadistic Nature","Noxious Fumes"],"special_seed":0,"relics":["Empty Cage","Vajra","Mummified Hand","Old Coin","Tough Bandages","Cursed Key","FossilizedHelix","PreservedInsect","Ninja Scroll","Molten Egg 2","Pen Nib","Lizard Tail","Ornamental Fan","Mercury Hourglass","Bottled Tornado"],"potions_floor_usage":[44,46,48],"damage_taken":[{"damage":4.0,"enemies":"Small Slimes","floor":1.0,"turns":7.0},{"damage":1.0,"enemies":"2 Louse","floor":3.0,"turns":3.0},{"damage":2.0,"enemies":"Cultist","floor":4.0,"turns":4.0},{"damage":0.0,"enemies":"Blue Slaver","floor":5.0,"turns":5.0},{"damage":23.0,"enemies":"Lagavulin","floor":6.0,"turns":10.0},{"damage":20.0,"enemies":"Gremlin Nob","floor":8.0,"turns":4.0},{"damage":13.0,"enemies":"3 Sentries","floor":13.0,"turns":5.0},{"damage":0.0,"enemies":"2 Fungi Beasts","floor":14.0,"turns":3.0},{"damage":0.0,"enemies":"The Guardian","floor":16.0,"turns":13.0},{"damage":11.0,"enemies":"Spheric Guardian","floor":18.0,"turns":6.0},{"damage":0.0,"enemies":"Shell Parasite","floor":20.0,"turns":8.0},{"damage":0.0,"enemies":"Snake Plant","floor":21.0,"turns":4.0},{"damage":7.0,"enemies":"Chosen and Byrds","floor":22.0,"turns":5.0},{"damage":13.0,"enemies":"Book of Stabbing","floor":23.0,"turns":7.0},{"damage":0.0,"enemies":"Slavers","floor":25.0,"turns":4.0},{"damage":0.0,"enemies":"Book of Stabbing","floor":27.0,"turns":5.0},{"damage":0.0,"enemies":"Cultist and Chosen","floor":31.0,"turns":6.0},{"damage":25.0,"enemies":"Collector","floor":33.0,"turns":15.0},{"damage":11,"enemies":"3 Darklings","floor":35,"turns":7},{"damage":0,"enemies":"3 Shapes","floor":39,"turns":6},{"damage":0,"enemies":"Reptomancer","floor":41,"turns":6},{"damage":10,"enemies":"Nemesis","floor":44,"turns":11},{"damage":0,"enemies":"3 Darklings","floor":46,"turns":2},{"damage":0,"enemies":"Writhing Mass","floor":48,"turns":8},{"damage":52,"enemies":"Awakened One","floor":50,"turns":40},{"damage":56,"enemies":"Shield and Spear","floor":54,"turns":7},{"damage":7,"enemies":"The Heart","floor":55,"turns":5}],"seed_played":"-2029187220132399559","potions_obtained":[{"floor":1.0,"key":"GamblersBrew"},{"floor":8.0,"key":"Poison Potion"},{"floor":22.0,"key":"SteroidPotion"},{"floor":23.0,"key":"Strength Potion"},{"floor":35,"key":"EssenceOfSteel"},{"floor":41,"key":"SpeedPotion"},{"floor":45,"key":"SmokeBomb"}],"is_trial":false,"path_per_floor":["M","?","M","M","M","E","$","E","T","R","?","R","E","M","R","B",null,"M","$","M","M","M","E","R","E","T","E","$","?","R","M","R","B",null,"M","?","$","?","M","R","E","R","T","E","?","M","?","M","R","B",null,"R","$","E","B"],"character_chosen":"THE_SILENT","items_purchased":["Well Laid Plans","SteroidPotion","FossilizedHelix","Leg Sweep","Sadistic Nature"],"campfire_rested":5,"item_purchase_floors":[7,7,19,28,53],"current_hp_per_floor":[55,48,47,45,45,22,22,2,2,21,21,40,27,27,27,27,56,45,45,45,45,38,25,25,25,25,25,25,25,44,44,44,19,54,43,43,43,43,43,43,43,43,43,33,33,33,33,33,51,31,55,63,63,7,0],"gold":43,"neow_bonus":"BOSS_RELIC","is_prod":false,"is_daily":false,"chose_seed":false,"campfire_upgraded":4,"win_rate":0,"timestamp":1550706173,"path_taken":["M","?","M","M","M","E","$","E","T","R","?","R","E","M","R","BOSS","M","$","M","M","M","E","R","E","T","E","?","?","R","M","R","BOSS","M","?","$","?","M","R","E","R","T","E","?","?","?","M","R","BOSS","R","$","E","BOSS"],"build_version":"2019-02-06","purchased_purges":3,"victory":false,"max_hp_per_floor":[66,66,66,66,66,66,66,66,66,66,66,66,66,66,66,66,66,66,66,66,66,66,66,66,66,66,66,66,66,66,66,66,66,66,66,66,66,63,63,63,63,63,63,63,63,63,63,63,63,63,63,63,63,63,63],"card_choices":[{"not_picked":["Terror","Cloak And Dagger"],"picked":"Flying Knee","floor":1.0},{"not_picked":["Quick Slash","Sucker Punch"],"picked":"Dagger Spray","floor":3.0},{"not_picked":["Flechettes","Terror"],"picked":"Predator","floor":4.0},{"not_picked":["Masterful Stab","Acrobatics"],"picked":"PiercingWail","floor":5.0},{"not_picked":["Distraction","Choke"],"picked":"Dagger Spray","floor":6.0},{"not_picked":["Blade Dance","Cloak And Dagger"],"picked":"Crippling Poison","floor":8.0},{"not_picked":["Prepared","Dodge and Roll"],"picked":"Wraith Form v2","floor":13.0},{"not_picked":["Dagger Spray","Flying Knee","Bane"],"picked":"SKIP","floor":14.0},{"not_picked":["Doppelganger","Die Die Die"],"picked":"Envenom","floor":16.0},{"not_picked":["Blade Dance","Poisoned Stab","Masterful Stab"],"picked":"SKIP","floor":18.0},{"not_picked":["Sucker Punch","Dagger Throw"],"picked":"Skewer","floor":20.0},{"not_picked":["Deflect","Bane","Slice"],"picked":"SKIP","floor":21.0},{"not_picked":["Quick Slash+1","Dodge and Roll","Deflect"],"picked":"SKIP","floor":22.0},{"not_picked":["Prepared","After Image"],"picked":"Footwork+1","floor":23.0},{"not_picked":["Slice","Outmaneuver"],"picked":"Blur","floor":25.0},{"not_picked":["Calculated Gamble","Outmaneuver","Slice+1"],"picked":"SKIP","floor":27.0},{"not_picked":["Bane+1","Endless Agony+1","Cloak And Dagger"],"picked":"SKIP","floor":31.0},{"not_picked":["Riddle With Holes+1","Flying Knee+1"],"picked":"Backflip+1","floor":35},{"not_picked":["Outmaneuver","Sucker Punch+1","Blade Dance"],"picked":"SKIP","floor":39},{"not_picked":["Sucker Punch+1","Underhanded Strike+1","Slice+1"],"picked":"SKIP","floor":41},{"not_picked":["Prepared","Storm of Steel"],"picked":"Backflip","floor":44},{"not_picked":["Flying Knee+1","Sucker Punch+1","Backflip"],"picked":"SKIP","floor":48},{"not_picked":["Skewer+1","Prepared"],"picked":"Noxious Fumes","floor":54}],"player_experience":1994598,"relics_obtained":[{"floor":6.0,"key":"Vajra"},{"floor":8.0,"key":"Mummified Hand"},{"floor":9.0,"key":"Old Coin"},{"floor":13.0,"key":"Tough Bandages"},{"floor":23.0,"key":"PreservedInsect"},{"floor":25.0,"key":"Ninja Scroll"},{"floor":26.0,"key":"Molten Egg 2"},{"floor":27.0,"key":"Pen Nib"},{"floor":41,"key":"Ornamental Fan"},{"floor":44,"key":"Mercury Hourglass"},{"floor":54,"key":"Bottled Tornado"}],"event_choices":[{"cards_removed":["Strike_G"],"damage_healed":0.0,"max_hp_gain":0.0,"max_hp_loss":0.0,"gold_gain":0.0,"event_name":"Golden Wing","player_choice":"Card Removal","floor":2.0,"gold_loss":0.0,"damage_taken":7.0},{"damage_healed":0.0,"max_hp_gain":0.0,"max_hp_loss":0.0,"gold_gain":50.0,"event_name":"Golden Shrine","player_choice":"Pray","floor":11.0,"gold_loss":0.0,"damage_taken":0.0},{"damage_healed":0.0,"max_hp_gain":0.0,"max_hp_loss":0.0,"gold_gain":0.0,"event_name":"Beggar","player_choice":"Ignored","floor":29.0,"gold_loss":0.0,"damage_taken":0.0},{"damage_healed":0,"gold_gain":0,"player_choice":"Ignored","damage_taken":0,"max_hp_gain":0,"max_hp_loss":0,"event_name":"Tomb of Lord Red Mask","floor":36,"gold_loss":0},{"damage_healed":0,"gold_gain":0,"player_choice":"Max HP","damage_taken":0,"max_hp_gain":0,"max_hp_loss":3,"event_name":"Winding Halls","floor":38,"gold_loss":0},{"damage_healed":0,"gold_gain":0,"player_choice":"Bought 1 Potion","damage_taken":0,"max_hp_gain":0,"max_hp_loss":0,"event_name":"The Woman in Blue","floor":45,"gold_loss":0},{"cards_removed":["Pain"],"damage_healed":0,"gold_gain":0,"player_choice":"Single Remove","damage_taken":0,"max_hp_gain":0,"max_hp_loss":0,"event_name":"Designer","floor":47,"gold_loss":75}],"is_beta":true,"boss_relics":[{"not_picked":["Runic Dome","Sozu"],"picked":"Cursed Key"},{"not_picked":["Fusion Hammer","Black Star"],"picked":"Lizard Tail"}],"items_purged_floors":[7,19,28],"is_endless":false,"potions_floor_spawned":[1,8,22,23,33,35,41],"killed_by":"The Heart","ascension_level":15}