{"gold_per_floor":[112,112,112,132,132,132,132,167,167,167,181,106,134,144,144,218,218,230,230,242,119,44,44,77,77,77,77,91,108,108,23,23,100,100,120,132,177,190,209,209,237,237,237,237,253,203,203,203,203,203,203,203,7,38,38],"floor_reached":55,"playtime":1826,"items_purged":["Strike_R","Strike_R","Defend_R"],"score":1349,"play_id":"2896f99f-555c-411d-997f-9837dd27d911","local_time":"20190221222954","is_ascension_mode":true,"campfire_choices":[{"data":"Armaments","floor":6.0,"key":"SMITH"},{"data":"Bash","floor":10.0,"key":"SMITH"},{"floor":15.0,"key":"REST"},{"data":"Bludgeon","floor":23.0,"key":"SMITH"},{"data":"Flame Barrier","floor":25.0,"key":"SMITH"},{"data":"Flame Barrier","floor":27.0,"key":"SMITH"},{"floor":30.0,"key":"RECALL"},{"data":"Clothesline","floor":32.0,"key":"SMITH"},{"floor":40.0,"key":"REST"},{"data":"Strike_R","floor":42.0,"key":"PURGE"},{"data":"Blood for Blood","floor":44.0,"key":"PURGE"},{"data":"Demon Form","floor":47.0,"key":"SMITH"},{"data":"Defend_R","floor":49.0,"key":"PURGE"},{"data":"Flame Barrier","floor":52.0,"key":"SMITH"}],"neow_cost":"NONE","seed_source_timestamp":378438075430114,"circlet_count":0,"master_deck":["AscendersBane","Defend_R","Defend_R","Bash+1","Armaments+1","Flame Barrier+1","Bludgeon+1","Flame Barrier+1","Shrug It Off","Barricade","Clothesline+1","Flame Barrier+1","Dual Wield+1","Body Slam","Shrug It Off","Demon Form+1","Impervious"],"special_seed":0,"relics":["Snecko Eye","Dream Catcher","Sundial","Mercury Hourglass","Sozu","Bottled Lightning","Pear","Question Card","Black Star","Peace Pipe","Vajra","Smiling Mask","TheAbacus","StoneCalendar","Bottled Flame"],"potions_floor_usage":[],"damage_taken":[{"damage":2.0,"enemies":"Jaw Worm","floor":1.0,"turns":3.0},{"damage":0.0,"enemies":"2 Louse","floor":4.0,"turns":3.0},{"damage":37.0,"enemies":"3 Sentries","floor":8.0,"turns":11.0},{"damage":5.0,"enemies":"Small Slimes","floor":11.0,"turns":3.0},{"damage":17.0,"enemies":"Lagavulin","floor":13.0,"turns":6.0},{"damage":1.0,"enemies":"Exordium Thugs","floor":14.0,"turns":3.0},{"damage":6.0,"enemies":"The Guardian","floor":16.0,"turns":6.0},{"damage":0.0,"enemies":"Shell Parasite","floor":18.0,"turns":4.0},{"damage":0.0,"enemies":"3 Byrds","floor":20.0,"turns":1.0},{"damage":8.0,"enemies":"Slavers","floor":24.0,"turns":4.0},{"damage":0.0,"enemies":"3 Cultists","floor":28.0,"turns":2.0},{"damage":0.0,"enemies":"Chosen and Byrds","floor":29.0,"turns":3.0},{"damage":0.0,"enemies":"Collector","floor":33.0,"turns":10.0},{"damage":3.0,"enemies":"Orb Walker","floor":35.0,"turns":3.0},{"damage":0.0,"enemies":"3 Shapes","floor":36.0,"turns":4.0},{"damage":16.0,"enemies":"2 Orb Walkers","floor":37.0,"turns":4.0},{"damage":0.0,"enemies":"Writhing Mass","floor":38.0,"turns":5.0},{"damage":11.0,"enemies":"4 Shapes","floor":39.0,"turns":5.0},{"damage":0.0,"enemies":"Giant Head","floor":41.0,"turns":5.0},{"damage":0.0,"enemies":"Maw","floor":45.0,"turns":5.0},{"damage":16.0,"enemies":"Donu and Deca","floor":50.0,"turns":9.0},{"damage":28.0,"enemies":"Shield and Spear","floor":54.0,"turns":6.0},{"damage":73,"enemies":"The Heart","floor":55,"turns":3}],"seed_played":"6626420804752195918","potions_obtained":[{"floor":8.0,"key":"Fire Potion"},{"floor":14.0,"key":"Strength Potion"}],"is_trial":false,"path_per_floor":["M","$","?","M","?","R","?","E","T","R","M","$","E","M","R","B",null,"M","?","M","$","?","R","E","R","T","R","M","M","R","?","R","B",null,"M","M","?","M","M","R","E","R","T","R","M","$","R","$","R","B",null,"R","$","E","B"],"character_chosen":"IRONCLAD","items_purchased":["Body Slam","TheAbacus"],"campfire_rested":2,"item_purchase_floors":[21,53],"current_hp_per_floor":[66,66,66,66,66,66,71,34,34,34,29,29,12,11,35,29,67,67,67,67,67,67,67,59,59,69,69,69,69,69,69,69,69,85,82,82,66,66,55,82,82,82,82,82,82,82,82,82,82,66,84,84,84,56,0],"gold":38,"neow_bonus":"BOSS_RELIC","is_prod":false,"is_daily":false,"chose_seed":false,"campfire_upgraded":8,"win_rate":0,"timestamp":1550806194,"path_taken":["M","$","?","M","?","R","?","E","T","R","M","$","E","M","R","BOSS","M","?","M","$","?","R","E","R","T","R","M","M","R","?","R","BOSS","M","M","?","M","M","R","E","R","T","R","M","$","R","$","R","BOSS","R","$","E","BOSS"],"build_version":"2019-02-06","purchased_purges":3,"victory":false,"max_hp_per_floor":[75,75,75,75,75,75,80,80,80,80,80,80,80,80,80,80,80,80,80,80,80,80,80,80,80,90,90,90,90,90,90,90,90,90,90,90,90,90,90,90,90,90,90,90,90,90,90,90,90,90,90,90,90,90,90],"card_choices":[{"not_picked":["Sword Boomerang","Flex","Havoc"],"picked":"SKIP","floor":1.0},{"not_picked":["Anger","Warcry"],"picked":"Armaments","floor":4.0},{"not_picked":["Clash","Flex"],"picked":"Blood for Blood","floor":8.0},{"not_picked":["Sword Boomerang","Clothesline"],"picked":"Flame Barrier","floor":11.0},{"not_picked":["Clash","Heavy Blade"],"picked":"Bludgeon","floor":13.0},{"not_picked":["Body Slam","Pommel Strike"],"picked":"Flame Barrier","floor":14.0},{"not_picked":["Thunderclap","Infernal Blade"],"picked":"Shrug It Off","floor":15.0},{"not_picked":["Offering","Exhume"],"picked":"Barricade","floor":16.0},{"not_picked":["Thunderclap","Flex"],"picked":"Clothesline","floor":18.0},{"not_picked":["Fire Breathing","Cleave"],"picked":"Dual Wield+1","floor":20.0},{"not_picked":["Perfected Strike","Spot Weakness","Dual Wield"],"picked":"SKIP","floor":24.0},{"not_picked":["Evolve","Body Slam","Spot Weakness"],"picked":"SKIP","floor":28.0},{"not_picked":["Evolve","Body Slam","Spot Weakness"],"picked":"SKIP","floor":28.0},{"not_picked":["True Grit","Dropkick"],"picked":"Shrug It Off","floor":29.0},{"not_picked":["Dark Embrace","Barricade","Fiend Fire"],"picked":"Demon Form","floor":33.0},{"not_picked":["Havoc","Perfected Strike+1","Bloodletting","Rage"],"picked":"SKIP","floor":35.0},{"not_picked":["Metallicize","Perfected Strike","Reckless Charge+1","True Grit"],"picked":"SKIP","floor":36.0},{"not_picked":["Havoc+1","Hemokinesis","Perfected Strike","Combust+1"],"picked":"SKIP","floor":38.0},{"not_picked":["Flex+1","Pommel Strike","Anger","Reckless Charge+1"],"picked":"SKIP","floor":39.0},{"not_picked":["Clothesline","Armaments+1","Cleave"],"picked":"Impervious","floor":40.0},{"not_picked":["Pummel+1","Heavy Blade","Armaments","Warcry"],"picked":"SKIP","floor":41.0},{"not_picked":["Body Slam+1","Iron Wave","Dropkick","Clash"],"picked":"SKIP","floor":45.0},{"not_picked":["Fire Breathing","Blood for Blood+1","Searing Blow","Whirlwind+1"],"picked":"SKIP","floor":54.0}],"player_experience":2011211,"relics_obtained":[{"floor":8.0,"key":"Dream Catcher"},{"floor":9.0,"key":"Sundial"},{"floor":13.0,"key":"Mercury Hourglass"},{"floor":24.0,"key":"Bottled Lightning"},{"floor":26.0,"key":"Pear"},{"floor":37.0,"key":"Peace Pipe"},{"floor":41.0,"key":"Vajra"},{"floor":41.0,"key":"Smiling Mask"},{"floor":54.0,"key":"StoneCalendar"},{"floor":54.0,"key":"Bottled Flame"}],"event_choices":[{"cards_removed":["Strike_R"],"damage_healed":0.0,"max_hp_gain":0.0,"max_hp_loss":0.0,"gold_gain":0.0,"event_name":"Living Wall","player_choice":"Forget","floor":3.0,"gold_loss":0.0,"damage_taken":0.0},{"damage_healed":0.0,"max_hp_gain":0.0,"max_hp_loss":0.0,"gold_gain":0.0,"event_name":"Shining Light","player_choice":"Ignored","floor":5.0,"gold_loss":0.0,"damage_taken":0.0},{"damage_healed":0.0,"max_hp_gain":5.0,"max_hp_loss":0.0,"gold_gain":0.0,"event_name":"Big Fish","player_choice":"Donut","floor":7.0,"gold_loss":0.0,"damage_taken":0.0},{"damage_healed":0.0,"max_hp_gain":0.0,"max_hp_loss":0.0,"gold_gain":0.0,"event_name":"The Library","player_choice":"Read","floor":19.0,"gold_loss":0.0,"damage_taken":0.0,"cards_obtained":["Flame Barrier"]},{"cards_removed":["Strike_R"],"damage_healed":0.0,"max_hp_gain":0.0,"max_hp_loss":0.0,"gold_gain":0.0,"event_name":"Beggar","player_choice":"Gave Gold","floor":22.0,"gold_loss":75.0,"damage_taken":0.0},{"damage_healed":0.0,"max_hp_gain":0.0,"max_hp_loss":0.0,"gold_gain":0.0,"event_name":"Addict","player_choice":"Obtained Relic","floor":31.0,"gold_loss":85.0,"damage_taken":0.0,"relics_obtained":["Question Card"]},{"damage_healed":0.0,"max_hp_gain":0.0,"max_hp_loss":0.0,"gold_gain":0.0,"event_name":"Mysterious Sphere","player_choice":"Fight","floor":37.0,"gold_loss":0.0,"damage_taken":0.0}],"is_beta":true,"boss_relics":[{"not_picked":["Philosopher\u0027s Stone","Astrolabe"],"picked":"Sozu"},{"not_picked":["Runic Cube","Cursed Key"],"picked":"Black Star"}],"items_purged_floors":[12,21,46],"is_endless":false,"potions_floor_spawned":[8,14,20,24,36,37,39],"killed_by":"The Heart","ascension_level":15}