{"gold_per_floor":[109,124,124,135,103,103,132,150,150,150],"floor_reached":10,"playtime":292,"items_purged":[],"score":123,"play_id":"7d018c81-f5f3-4a75-842b-021d905362ab","local_time":"20190222225621","is_ascension_mode":true,"campfire_choices":[{"data":"Bash","floor":6,"key":"SMITH"}],"neow_cost":"NONE","seed_source_timestamp":468064280259437,"circlet_count":0,"master_deck":["AscendersBane","Strike_R","Strike_R","Strike_R","Strike_R","Strike_R","Defend_R","Defend_R","Defend_R","Defend_R","Bash+1","Anger","Shrug It Off","Decay","Disarm","Pommel Strike","Fiend Fire"],"relics":["Mark of Pain","Torii","Darkstone Periapt"],"potions_floor_usage":[7,10],"damage_taken":[{"damage":18,"enemies":"Jaw Worm","floor":1,"turns":4},{"damage":6,"enemies":"Cultist","floor":2,"turns":3},{"damage":0,"enemies":"2 Louse","floor":4,"turns":3},{"damage":10,"enemies":"Exordium Thugs","floor":5,"turns":5},{"damage":20,"enemies":"3 Sentries","floor":7,"turns":8},{"damage":7,"enemies":"Blue Slaver","floor":8,"turns":4},{"damage":20,"enemies":"Lagavulin","floor":10,"turns":2}],"seed_played":"5279027418186729180","potions_obtained":[{"floor":2,"key":"AttackPotion"},{"floor":4,"key":"LiquidBronze"}],"is_trial":false,"path_per_floor":["M","M","?","M","M","R","E","M","T","E"],"character_chosen":"IRONCLAD","items_purchased":[],"campfire_rested":0,"item_purchase_floors":[],"current_hp_per_floor":[50,44,44,44,34,34,14,7,7,0],"gold":150,"neow_bonus":"BOSS_RELIC","is_prod":false,"is_daily":false,"chose_seed":false,"campfire_upgraded":1,"win_rate":0,"timestamp":1550894181,"path_taken":["M","M","?","M","?","R","E","M","T","E"],"build_version":"2019-02-06","purchased_purges":0,"victory":false,"max_hp_per_floor":[75,75,75,75,75,75,75,75,75,75],"card_choices":[{"not_picked":["Perfected Strike","Iron Wave"],"picked":"Anger","floor":1},{"not_picked":["Rage","Sentinel"],"picked":"Shrug It Off","floor":2},{"not_picked":["Thunderclap","Metallicize"],"picked":"Disarm","floor":4},{"not_picked":["Perfected Strike","Hemokinesis"],"picked":"Pommel Strike","floor":5},{"not_picked":["Whirlwind","Armaments"],"picked":"Fiend Fire","floor":7},{"not_picked":["Sword Boomerang","Rupture","Hemokinesis"],"picked":"SKIP","floor":8}],"player_experience":2019196,"relics_obtained":[{"floor":7,"key":"Torii"},{"floor":9,"key":"Darkstone Periapt"}],"event_choices":[{"damage_healed":0,"gold_gain":0,"player_choice":"Cursed","damage_taken":0,"max_hp_gain":0,"max_hp_loss":0,"event_name":"Wheel of Change","floor":3,"gold_loss":0,"cards_obtained":["Decay"]}],"is_beta":true,"boss_relics":[],"items_purged_floors":[],"is_endless":false,"potions_floor_spawned":[2,4],"killed_by":"Lagavulin","ascension_level":15}