{"gold_per_floor":[119,119,48,123,148,191,191,39,66,100,100,140,158,181,181,280,280,296,296,211,53,3,3,43,67,67,107,107,147,161,180,180,279,279,294,194,219,235,249,280,298,298,298,173,516,176,191,210,210,210,210,210,47,85,85],"floor_reached":55,"playtime":2063,"items_purged":["Strike_R","Strike_R","Strike_R"],"score":1521,"play_id":"ce366cb5-051f-4a59-9998-2a3f6fe52797","local_time":"20190206203902","is_ascension_mode":true,"campfire_choices":[{"data":"Whirlwind","floor":7.0,"key":"SMITH"},{"data":"Uppercut","floor":11.0,"key":"SMITH"},{"data":"True Grit","floor":15.0,"key":"SMITH"},{"data":"Armaments","floor":23,"key":"SMITH"},{"data":"Pain","floor":28,"key":"PURGE"},{"data":"Strike_R","floor":32,"key":"PURGE"},{"floor":49,"key":"RECALL"},{"data":"Injury","floor":52,"key":"PURGE"}],"neow_cost":"NONE","seed_source_timestamp":2459077504691226,"circlet_count":0,"master_deck":["AscendersBane","Strike_R","Defend_R","Defend_R","Defend_R","Defend_R","Bash","Whirlwind+1","Uppercut+1","Armaments+1","Shockwave+1","Iron Wave","Battle Trance","True Grit+1","Twin Strike+1","Necronomicurse","Shrug It Off","Inflame","Shrug It Off","Battle Trance","Spot Weakness+1","True Grit+1","Reaper","Battle Trance+1","Corruption","Flame Barrier+1","Burning Pact+1","Feel No Pain","Shockwave","Inflame+1","Heavy Blade","Limit Break","Enlightenment","Heavy Blade+1"],"special_seed":0,"relics":["Burning Blood","NeowsBlessing","Golden Idol","Happy Flower","Anchor","Bronze Scales","Oddly Smooth Stone","Peace Pipe","Cursed Key","Necronomicon","Prayer Wheel","Kunai","Question Card","Ornamental Fan","Blood Vial","Snecko Eye","Juzu Bracelet","Old Coin","Paper Frog","Mercury Hourglass"],"potions_floor_usage":[],"damage_taken":[{"damage":0.0,"enemies":"2 Louse","floor":1.0,"turns":2.0},{"damage":0.0,"enemies":"Jaw Worm","floor":5.0,"turns":1.0},{"damage":0.0,"enemies":"Gremlin Nob","floor":6.0,"turns":1.0},{"damage":10.0,"enemies":"3 Sentries","floor":10.0,"turns":6.0},{"damage":12.0,"enemies":"Gremlin Nob","floor":12.0,"turns":3.0},{"damage":0.0,"enemies":"Cultist","floor":13.0,"turns":3.0},{"damage":0.0,"enemies":"2 Fungi Beasts","floor":14.0,"turns":3.0},{"damage":58.0,"enemies":"Slime Boss","floor":16.0,"turns":13.0},{"damage":0,"enemies":"Chosen","floor":18,"turns":4},{"damage":15,"enemies":"Gremlin Leader","floor":24,"turns":4},{"damage":0,"enemies":"3 Byrds","floor":25,"turns":3},{"damage":19,"enemies":"Slavers","floor":27,"turns":3},{"damage":4,"enemies":"Book of Stabbing","floor":29,"turns":3},{"damage":6,"enemies":"Shelled Parasite and Fungi","floor":30,"turns":4},{"damage":2,"enemies":"Snake Plant","floor":31,"turns":3},{"damage":5,"enemies":"Champ","floor":33,"turns":9},{"damage":5,"enemies":"3 Shapes","floor":35,"turns":2},{"damage":0,"enemies":"3 Darklings","floor":37,"turns":2},{"damage":0,"enemies":"Transient","floor":38,"turns":5},{"damage":5,"enemies":"Spire Growth","floor":39,"turns":4},{"damage":0,"enemies":"Giant Head","floor":40,"turns":7},{"damage":0,"enemies":"3 Darklings","floor":41,"turns":2},{"damage":0,"enemies":"Nemesis","floor":45,"turns":7},{"damage":0,"enemies":"Writhing Mass","floor":47,"turns":5},{"damage":5,"enemies":"Maw","floor":48,"turns":6},{"damage":26,"enemies":"Time Eater","floor":50,"turns":9},{"damage":0,"enemies":"Shield and Spear","floor":54,"turns":4},{"damage":69,"enemies":"The Heart","floor":55,"turns":3}],"seed_played":"-4775801696360288020","potions_obtained":[{"floor":1.0,"key":"SkillPotion"},{"floor":16.0,"key":"Ancient Potion"},{"floor":24,"key":"Energy Potion"},{"floor":35,"key":"FearPotion"},{"floor":47,"key":"FearPotion"}],"is_trial":false,"path_per_floor":["M","?","$","?","M","E","R","$","T","E","R","E","M","M","R","B",null,"M","?","?","$","$","R","E","M","T","E","R","E","M","M","R","B",null,"M","$","M","M","M","E","M","?","T","$","E","$","M","M","R","B",null,"R","$","E","B"],"character_chosen":"IRONCLAD","items_purchased":["Uppercut","Anchor","Shrug It Off","Inflame","Shrug It Off","Feel No Pain","Paper Frog","Limit Break","Enlightenment"],"campfire_rested":0,"item_purchase_floors":[3,8,21,21,22,46,46,53,53],"current_hp_per_floor":[74,68,68,57,63,68,68,68,68,64,64,58,64,68,68,16,55,61,40,40,40,40,40,31,37,37,24,24,26,28,34,34,37,60,68,68,68,68,68,68,68,68,68,68,68,68,68,68,68,48,63,63,63,68,0],"gold":85,"neow_bonus":"THREE_ENEMY_KILL","is_prod":false,"is_daily":false,"chose_seed":false,"campfire_upgraded":4,"win_rate":0,"timestamp":1549503542,"path_taken":["M","?","$","?","?","E","R","?","T","E","R","E","M","M","R","BOSS","M","?","?","?","$","R","E","M","T","E","R","E","?","M","R","BOSS","M","$","?","M","M","E","M","?","T","$","E","$","M","M","R","BOSS","R","$","E","BOSS"],"build_version":"2019-01-23","purchased_purges":3,"victory":false,"max_hp_per_floor":[75,68,68,68,68,68,68,68,68,68,68,68,68,68,68,68,68,68,68,68,68,68,68,68,68,68,68,68,68,68,68,68,68,68,68,68,68,68,68,68,68,68,68,68,68,68,68,68,68,68,68,68,68,68,68],"card_choices":[{"not_picked":["Dual Wield","Blood for Blood"],"picked":"Whirlwind","floor":1.0},{"not_picked":["Clash","Metallicize"],"picked":"Armaments","floor":5.0},{"not_picked":["Warcry","Havoc"],"picked":"Shockwave","floor":6.0},{"not_picked":["Anger","Metallicize"],"picked":"Iron Wave","floor":10.0},{"not_picked":["Sever Soul","Combust"],"picked":"Battle Trance","floor":12.0},{"not_picked":["Entrench","Pommel Strike"],"picked":"True Grit","floor":13.0},{"not_picked":["Perfected Strike","Pommel Strike","True Grit"],"picked":"SKIP","floor":14.0},{"not_picked":["Intimidate","Perfected Strike"],"picked":"Twin Strike+1","floor":18},{"not_picked":["Warcry","Twin Strike","Dual Wield"],"picked":"SKIP","floor":24},{"not_picked":["True Grit","Inflame"],"picked":"Battle Trance","floor":25},{"not_picked":["Perfected Strike+1","Uppercut","Warcry"],"picked":"SKIP","floor":25},{"not_picked":["Cleave+1","Sever Soul","Fire Breathing","Sword Boomerang"],"picked":"SKIP","floor":27},{"not_picked":["Infernal Blade","Clash","Rage"],"picked":"Spot Weakness+1","floor":29},{"not_picked":["Power Through","Anger","Corruption"],"picked":"True Grit+1","floor":30},{"not_picked":["Entrench+1","Seeing Red","Twin Strike","Spot Weakness"],"picked":"SKIP","floor":30},{"not_picked":["Wild Strike","Juggernaut","Headbutt","True Grit"],"picked":"SKIP","floor":31},{"not_picked":["Havoc","Heavy Blade+1","Warcry","True Grit"],"picked":"SKIP","floor":31},{"not_picked":["Demon Form","Juggernaut","Feed"],"picked":"Reaper","floor":33},{"not_picked":["Body Slam","Inflame","Hemokinesis"],"picked":"Battle Trance+1","floor":35},{"not_picked":["Ghostly Armor","Sword Boomerang","Warcry","True Grit"],"picked":"SKIP","floor":35},{"not_picked":["Wild Strike","Clothesline","Uppercut","Armaments"],"picked":"SKIP","floor":37},{"not_picked":["Flex","Evolve","Warcry","Thunderclap"],"picked":"SKIP","floor":37},{"not_picked":["Clothesline","Sentinel","Clash"],"picked":"Corruption","floor":38},{"not_picked":["Twin Strike","Clash+1","Entrench","Clothesline"],"picked":"SKIP","floor":38},{"not_picked":["Clothesline","Sentinel","Power Through","True Grit"],"picked":"SKIP","floor":39},{"not_picked":["Anger","Perfected Strike","Clash","Carnage"],"picked":"SKIP","floor":39},{"not_picked":["Clothesline","Sentinel","Power Through","True Grit"],"picked":"SKIP","floor":39},{"not_picked":["Anger","Perfected Strike","Clash","Carnage"],"picked":"SKIP","floor":39},{"not_picked":["Thunderclap","Impervious","Twin Strike"],"picked":"Flame Barrier+1","floor":40},{"not_picked":["Flex","Battle Trance","Armaments"],"picked":"Burning Pact+1","floor":41},{"not_picked":["Rage+1","Iron Wave+1","Shrug It Off","Sentinel+1"],"picked":"SKIP","floor":41},{"not_picked":["Ghostly Armor","Body Slam","True Grit","Whirlwind"],"picked":"SKIP","floor":45},{"not_picked":["Dual Wield","Pommel Strike","Clothesline"],"picked":"Shockwave","floor":47},{"not_picked":["Reckless Charge","Intimidate","Seeing Red+1","Perfected Strike"],"picked":"SKIP","floor":47},{"not_picked":["Sword Boomerang","Spot Weakness","Warcry"],"picked":"Inflame+1","floor":48},{"not_picked":["Headbutt+1","Twin Strike","Sword Boomerang"],"picked":"Heavy Blade","floor":48},{"not_picked":["Havoc","Wild Strike","Corruption+1"],"picked":"Heavy Blade+1","floor":54}],"player_experience":1952754,"relics_obtained":[{"floor":6.0,"key":"Happy Flower"},{"floor":9.0,"key":"Bronze Scales"},{"floor":10.0,"key":"Oddly Smooth Stone"},{"floor":12.0,"key":"Peace Pipe"},{"floor":19,"key":"Necronomicon"},{"floor":24,"key":"Kunai"},{"floor":26,"key":"Question Card"},{"floor":27,"key":"Ornamental Fan"},{"floor":29,"key":"Blood Vial"},{"floor":40,"key":"Juzu Bracelet"},{"floor":45,"key":"Old Coin"},{"floor":54,"key":"Mercury Hourglass"}],"event_choices":[{"damage_healed":0.0,"max_hp_gain":0.0,"max_hp_loss":7.0,"gold_gain":0.0,"event_name":"Golden Idol","player_choice":"Lose Max HP","floor":2.0,"gold_loss":0.0,"damage_taken":0.0,"relics_obtained":["Golden Idol"]},{"damage_healed":0.0,"max_hp_gain":0.0,"max_hp_loss":0.0,"gold_gain":75.0,"event_name":"World of Goop","player_choice":"Gather Gold","floor":4.0,"gold_loss":0.0,"damage_taken":11.0},{"damage_healed":0,"gold_gain":0,"player_choice":"Obtained Book","damage_taken":21,"max_hp_gain":0,"max_hp_loss":0,"event_name":"Cursed Tome","floor":19,"gold_loss":0},{"damage_healed":0,"gold_gain":0,"player_choice":"Obtained Relic","damage_taken":0,"relics_obtained":["Prayer Wheel"],"max_hp_gain":0,"max_hp_loss":0,"event_name":"Addict","floor":20,"gold_loss":85},{"damage_healed":0,"gold_gain":0,"player_choice":"Upgraded","damage_taken":0,"max_hp_gain":0,"max_hp_loss":0,"event_name":"Upgrade Shrine","floor":42,"gold_loss":0,"cards_upgraded":["Shockwave"]}],"is_beta":true,"boss_relics":[{"not_picked":["Calling Bell","Astrolabe"],"picked":"Cursed Key"},{"not_picked":["Tiny House","Orrery"],"picked":"Snecko Eye"}],"items_purged_floors":[21,36,44],"is_endless":false,"potions_floor_spawned":[1,16,24,25,30,35,40,41,47],"killed_by":"The Heart","ascension_level":15}