{"gold_per_floor":[114,124,42,56,56,56,75,105,131,156,156,156,156,191,191,191],"floor_reached":16,"playtime":464,"items_purged":[],"score":207,"play_id":"611e15a7-3324-4e74-85b8-b21bb2b4e0e4","local_time":"20190302171337","is_ascension_mode":true,"campfire_choices":[{"data":"Sweeping Beam","floor":6.0,"key":"SMITH"},{"data":"Self Repair","floor":13,"key":"SMITH"},{"data":"Undo","floor":15,"key":"SMITH"}],"neow_cost":"NONE","seed_source_timestamp":1138519834767423,"circlet_count":0,"master_deck":["AscendersBane","Strike_B","Strike_B","Strike_B","Defend_B","Defend_B+1","Defend_B","Defend_B","Zap","Dualcast","Leap+1","Sweeping Beam+1","Genetic Algorithm","Cold Snap","Rebound","Self Repair+1","Undo+1"],"special_seed":0,"relics":["Coffee Dripper","Boot","Bronze Scales","War Paint","Emotion Chip","Sundial"],"potions_floor_usage":[10,16],"damage_taken":[{"damage":9.0,"enemies":"2 Louse","floor":1.0,"turns":3.0},{"damage":0.0,"enemies":"Jaw Worm","floor":2.0,"turns":4.0},{"damage":1.0,"enemies":"Small Slimes","floor":4.0,"turns":5.0},{"damage":0.0,"enemies":"3 Louse","floor":7.0,"turns":3.0},{"damage":17.0,"enemies":"3 Sentries","floor":8.0,"turns":8.0},{"damage":29,"enemies":"Gremlin Nob","floor":10,"turns":4},{"damage":3,"enemies":"Lagavulin","floor":14,"turns":9},{"damage":20,"enemies":"Slime Boss","floor":16,"turns":7}],"seed_played":"-9123125550598997876","potions_obtained":[{"floor":1.0,"key":"Dexterity Potion"},{"floor":8.0,"key":"Strength Potion"},{"floor":14,"key":"SkillPotion"}],"is_trial":false,"path_per_floor":["M","M","$","M","?","R","M","E","T","E","T","?","R","E","R","B"],"character_chosen":"DEFECT","items_purchased":["Genetic Algorithm"],"campfire_rested":0,"item_purchase_floors":[3],"current_hp_per_floor":[55,55,55,54,54,54,54,37,37,8,8,8,8,15,15,0],"gold":191,"neow_bonus":"BOSS_RELIC","is_prod":false,"is_daily":false,"chose_seed":false,"campfire_upgraded":3,"win_rate":0,"timestamp":1551564817,"path_taken":["M","M","$","M","?","R","M","E","T","E","?","?","R","E","R","BOSS"],"build_version":"2019-02-06","purchased_purges":0,"victory":false,"max_hp_per_floor":[71,71,71,71,71,71,71,71,71,71,71,71,71,71,71,71],"card_choices":[{"not_picked":["Recycle","Redo"],"picked":"Leap","floor":1.0},{"not_picked":["Go for the Eyes","Hologram"],"picked":"Sweeping Beam","floor":2.0},{"not_picked":["Darkness","Sweeping Beam"],"picked":"Cold Snap","floor":4.0},{"not_picked":["Stack","Beam Cell","Leap"],"picked":"SKIP","floor":7.0},{"not_picked":["Force Field","Consume"],"picked":"Rebound","floor":8.0},{"not_picked":["Cold Snap","Undo"],"picked":"Self Repair","floor":10},{"not_picked":["Steam","Coolheaded"],"picked":"Undo","floor":14}],"player_experience":2071423,"relics_obtained":[{"floor":8.0,"key":"Boot"},{"floor":9.0,"key":"Bronze Scales"},{"floor":10,"key":"War Paint"},{"floor":11,"key":"Emotion Chip"},{"floor":14,"key":"Sundial"}],"event_choices":[{"damage_healed":0.0,"max_hp_gain":0.0,"max_hp_loss":0.0,"gold_gain":0.0,"event_name":"Scrap Ooze","player_choice":"Fled","floor":5.0,"gold_loss":0.0,"damage_taken":0.0},{"cards_removed":["Strike_B"],"damage_healed":0,"gold_gain":0,"player_choice":"Forget","damage_taken":0,"max_hp_gain":0,"max_hp_loss":0,"event_name":"Living Wall","floor":12,"gold_loss":0}],"is_beta":true,"boss_relics":[],"items_purged_floors":[],"is_endless":false,"potions_floor_spawned":[1,8,14],"killed_by":"Slime Boss","ascension_level":15}