{"path_per_floor":["M","$","M","?","M","E","R","E","T","M","M","$","M","?","R","B",null,"M","?","?","?","?","E","R","M","T","?","M","$","$"],"character_chosen":"IRONCLAD","items_purchased":["Armaments","Regen Potion","Offering","Bloodletting","Infernal Blade"],"gold_per_floor":[117,19,30,105,120,150,150,185,185,198,211,13,27,52,52,147,147,160,85,85,85,85,112,112,125,125,125,136,23,23],"floor_reached":31,"campfire_rested":1,"playtime":1320,"current_hp_per_floor":[78,78,80,69,75,45,45,28,42,35,32,32,24,7,35,59,85,69,69,69,69,69,46,46,48,48,48,15,15,15],"items_purged":["Strike_R"],"gold":23,"score":381,"play_id":"8b95fb72-381f-46b4-bbf9-4b0fa27bf780","is_prod":false,"is_daily":false,"is_ascension_mode":true,"campfire_upgraded":2,"path_taken":["M","$","M","?","?","E","R","E","T","M","M","$","?","?","R","BOSS","M","?","?","?","?","E","R","M","T","?","?","?","$","M"],"build_version":"2018-02-12-PROD1","purchased_purges":1,"victory":false,"master_deck":["Strike_R","Strike_R","Defend_R","Defend_R","Defend_R","Bash","Inflame","Armaments+1","Warcry","Bludgeon","Clash","Whirlwind+1","Heavy Blade","Clash","Offering","Bloodletting","Spot Weakness","Berserk","Pommel Strike","Warcry+1","Rage+1","Limit Break+1","Infernal Blade+1"],"max_hp_per_floor":[80,80,80,80,80,80,80,80,94,94,94,94,94,94,94,94,94,94,94,94,94,94,94,94,94,94,94,94,94,94],"relics":["Burning Blood","NeowsBlessing","Ancient Tea Set","Pantograph","Mango","Odd Mushroom","Philosopher\u0027s Stone","Red Skull","Toxic Egg 2","Ice Cream"],"card_choices":[{"not_picked":["Clash","Headbutt"],"picked":"Inflame"},{"not_picked":["Heavy Blade","Pommel Strike"],"picked":"Warcry"},{"not_picked":["True Grit","Carnage"],"picked":"Bludgeon"},{"not_picked":["Shockwave","Anger"],"picked":"Clash"},{"not_picked":["Clothesline","Disarm"],"picked":"Whirlwind"},{"not_picked":["Headbutt","Searing Blow"],"picked":"Heavy Blade"},{"not_picked":["Cleave","True Grit"],"picked":"Clash"},{"not_picked":["Headbutt","Juggernaut"],"picked":"Spot Weakness"},{"not_picked":["Double Tap","Demon Form"],"picked":"Berserk"},{"not_picked":["True Grit","Sword Boomerang"],"picked":"Pommel Strike"},{"not_picked":["Combust","True Grit"],"picked":"Warcry"},{"not_picked":["Disarm","Twin Strike"],"picked":"Limit Break"}],"player_experience":159967,"potions_floor_usage":[14,23,31,31,31],"damage_taken":[{"damage":0.0,"enemies":"Blue Slaver","floor":1.0,"turns":1.0},{"damage":0.0,"enemies":"2 Louse","floor":3.0,"turns":1.0},{"damage":0.0,"enemies":"Cultist","floor":5.0,"turns":1.0},{"damage":36.0,"enemies":"Gremlin Nob","floor":6.0,"turns":4.0},{"damage":35.0,"enemies":"Lagavulin","floor":8.0,"turns":5.0},{"damage":13,"enemies":"Gremlin Gang","floor":10,"turns":4},{"damage":9,"enemies":"3 Louse","floor":11,"turns":3},{"damage":14,"enemies":"Looter","floor":13,"turns":3},{"damage":23,"enemies":"The Mushroom Lair","floor":14,"turns":4},{"damage":7,"enemies":"Slime Boss","floor":16,"turns":6},{"damage":22,"enemies":"Shell Parasite","floor":18,"turns":3},{"damage":29,"enemies":"Gremlin Leader","floor":23,"turns":4},{"damage":4,"enemies":"Spheric Guardian","floor":25,"turns":2},{"damage":39,"enemies":"Slaver and Parasite","floor":28,"turns":3},{"damage":17,"enemies":"Cultist and Chosen","floor":31,"turns":2}],"event_choices":[{"event_name":"World of Goop","player_choice":"Gather Gold","floor":4.0,"damage_taken":0.0},{"event_name":"Mushrooms","player_choice":"Fought Mushrooms","floor":14,"damage_taken":0},{"event_name":"Beggar","player_choice":"Gave Gold","floor":19,"damage_taken":0},{"event_name":"Back to Basics","player_choice":"Elegance","floor":20,"damage_taken":0},{"event_name":"Vampires","player_choice":"Ignored","floor":21,"damage_taken":0},{"event_name":"The Mausoleum","player_choice":"Yes","floor":22,"damage_taken":0},{"event_name":"Transmorgrifier","player_choice":"Transform","floor":27,"damage_taken":0}],"boss_relics":[{"not_picked":["Ectoplasm","White Beast Statue"],"picked":"Philosopher\u0027s Stone"}],"potions_floor_spawned":[3,8,10,13,14,23,28],"seed_played":"-8737058711375682838","killed_by":"Cultist and Chosen","ascension_level":9,"is_trial":false}