{"gold_per_floor":[112,187,187,198,210,210,245,245,245,245,245,278,293,149,149,149],"floor_reached":16,"playtime":441,"items_purged":["Strike_R"],"score":135,"play_id":"dad78505-b1c3-4acb-9d0c-29a20ebd4149","local_time":"20190314014253","is_ascension_mode":true,"campfire_choices":[{"data":"Bash","floor":6,"key":"SMITH"},{"data":"Heavy Blade","floor":8,"key":"SMITH"},{"data":"Shrug It Off","floor":10,"key":"SMITH"},{"data":"Pommel Strike","floor":15,"key":"SMITH"}],"neow_cost":"NONE","seed_source_timestamp":50885560001665,"circlet_count":0,"master_deck":["Strike_R","Strike_R","Strike_R","Strike_R","Defend_R","Defend_R","Defend_R","Defend_R","Bash+1","Cleave+1","Heavy Blade+1","Shrug It Off+1","True Grit","Pommel Strike+1","Corruption","Feel No Pain"],"relics":["Burning Blood","PreservedInsect","Question Card","Singing Bowl","Prayer Wheel"],"potions_floor_usage":[7,16],"damage_taken":[{"damage":8,"enemies":"Jaw Worm","floor":1,"turns":5},{"damage":4,"enemies":"2 Louse","floor":4,"turns":2},{"damage":6,"enemies":"Cultist","floor":5,"turns":3},{"damage":20,"enemies":"Lagavulin","floor":7,"turns":3},{"damage":10,"enemies":"3 Sentries","floor":12,"turns":4},{"damage":0,"enemies":"2 Fungi Beasts","floor":13,"turns":3},{"damage":57,"enemies":"The Guardian","floor":16,"turns":9}],"seed_played":"-1138868227438005634","potions_obtained":[{"floor":4,"key":"PowerPotion"},{"floor":13,"key":"Dexterity Potion"}],"is_trial":false,"path_per_floor":["M","?","?","M","M","R","E","R","T","R","?","E","M","$","R","B"],"character_chosen":"IRONCLAD","items_purchased":["Feel No Pain"],"campfire_rested":0,"item_purchase_floors":[14],"current_hp_per_floor":[78,67,67,69,69,69,55,55,55,55,55,51,57,57,57,0],"gold":149,"neow_bonus":"RANDOM_COMMON_RELIC","is_prod":false,"is_daily":false,"chose_seed":false,"campfire_upgraded":4,"win_rate":0,"timestamp":1552552973,"path_taken":["M","?","?","?","M","R","E","R","T","R","?","E","M","$","R","BOSS"],"build_version":"2019-01-23","purchased_purges":1,"victory":false,"max_hp_per_floor":[80,80,80,80,80,80,80,80,80,80,80,80,80,80,80,80],"card_choices":[{"not_picked":["Burning Pact","Clothesline"],"picked":"Cleave","floor":1},{"not_picked":["Thunderclap","Warcry","Havoc"],"picked":"SKIP","floor":4},{"not_picked":["Shockwave","Juggernaut"],"picked":"Heavy Blade","floor":5},{"not_picked":["Sentinel","Clash"],"picked":"Shrug It Off","floor":7},{"not_picked":["Heavy Blade","Dark Embrace","Warcry"],"picked":"True Grit","floor":12},{"not_picked":["Havoc","Flex","Twin Strike"],"picked":"Pommel Strike","floor":13},{"not_picked":["Clash","Burning Pact","Thunderclap"],"picked":"Corruption","floor":13}],"player_experience":433520,"relics_obtained":[{"floor":7,"key":"Question Card"},{"floor":9,"key":"Singing Bowl"},{"floor":12,"key":"Prayer Wheel"}],"event_choices":[{"damage_healed":0,"gold_gain":75,"player_choice":"Gather Gold","damage_taken":11,"max_hp_gain":0,"max_hp_loss":0,"event_name":"World of Goop","floor":2,"gold_loss":0},{"damage_healed":0,"gold_gain":0,"player_choice":"Bought 0 Potions","damage_taken":0,"max_hp_gain":0,"max_hp_loss":0,"event_name":"The Woman in Blue","floor":3,"gold_loss":0},{"damage_healed":0,"gold_gain":0,"player_choice":"Upgraded","damage_taken":0,"max_hp_gain":0,"max_hp_loss":0,"event_name":"Upgrade Shrine","floor":11,"gold_loss":0,"cards_upgraded":["Cleave"]}],"is_beta":false,"boss_relics":[],"items_purged_floors":[14],"is_endless":false,"potions_floor_spawned":[4,13],"killed_by":"The Guardian","ascension_level":5}