{"gold_per_floor":[119,194,214,230,30,30,42,67,67,67,86,86,86,110,110,234,234,254,37,37,62,75,75,75],"floor_reached":24,"playtime":1874,"items_purged":[],"score":198,"play_id":"e78d306e-fb3b-4100-9e56-2dfdfe916add","local_time":"20190313204910","is_ascension_mode":false,"campfire_choices":[{"data":"Dualcast","floor":6,"key":"SMITH"},{"floor":13,"key":"REST"},{"floor":15,"key":"REST"},{"floor":23,"key":"REST"}],"neow_cost":"NONE","seed_source_timestamp":5457805895024,"circlet_count":0,"master_deck":["Strike_B","Strike_B+1","Strike_B","Strike_B","Defend_B","Defend_B+1","Defend_B","Defend_B","Zap","Dualcast+1","Beam Cell","Streamline","Chill","Hello World","Beam Cell","Madness","Lockon","White Noise","Genetic Algorithm","Redo","Biased Cognition+1","Ball Lightning","Metamorphosis","Conserve Battery","RitualDagger","Cold Snap+1","Defragment+1"],"relics":["Cracked Core","NeowsBlessing","Frozen Egg 2","Unceasing Top","Golden Idol","Black Star"],"potions_floor_usage":[8,16,22,24,24],"damage_taken":[{"damage":0,"enemies":"Cultist","floor":1,"turns":1},{"damage":0,"enemies":"Small Slimes","floor":3,"turns":1},{"damage":0,"enemies":"2 Louse","floor":4,"turns":1},{"damage":14,"enemies":"Exordium Thugs","floor":7,"turns":4},{"damage":22,"enemies":"3 Sentries","floor":8,"turns":6},{"damage":7,"enemies":"2 Fungi Beasts","floor":11,"turns":3},{"damage":1,"enemies":"3 Louse","floor":14,"turns":3},{"damage":30,"enemies":"The Guardian","floor":16,"turns":8},{"damage":16,"enemies":"Shell Parasite","floor":18,"turns":5},{"damage":28,"enemies":"2 Thieves","floor":21,"turns":4},{"damage":6,"enemies":"Snecko","floor":22,"turns":5},{"damage":54,"enemies":"Gremlin Leader","floor":24,"turns":5}],"seed_played":"-7147135313936612450","potions_obtained":[{"floor":1,"key":"LiquidBronze"},{"floor":11,"key":"AttackPotion"},{"floor":14,"key":"Ancient Potion"},{"floor":16,"key":"Poison Potion"},{"floor":22,"key":"Regen Potion"}],"is_trial":false,"path_per_floor":["M","?","M","M","$","R","M","E","T","?","M","?","R","M","R","B",null,"M","$","?","M","M","R","E"],"character_chosen":"DEFECT","items_purchased":["Hello World","Beam Cell","Madness","Metamorphosis","Conserve Battery"],"campfire_rested":3,"item_purchase_floors":[5,5,5,19,19],"current_hp_per_floor":[75,64,64,64,64,64,50,28,28,28,21,7,27,26,46,16,69,53,53,47,19,13,33,0],"gold":75,"neow_bonus":"THREE_ENEMY_KILL","is_prod":false,"is_daily":false,"chose_seed":false,"campfire_upgraded":1,"win_rate":0.0,"timestamp":1552535350,"path_taken":["M","?","M","M","$","R","M","E","T","?","M","?","R","M","R","BOSS","M","$","?","M","M","R","E"],"build_version":"2019-01-23","purchased_purges":0,"victory":false,"max_hp_per_floor":[75,75,75,75,75,75,75,75,75,69,69,69,69,69,69,69,69,69,69,69,69,69,69,69],"card_choices":[{"not_picked":["Gash","Conserve Battery"],"picked":"Beam Cell","floor":1},{"not_picked":["Double Energy","Darkness"],"picked":"Streamline","floor":3},{"not_picked":["Steam","Leap"],"picked":"Chill","floor":4},{"not_picked":["Steam","Leap"],"picked":"Lockon","floor":7},{"not_picked":["Cold Snap","Fusion"],"picked":"White Noise","floor":8},{"not_picked":["Steam","Coolheaded"],"picked":"Genetic Algorithm","floor":11},{"not_picked":["Leap","Sweeping Beam"],"picked":"Redo","floor":14},{"not_picked":["Fission","Multi-Cast"],"picked":"Biased Cognition+1","floor":16},{"not_picked":["Streamline","Cold Snap"],"picked":"Ball Lightning","floor":18},{"not_picked":["Machine Learning+1","Sweeping Beam"],"picked":"Cold Snap+1","floor":21},{"not_picked":["Rip and Tear","Cold Snap+1"],"picked":"Defragment+1","floor":22}],"player_experience":53976,"relics_obtained":[{"floor":8,"key":"Frozen Egg 2"},{"floor":9,"key":"Unceasing Top"}],"event_choices":[{"damage_healed":0,"gold_gain":75,"player_choice":"Gather Gold","damage_taken":11,"max_hp_gain":0,"max_hp_loss":0,"event_name":"World of Goop","floor":2,"gold_loss":0},{"damage_healed":0,"gold_gain":0,"player_choice":"Lose Max HP","damage_taken":0,"relics_obtained":["Golden Idol"],"max_hp_gain":0,"max_hp_loss":6,"event_name":"Golden Idol","floor":10,"gold_loss":0},{"damage_healed":0,"gold_gain":0,"player_choice":"Entered Light","damage_taken":14,"max_hp_gain":0,"max_hp_loss":0,"event_name":"Shining Light","floor":12,"gold_loss":0,"cards_upgraded":["Strike_B","Defend_B"]},{"damage_healed":0,"gold_gain":0,"player_choice":"Joined the Cult","damage_taken":6,"max_hp_gain":0,"max_hp_loss":0,"event_name":"Nest","floor":20,"gold_loss":0,"cards_obtained":["RitualDagger"]}],"is_beta":false,"boss_relics":[{"not_picked":["Orrery","Coffee Dripper"],"picked":"Black Star"}],"items_purged_floors":[],"is_endless":false,"potions_floor_spawned":[1,11,14,16,22],"killed_by":"Gremlin Leader","ascension_level":0}