{"path_per_floor":["M","?","M","M","?","R","?","R","T","M","$","M","M","M","R","B",null,"M","?","$","M","M","R","M","R","T","M","M","?","?","M","R","B",null,"M","?","M","$","?","E","?","?","T"],"character_chosen":"IRONCLAD","items_purchased":["Flame Barrier","Frozen Egg 2","War Paint","Regen Potion"],"gold_per_floor":[118,118,130,148,148,148,398,398,398,416,67,79,93,104,104,206,206,217,217,13,33,49,49,65,65,111,130,143,143,68,81,81,178,178,193,193,207,207,261,294,294,294,294],"floor_reached":44,"campfire_rested":2,"playtime":2867,"current_hp_per_floor":[80,73,71,66,66,66,66,66,66,21,21,26,22,18,42,7,62,56,56,56,59,34,34,40,79,79,79,70,70,70,69,69,29,67,65,65,67,67,65,32,54,54,54],"items_purged":["Regret"],"gold":294,"score":503,"play_id":"e7fbee89-9ec5-47ab-a24e-fac72ecb93bd","is_prod":false,"is_daily":false,"is_ascension_mode":true,"campfire_upgraded":4,"path_taken":["M","?","?","?","?","R","?","R","T","?","?","M","M","M","R","BOSS","M","?","$","M","?","R","M","R","T","M","?","?","?","M","R","BOSS","M","?","?","$","?","E","?","?","T","E"],"build_version":"2018-02-08-PROD1","purchased_purges":3,"victory":false,"master_deck":["Strike_R","Strike_R","Defend_R","Defend_R+1","Defend_R","Defend_R","Bash","Spot Weakness+1","Armaments+1","Iron Wave","Flame Barrier+1","Pommel Strike","Iron Wave","Exhume+1","Thunderclap+1","Warcry+1","Heavy Blade+1","Shrug It Off","Inflame+1","Battle Trance+1","Battle Trance","Offering+1","Flame Barrier","Havoc+1","Writhe","Writhe"],"max_hp_per_floor":[80,80,80,80,80,80,80,80,80,80,80,80,80,80,80,80,80,80,80,80,80,80,80,80,80,80,80,80,80,80,80,80,80,80,80,80,80,80,80,87,87,87,87],"relics":["Burning Blood","Pen Nib","Dead Branch","Frozen Egg 2","Cursed Key","Regal Pillow","War Paint","Bronze Scales","Philosopher\u0027s Stone","Unceasing Top","Strawberry","Mercury Hourglass"],"card_choices":[{"not_picked":["Cleave","Ghostly Armor"],"picked":"Spot Weakness"},{"not_picked":["Twin Strike","Sword Boomerang"],"picked":"Armaments"},{"not_picked":["Sword Boomerang","Flex"],"picked":"Iron Wave"},{"not_picked":["Sword Boomerang","Body Slam"],"picked":"Pommel Strike"},{"not_picked":["True Grit","Ghostly Armor"],"picked":"Iron Wave"},{"not_picked":["Dark Embrace","Feed"],"picked":"Exhume"},{"not_picked":["Sword Boomerang","Spot Weakness"],"picked":"Thunderclap"},{"not_picked":["Wild Strike","Blood for Blood"],"picked":"Warcry"},{"not_picked":["Battle Trance","Disarm"],"picked":"Heavy Blade"},{"not_picked":["Cleave","Pommel Strike"],"picked":"Shrug It Off"},{"not_picked":["True Grit","Havoc"],"picked":"Inflame"},{"not_picked":["Sentinel","Pommel Strike"],"picked":"Battle Trance"},{"not_picked":["Body Slam","Berserk"],"picked":"Battle Trance"},{"not_picked":["Demon Form","Juggernaut"],"picked":"Offering"},{"not_picked":["Searing Blow","Carnage"],"picked":"Flame Barrier"},{"not_picked":["Shrug It Off","Wild Strike"],"picked":"Havoc"}],"player_experience":117369,"potions_floor_usage":[14,16,16,33,33,40],"damage_taken":[{"damage":0,"enemies":"Small Slimes","floor":1,"turns":3},{"damage":8,"enemies":"Jaw Worm","floor":3,"turns":5},{"damage":11,"enemies":"Blue Slaver","floor":4,"turns":3},{"damage":51,"enemies":"Gremlin Gang","floor":10,"turns":6},{"damage":1,"enemies":"Looter","floor":12,"turns":3},{"damage":10,"enemies":"Lots of Slimes","floor":13,"turns":5},{"damage":10,"enemies":"Gremlin Gang","floor":14,"turns":5},{"damage":41,"enemies":"Hexaghost","floor":16,"turns":9},{"damage":12,"enemies":"3 Byrds","floor":18,"turns":4},{"damage":3,"enemies":"Chosen","floor":21,"turns":5},{"damage":31,"enemies":"Centurion and Healer","floor":22,"turns":5},{"damage":0,"enemies":"Chosen and Byrds","floor":24,"turns":7},{"damage":6,"enemies":"Snake Plant","floor":27,"turns":3},{"damage":15,"enemies":"Snecko","floor":28,"turns":5},{"damage":7,"enemies":"Centurion and Healer","floor":31,"turns":6},{"damage":61,"enemies":"Collector","floor":33,"turns":9},{"damage":8,"enemies":"3 Darklings","floor":35,"turns":1},{"damage":4,"enemies":"Orb Walker","floor":37,"turns":2},{"damage":8,"enemies":"Mysterious Sphere","floor":39,"turns":2},{"damage":46,"enemies":"Nemesis","floor":40,"turns":7},{"damage":59,"enemies":"2 Orb Walkers","floor":44,"turns":4}],"event_choices":[{"event_name":"Scrap Ooze","player_choice":"success","floor":2,"damage_taken":7},{"event_name":"Purifier","player_choice":"One Purge","floor":5,"damage_taken":0},{"event_name":"Golden Shrine","player_choice":"Desecrate","floor":7,"damage_taken":0},{"event_name":"The Mausoleum","player_choice":"Yes","floor":19,"damage_taken":0},{"event_name":"Back to Basics","player_choice":"Elegance","floor":29,"damage_taken":0},{"event_name":"Beggar","player_choice":"Gave Gold","floor":30,"damage_taken":0},{"event_name":"Mysterious Sphere","player_choice":"Fight","floor":39,"damage_taken":0},{"event_name":"Winding Halls","player_choice":"Writhe","floor":41,"damage_taken":0},{"event_name":"Upgrade Shrine","player_choice":"Upgraded","floor":42,"damage_taken":0}],"boss_relics":[{"not_picked":["Tiny House","Question Card"],"picked":"Cursed Key"},{"not_picked":["Eternal Feather","Runic Dome"],"picked":"Philosopher\u0027s Stone"}],"potions_floor_spawned":[10,12,13,16,24,31],"seed_played":"2418340062825214932","killed_by":"2 Orb Walkers","ascension_level":5,"is_trial":false}