{"gold_per_floor":[111,127,127,143,17,51,64,120,147,147,147,169,169,169,194,194,323,323,338,253,274,294,5,5,5,28,74,74,90,90,90,121,82,82,201,201,219,107,107,122,143,174,299,342,392,392,415,192,206,224,258,258,258,258,258,18,57,57],"floor_reached":58,"playtime":4382,"items_purged":["Blade Dance","Tactician"],"score":827,"play_id":"8426c7fa-6078-4831-af54-cf2ad8792c52","local_time":"20190131203545","is_ascension_mode":false,"campfire_choices":[{"data":"Noxious Fumes","floor":13,"key":"SMITH"},{"data":"Bouncing Flask","floor":16,"key":"SMITH"},{"data":"Wraith Form v2","floor":24,"key":"SMITH"},{"data":"Venomology","floor":30,"key":"SMITH"},{"data":"Footwork","floor":34,"key":"SMITH"},{"floor":52,"key":"RECALL"},{"floor":55,"key":"REST"}],"neow_cost":"NONE","seed_source_timestamp":1938187981120317,"circlet_count":0,"master_deck":["Flying Knee+1","PiercingWail","Predator","Backflip","Burst","Bouncing Flask+1","Dagger Spray+1","Leg Sweep","Backstab+1","Wraith Form v2+1","Flying Knee","Deflect","Noxious Fumes+1","Acrobatics","Cloak And Dagger","Dodge and Roll","Venomology+1","Terror+1","Bane+1","Setup+1","Underhanded Strike+1","Distraction+1","Deflect+1","Backflip","Dodge and Roll","Footwork+1","Doppelganger","Blade Dance","Catalyst","Footwork","Endless Agony+1","Prepared","Concentrate","Flying Knee","PiercingWail","Deflect+1","Parasite","Underhanded Strike","Unload","Master of Strategy","Catalyst","Dagger Spray"],"relics":["White Beast Statue","Incense Burner","Tiny Chest","Blood Vial","Odd Mushroom","Golden Idol","Astrolabe","Vajra","Membership Card","Bronze Scales","Juzu Bracelet","Centennial Puzzle","Fusion Hammer","Bottled Tornado","Whetstone","Potion Belt","Tough Bandages","Bag of Marbles","Anchor","Strawberry"],"potions_floor_usage":[6,6,8,12,17,22,26,29,32,35,35,41,42,44,50,51,53,53,57,57,58,58,58,58,58],"damage_taken":[{"damage":1,"enemies":"Jaw Worm","floor":1,"turns":3},{"damage":0,"enemies":"Small Slimes","floor":2,"turns":3},{"damage":0,"enemies":"2 Louse","floor":4,"turns":2},{"damage":2,"enemies":"Gremlin Nob","floor":6,"turns":4},{"damage":2,"enemies":"2 Fungi Beasts","floor":7,"turns":4},{"damage":9,"enemies":"3 Sentries","floor":8,"turns":6},{"damage":2,"enemies":"The Mushroom Lair","floor":12,"turns":3},{"damage":0,"enemies":"Exordium Wildlife","floor":15,"turns":2},{"damage":13,"enemies":"Hexaghost","floor":17,"turns":7},{"damage":6,"enemies":"Chosen","floor":19,"turns":3},{"damage":2,"enemies":"3 Byrds","floor":21,"turns":5},{"damage":2,"enemies":"Cultist and Chosen","floor":22,"turns":4},{"damage":0,"enemies":"Centurion and Healer","floor":26,"turns":6},{"damage":0,"enemies":"Shelled Parasite and Fungi","floor":29,"turns":4},{"damage":5,"enemies":"Gremlin Leader","floor":32,"turns":6},{"damage":3,"enemies":"Collector","floor":35,"turns":11},{"damage":1,"enemies":"3 Shapes","floor":37,"turns":5},{"damage":4,"enemies":"Orb Walker","floor":40,"turns":2},{"damage":1,"enemies":"Sphere and 2 Shapes","floor":41,"turns":3},{"damage":14,"enemies":"Giant Head","floor":42,"turns":7},{"damage":0,"enemies":"Mind Bloom Boss Battle","floor":43,"turns":5},{"damage":12,"enemies":"Reptomancer","floor":44,"turns":4},{"damage":0,"enemies":"Transient","floor":47,"turns":5},{"damage":0,"enemies":"3 Darklings","floor":49,"turns":7},{"damage":2,"enemies":"Writhing Mass","floor":50,"turns":6},{"damage":12,"enemies":"Giant Head","floor":51,"turns":10},{"damage":26,"enemies":"Awakened One","floor":53,"turns":22},{"damage":5,"enemies":"Shield and Spear","floor":57,"turns":8},{"damage":78,"enemies":"The Heart","floor":58,"turns":8}],"seed_played":"3473482492610347962","potions_obtained":[{"floor":1,"key":"Energy Potion"},{"floor":2,"key":"GamblersBrew"},{"floor":4,"key":"Block Potion"},{"floor":6,"key":"Fruit Juice"},{"floor":7,"key":"Ancient Potion"},{"floor":8,"key":"EntropicBrew"},{"floor":12,"key":"Energy Potion"},{"floor":15,"key":"Weak Potion"},{"floor":17,"key":"AttackPotion"},{"floor":19,"key":"Fire Potion"},{"floor":21,"key":"GhostInAJar"},{"floor":22,"key":"EssenceOfSteel"},{"floor":26,"key":"Fire Potion"},{"floor":29,"key":"FairyPotion"},{"floor":32,"key":"GamblersBrew"},{"floor":35,"key":"AttackPotion"},{"floor":37,"key":"PowerPotion"},{"floor":42,"key":"GhostInAJar"},{"floor":44,"key":"Fire Potion"},{"floor":47,"key":"SteroidPotion"},{"floor":49,"key":"SpeedPotion"},{"floor":51,"key":"PowerPotion"},{"floor":57,"key":"AttackPotion"}],"is_trial":false,"path_per_floor":["M","M","?","M","$","E","M","E","T","T","?","?","R","?","M","R","B",null,"M","?","M","M","$","R","T","M","T","T","M","R","?","E","$","R","B",null,"M","$","?","M","M","E","?","E","T","T","M","$","M","M","E","R","B",null,"R","$","E","B"],"character_chosen":"THE_SILENT","items_purchased":["Noxious Fumes","Acrobatics","Membership Card","Backflip","Bronze Scales","Footwork","Catalyst","Footwork","PiercingWail","Tough Bandages","SpeedPotion","Master of Strategy","Catalyst","Anchor"],"campfire_rested":1,"item_purchase_floors":[5,5,23,23,23,33,38,38,48,48,56,56,56,56],"current_hp_per_floor":[69,69,69,69,69,72,70,61,61,61,54,54,54,54,56,56,45,69,63,63,63,63,63,63,63,65,65,65,67,67,67,64,64,64,63,69,68,68,66,62,63,51,53,43,43,43,45,45,47,47,37,37,13,66,66,66,68,0],"gold":57,"neow_bonus":"BOSS_RELIC","is_prod":false,"is_daily":false,"chose_seed":false,"campfire_upgraded":5,"win_rate":0,"timestamp":1548984945,"path_taken":["M","M","?","M","$","E","M","E","T","?","?","R","?","M","R","BOSS","M","?","M","M","$","R","?","M","T","M","R","?","E","$","R","BOSS","M","$","?","M","M","E","?","E","T","M","$","M","M","E","R","BOSS","R","$","E","BOSS"],"build_version":"2019-01-23","purchased_purges":2,"victory":false,"max_hp_per_floor":[70,70,70,70,70,75,75,75,75,75,75,75,75,69,69,69,69,69,69,69,69,69,69,69,69,69,69,69,69,69,69,69,69,69,69,69,69,69,66,66,66,66,66,66,66,66,66,66,66,66,66,66,66,66,66,66,73,73],"card_choices":[{"not_picked":["Deadly Poison","Dagger Spray"],"picked":"Flying Knee","floor":1},{"not_picked":["Dagger Throw","Dagger Spray"],"picked":"Deflect","floor":2},{"not_picked":["Deflect","Finisher"],"picked":"Underhanded Strike","floor":4},{"not_picked":["Dodge and Roll","Noxious Fumes"],"picked":"Concentrate","floor":6},{"not_picked":["Prepared","Dagger Throw"],"picked":"Blade Dance","floor":7},{"not_picked":["Escape Plan","Concentrate"],"picked":"Flying Knee","floor":8},{"not_picked":["Deflect","Blade Dance"],"picked":"Cloak And Dagger","floor":12},{"not_picked":["Escape Plan","Backflip"],"picked":"Dodge and Roll","floor":15},{"not_picked":["Phantasmal Killer","A Thousand Cuts"],"picked":"Venomology","floor":17},{"not_picked":["Bane","Bouncing Flask"],"picked":"Underhanded Strike+1","floor":19},{"not_picked":["Crippling Poison","Dash+1"],"picked":"Distraction+1","floor":21},{"not_picked":["Deadly Poison","Well Laid Plans+1"],"picked":"Deflect+1","floor":22},{"not_picked":["Concentrate","Backflip"],"picked":"Blade Dance","floor":26},{"not_picked":["Bane+1","Prepared+1"],"picked":"Dodge and Roll","floor":29},{"not_picked":["Poisoned Stab","Adrenaline","Underhanded Strike+1"],"picked":"SKIP","floor":32},{"not_picked":["Envenom","Night Terror"],"picked":"Doppelganger","floor":35},{"not_picked":["Dodge and Roll","Quick Slash"],"picked":"Blade Dance","floor":37},{"not_picked":["Riddle With Holes","Night Terror"],"picked":"Endless Agony+1","floor":40},{"not_picked":["Calculated Gamble","Distraction+1"],"picked":"Prepared","floor":41},{"not_picked":["Bouncing Flask+1","Bullet Time"],"picked":"Tactician","floor":42},{"not_picked":["Backflip+1","Caltrops+1"],"picked":"Concentrate","floor":43},{"not_picked":["Dagger Throw","Bane"],"picked":"Flying Knee","floor":44},{"not_picked":["Skewer+1","Cloak And Dagger+1","Prepared+1"],"picked":"SKIP","floor":47},{"not_picked":["Dagger Throw","Dodge and Roll"],"picked":"Deflect+1","floor":49},{"not_picked":["Blade Dance+1","Slice+1"],"picked":"Underhanded Strike","floor":50},{"not_picked":["Predator","Backflip+1"],"picked":"Unload","floor":51},{"not_picked":["PiercingWail+1","Dagger Throw+1"],"picked":"Dagger Spray","floor":57}],"player_experience":1920287,"relics_obtained":[{"floor":6,"key":"Incense Burner"},{"floor":8,"key":"Tiny Chest"},{"floor":9,"key":"Blood Vial"},{"floor":12,"key":"Odd Mushroom"},{"floor":27,"key":"Juzu Bracelet"},{"floor":32,"key":"Centennial Puzzle"},{"floor":42,"key":"Bottled Tornado"},{"floor":44,"key":"Whetstone"},{"floor":45,"key":"Potion Belt"},{"floor":51,"key":"Bag of Marbles"},{"floor":57,"key":"Strawberry"}],"event_choices":[{"damage_healed":0,"gold_gain":0,"player_choice":"Leave","damage_taken":0,"max_hp_gain":0,"max_hp_loss":0,"event_name":"The Cleric","floor":3,"gold_loss":0},{"cards_removed":["Concentrate"],"damage_healed":0,"gold_gain":0,"player_choice":"Card Removal","damage_taken":7,"max_hp_gain":0,"max_hp_loss":0,"event_name":"Golden Wing","floor":11,"gold_loss":0},{"damage_healed":0,"gold_gain":0,"player_choice":"Fought Mushrooms","damage_taken":0,"max_hp_gain":0,"max_hp_loss":0,"event_name":"Mushrooms","floor":12,"gold_loss":0},{"damage_healed":0,"gold_gain":0,"player_choice":"Lose Max HP","damage_taken":0,"relics_obtained":["Golden Idol"],"max_hp_gain":0,"max_hp_loss":6,"event_name":"Golden Idol","floor":14,"gold_loss":0},{"damage_healed":0,"gold_gain":0,"player_choice":"Obtained Relic","damage_taken":0,"relics_obtained":["Vajra"],"max_hp_gain":0,"max_hp_loss":0,"event_name":"Addict","floor":20,"gold_loss":85},{"damage_healed":0,"gold_gain":0,"player_choice":"Upgraded","damage_taken":0,"max_hp_gain":0,"max_hp_loss":0,"event_name":"Upgrade Shrine","floor":31,"gold_loss":0,"cards_upgraded":["Dagger Spray"]},{"damage_healed":0,"gold_gain":0,"player_choice":"Max HP","damage_taken":0,"max_hp_gain":0,"max_hp_loss":3,"event_name":"Winding Halls","floor":39,"gold_loss":0},{"damage_healed":0,"gold_gain":0,"player_choice":"Fight","damage_taken":0,"max_hp_gain":0,"max_hp_loss":0,"event_name":"MindBloom","floor":43,"gold_loss":0}],"is_beta":true,"boss_relics":[{"not_picked":["Orrery","Empty Cage"],"picked":"Astrolabe"},{"not_picked":["Runic Dome","Sozu"],"picked":"Fusion Hammer"}],"items_purged_floors":[38,48],"is_endless":false,"potions_floor_spawned":[1,2,4,6,7,8,12,15,17,19,21,22,26,29,32,35,37,40,41,42,43,44,47,49,50,51,57],"killed_by":"The Heart","ascension_level":0}