{"gold_per_floor":[366,378,428,447,84,84,118,118,118,149,167,167,184,202,202,274,274,290,29,32,52,52,52,52],"floor_reached":24,"playtime":748,"items_purged":["Strike_B"],"score":408,"play_id":"30335dae-c15b-4f90-b0c5-1eb0e870c4e9","local_time":"20190121195835","is_ascension_mode":true,"campfire_choices":[{"data":"Defragment","floor":6,"key":"SMITH"},{"data":"Defragment","floor":8,"key":"SMITH"},{"data":"Zap","floor":12,"key":"SMITH"},{"data":"Blizzard","floor":15,"key":"SMITH"},{"data":"Creative AI","floor":23,"key":"SMITH"}],"neow_cost":"TEN_PERCENT_HP_LOSS","seed_source_timestamp":1075528601162575,"circlet_count":0,"master_deck":["AscendersBane","Strike_B","Strike_B","Strike_B","Defend_B","Defend_B","Defend_B","Defend_B","Zap+1","Dualcast","Compile Driver","Undo","Defragment+1","Glacier","Defragment+1","Sweeping Beam","Glacier","Reinforced Body","Blizzard+1","Creative AI+1","Barrage","Blizzard"],"relics":["Cracked Core","Runic Capacitor","Girya","Bag of Marbles","Busted Crown","Happy Flower"],"potions_floor_usage":[],"damage_taken":[{"damage":0,"enemies":"Cultist","floor":1,"turns":3},{"damage":0,"enemies":"Small Slimes","floor":2,"turns":4},{"damage":2,"enemies":"Jaw Worm","floor":4,"turns":4},{"damage":11,"enemies":"Gremlin Nob","floor":7,"turns":6},{"damage":0,"enemies":"3 Sentries","floor":10,"turns":9},{"damage":11,"enemies":"3 Louse","floor":11,"turns":4},{"damage":1,"enemies":"Exordium Wildlife","floor":13,"turns":5},{"damage":1,"enemies":"Large Slime","floor":14,"turns":6},{"damage":21,"enemies":"Slime Boss","floor":16,"turns":9},{"damage":1,"enemies":"Chosen","floor":18,"turns":5},{"damage":15,"enemies":"2 Thieves","floor":20,"turns":4},{"damage":9,"enemies":"Centurion and Healer","floor":21,"turns":9},{"damage":29,"enemies":"Slavers","floor":24,"turns":1}],"seed_played":"5252877903698401718","potions_obtained":[{"floor":1,"key":"LiquidBronze"},{"floor":2,"key":"Ancient Potion"}],"is_trial":false,"path_per_floor":["?","M","?"],"character_chosen":"DEFECT","items_purchased":["Runic Capacitor","Glacier","Defragment","Blizzard","Happy Flower"],"campfire_rested":0,"item_purchase_floors":[5,5,5,19,19],"current_hp_per_floor":[64,64,58,56,56,56,45,45,45,45,34,34,33,32,32,11,51,50,50,35,26,26,26,0],"gold":52,"neow_bonus":"TWO_FIFTY_GOLD","is_prod":false,"is_daily":false,"chose_seed":false,"campfire_upgraded":5,"win_rate":0,"timestamp":1548118715,"path_taken":["M","M","?","M","$","R","E","R","T","E","?","R","M","M","R","BOSS","M","$","M","M","?","R","E"],"build_version":"2019-01-20","purchased_purges":1,"victory":false,"max_hp_per_floor":[64,64,64,64,64,64,64,64,64,64,64,64,64,64,64,64,64,64,64,64,64,64,64,64],"card_choices":[{"not_picked":["Scrape","Double Energy"],"picked":"Compile Driver","floor":1},{"not_picked":["Streamline","Heatsinks"],"picked":"Undo","floor":2},{"not_picked":["White Noise","Sunder"],"picked":"Defragment","floor":4},{"not_picked":["Leap","All For One"],"picked":"Sweeping Beam","floor":7},{"not_picked":["Defragment","Turbo"],"picked":"Glacier","floor":10},{"not_picked":["Sweeping Beam","Auto Shields","Hologram"],"picked":"SKIP","floor":11},{"not_picked":["Leap","Steam"],"picked":"Reinforced Body","floor":13},{"not_picked":["Hologram","Conserve Battery"],"picked":"Blizzard","floor":14},{"not_picked":["Machine Learning","All For One"],"picked":"Creative AI","floor":16},{"not_picked":[],"picked":"Barrage","floor":18},{"not_picked":["Go for the Eyes"],"picked":"SKIP","floor":20},{"not_picked":["Storm"],"picked":"SKIP","floor":21}],"player_experience":1863668,"relics_obtained":[{"floor":7,"key":"Girya"},{"floor":10,"key":"Bag of Marbles"}],"event_choices":[{"damage_healed":0,"gold_gain":50,"player_choice":"Touch","damage_taken":6,"max_hp_gain":0,"max_hp_loss":0,"event_name":"FaceTrader","floor":3,"gold_loss":0},{"damage_healed":0,"gold_gain":0,"player_choice":"Ignored","damage_taken":0,"max_hp_gain":0,"max_hp_loss":0,"event_name":"Ghosts","floor":22,"gold_loss":0}],"is_beta":true,"boss_relics":[{"not_picked":["Eternal Feather","Coffee Dripper"],"picked":"Busted Crown"}],"items_purged_floors":[19],"is_endless":false,"potions_floor_spawned":[1,2,7,11,16,20,21],"killed_by":"Slavers","ascension_level":15}