{"gold_per_floor":[113,125,141,141,74,74,93,93,116,116,130,130,140,169,169,267,267,281,281,281,295,39,39,56,74,74,84,84,100,114,114,114,212,212,229,247,265,284,295,295,138,157,157,157,170,170,170,187,187,187],"floor_reached":50,"playtime":3634,"items_purged":[],"score":477,"play_id":"791261a1-f350-424f-84aa-63937109ea13","local_time":"20190314142756","is_ascension_mode":false,"campfire_choices":[{"data":"Inflame","floor":6.0,"key":"SMITH"},{"data":"Evolve","floor":8.0,"key":"SMITH"},{"data":"Cleave","floor":10.0,"key":"SMITH"},{"data":"Armaments","floor":15.0,"key":"SMITH"},{"data":"Wild Strike","floor":23.0,"key":"SMITH"},{"floor":28.0,"key":"REST"},{"floor":32.0,"key":"REST"},{"floor":40.0,"key":"REST"},{"floor":44.0,"key":"REST"},{"data":"Flame Barrier","floor":47.0,"key":"SMITH"},{"data":"Anger","floor":49.0,"key":"SMITH"}],"neow_cost":"NONE","seed_source_timestamp":75137227022141,"circlet_count":0,"master_deck":["Strike_R+1","Strike_R+1","Strike_R+1","Defend_R+1","Defend_R+1","Defend_R+1","Defend_R+1","Bash","Cleave","Evolve+1","Inflame+1","Cleave+1","Bludgeon","Shrug It Off+1","Armaments+1","Feed+1","Seeing Red+1","Heavy Blade+1","Blood for Blood+1","Wild Strike+1","Pommel Strike","Anger+1","Flame Barrier+1","Reckless Charge","Feed","Sword Boomerang+1","Parasite","Pummel+1","Metallicize+1","Rage"],"special_seed":0,"relics":["Burning Blood","Vajra","Potion Belt","Astrolabe","Shuriken","Lantern","Mark of Pain","Bronze Scales","Self Forming Clay"],"potions_floor_usage":[],"damage_taken":[{"damage":10.0,"enemies":"Small Slimes","floor":1.0,"turns":5.0},{"damage":6.0,"enemies":"Jaw Worm","floor":2.0,"turns":4.0},{"damage":0.0,"enemies":"Cultist","floor":3.0,"turns":4.0},{"damage":2.0,"enemies":"2 Fungi Beasts","floor":7.0,"turns":4.0},{"damage":6.0,"enemies":"Gremlin Gang","floor":11.0,"turns":2.0},{"damage":5.0,"enemies":"Looter","floor":13.0,"turns":3.0},{"damage":28.0,"enemies":"Gremlin Nob","floor":14.0,"turns":4.0},{"damage":37.0,"enemies":"The Guardian","floor":16.0,"turns":12.0},{"damage":12.0,"enemies":"2 Thieves","floor":18.0,"turns":4.0},{"damage":12.0,"enemies":"Spheric Guardian","floor":21.0,"turns":5.0},{"damage":36.0,"enemies":"Snake Plant","floor":24.0,"turns":4.0},{"damage":16.0,"enemies":"Cultist and Chosen","floor":25.0,"turns":5.0},{"damage":27.0,"enemies":"Centurion and Healer","floor":27.0,"turns":5.0},{"damage":0.0,"enemies":"3 Cultists","floor":29.0,"turns":3.0},{"damage":7.0,"enemies":"Snecko","floor":30.0,"turns":5.0},{"damage":52.0,"enemies":"Automaton","floor":33.0,"turns":9.0},{"damage":0.0,"enemies":"3 Shapes","floor":35.0,"turns":2.0},{"damage":17.0,"enemies":"3 Darklings","floor":36.0,"turns":4.0},{"damage":27.0,"enemies":"Writhing Mass","floor":37.0,"turns":9.0},{"damage":26.0,"enemies":"Transient","floor":38.0,"turns":5.0},{"damage":23.0,"enemies":"Jaw Worm Horde","floor":39.0,"turns":4.0},{"damage":32.0,"enemies":"4 Shapes","floor":42.0,"turns":6.0},{"damage":30.0,"enemies":"Spire Growth","floor":45.0,"turns":4.0},{"damage":19.0,"enemies":"3 Darklings","floor":48.0,"turns":5.0},{"damage":98,"enemies":"Donu and Deca","floor":50,"turns":7}],"seed_played":"-5973932875008366451","potions_obtained":[{"floor":0.0,"key":"Dexterity Potion"},{"floor":0.0,"key":"AttackPotion"},{"floor":0.0,"key":"Energy Potion"},{"floor":2.0,"key":"PowerPotion"},{"floor":16.0,"key":"Explosive Potion"},{"floor":18.0,"key":"Regen Potion"},{"floor":24.0,"key":"AttackPotion"},{"floor":27.0,"key":"Regen Potion"},{"floor":33.0,"key":"FearPotion"},{"floor":35.0,"key":"SpeedPotion"},{"floor":36.0,"key":"Block Potion"},{"floor":45.0,"key":"Weak Potion"}],"is_trial":false,"path_per_floor":["?","?","?","?","M","?","M","?"],"character_chosen":"IRONCLAD","items_purchased":["Inflame","Shuriken","Bronze Scales"],"campfire_rested":4,"item_purchase_floors":[5,22,41],"current_hp_per_floor":[76,76,80,85,85,85,85,85,85,85,85,85,85,63,63,32,85,79,79,79,77,77,77,47,37,37,30,56,66,65,65,92,60,93,97,86,65,45,31,61,61,38,38,68,44,103,103,94,94,0],"gold":187,"neow_bonus":"THREE_SMALL_POTIONS","is_prod":false,"is_daily":false,"chose_seed":false,"campfire_upgraded":7,"win_rate":0.0,"timestamp":1552570076,"path_taken":["M","M","M","?","$","R","M","R","T","R","M","?","M","E","R","BOSS","M","?","?","M","$","R","M","M","T","M","R","?","M","?","R","BOSS","M","M","?","M","M","R","$","M","T","R","M","?","R","M","R","BOSS"],"build_version":"2019-01-23","purchased_purges":0,"victory":false,"max_hp_per_floor":[80,80,80,85,85,85,85,85,85,85,85,85,85,85,85,85,85,85,85,85,89,89,89,89,89,89,89,89,93,93,93,93,93,93,97,97,97,97,100,100,100,103,103,103,103,103,103,107,107,107],"card_choices":[{"not_picked":["Headbutt","Combust"],"picked":"Cleave","floor":1.0},{"not_picked":["Warcry","Uppercut"],"picked":"Clash","floor":2.0},{"not_picked":["Carnage","Wild Strike"],"picked":"Evolve","floor":3.0},{"not_picked":["Warcry","Body Slam"],"picked":"Cleave","floor":7.0},{"not_picked":["Entrench","Rampage"],"picked":"Bludgeon","floor":11.0},{"not_picked":["Body Slam","Uppercut"],"picked":"Shrug It Off","floor":13.0},{"not_picked":["Clash","Hemokinesis"],"picked":"Armaments","floor":14.0},{"not_picked":["Fiend Fire","Impervious"],"picked":"Feed","floor":16.0},{"not_picked":["Uppercut+1","Rage+1"],"picked":"Wild Strike","floor":18.0},{"not_picked":["Blood for Blood","Iron Wave"],"picked":"Pommel Strike","floor":21.0},{"not_picked":["Body Slam","Perfected Strike","Clothesline"],"picked":"SKIP","floor":24.0},{"not_picked":["Shockwave","Carnage"],"picked":"Anger","floor":25.0},{"not_picked":["Offering","Reckless Charge"],"picked":"Flame Barrier","floor":27.0},{"not_picked":["Armaments","Shockwave+1"],"picked":"Fire Breathing+1","floor":29.0},{"not_picked":["Disarm","Shrug It Off"],"picked":"Reckless Charge","floor":30.0},{"not_picked":["Bludgeon","Berserk"],"picked":"Feed","floor":33.0},{"not_picked":["Twin Strike","Cleave","Fire Breathing+1"],"picked":"SKIP","floor":35.0},{"not_picked":["Clash","Second Wind"],"picked":"Sword Boomerang+1","floor":36.0},{"not_picked":["Headbutt","Blood for Blood","Dark Embrace"],"picked":"SKIP","floor":37.0},{"not_picked":["Armaments","Warcry"],"picked":"Pummel+1","floor":38.0},{"not_picked":["Dropkick","Body Slam+1","True Grit+1"],"picked":"SKIP","floor":39.0},{"not_picked":["Offering","Evolve","Headbutt"],"picked":"SKIP","floor":42.0},{"not_picked":["Armaments+1","Pommel Strike"],"picked":"Metallicize+1","floor":45.0},{"not_picked":["Clothesline+1","Corruption+1"],"picked":"Rage","floor":48.0}],"player_experience":63961,"relics_obtained":[{"floor":9.0,"key":"Vajra"},{"floor":14.0,"key":"Potion Belt"},{"floor":26.0,"key":"Lantern"},{"floor":43.0,"key":"Self Forming Clay"}],"event_choices":[{"damage_healed":0.0,"max_hp_gain":5.0,"max_hp_loss":0.0,"gold_gain":0.0,"event_name":"Big Fish","player_choice":"Donut","floor":4.0,"gold_loss":0.0,"damage_taken":0.0},{"damage_healed":0.0,"max_hp_gain":0.0,"max_hp_loss":0.0,"gold_gain":0.0,"event_name":"Liars Game","player_choice":"Ignored","floor":12.0,"gold_loss":0.0,"damage_taken":0.0},{"damage_healed":0.0,"max_hp_gain":0.0,"max_hp_loss":0.0,"gold_gain":0.0,"event_name":"Back to Basics","player_choice":"Simplicity","floor":19.0,"gold_loss":0.0,"damage_taken":0.0,"cards_upgraded":["Strike_R","Strike_R","Strike_R","Defend_R","Defend_R","Defend_R","Defend_R"]},{"damage_healed":0.0,"max_hp_gain":0.0,"max_hp_loss":0.0,"gold_gain":0.0,"event_name":"Upgrade Shrine","player_choice":"Upgraded","floor":20.0,"gold_loss":0.0,"damage_taken":0.0,"cards_upgraded":["Feed"]},{"damage_healed":0.0,"max_hp_gain":0.0,"max_hp_loss":0.0,"gold_gain":0.0,"event_name":"Accursed Blacksmith","player_choice":"Forge","floor":31.0,"gold_loss":0.0,"damage_taken":0.0,"cards_upgraded":["Shrug It Off"]},{"cards_removed":["Fire Breathing"],"damage_healed":59.0,"max_hp_gain":0.0,"max_hp_loss":0.0,"gold_gain":0.0,"event_name":"Bonfire Elementals","player_choice":"Offered Uncommon","floor":46.0,"gold_loss":0.0,"damage_taken":0.0}],"is_beta":false,"boss_relics":[{"not_picked":["Philosopher\u0027s Stone","Snecko Eye"],"picked":"Astrolabe"},{"not_picked":["Calling Bell","Lizard Tail"],"picked":"Mark of Pain"}],"items_purged_floors":[],"is_endless":false,"potions_floor_spawned":[2,7,16,18,24,27,33,35,36,45],"killed_by":"Donu and Deca","ascension_level":0}