{"gold_per_floor":[116,129,129,80,91,91,124,124,124,25,54,89,122,139,139,213,213,230,230,13,24,24,355,381,391,391,391,425,425,425,437,437,511,511,528,544,448,448,463,493,493,493,493,521,541,569,364,364,364,364,364,364,65,97,97],"floor_reached":56,"playtime":2892,"items_purged":[],"score":2440,"play_id":"67127728-a4ef-4f81-9b58-e4e4e9af9fde","local_time":"20190225005217","is_ascension_mode":true,"campfire_choices":[{"data":"Noxious Fumes","floor":6,"key":"SMITH"},{"data":"Sucker Punch","floor":8,"key":"SMITH"},{"data":"1","floor":15,"key":"LIFT"},{"data":"Apotheosis","floor":27,"key":"SMITH"},{"data":"2","floor":30,"key":"LIFT"},{"floor":32,"key":"RECALL"},{"data":"3","floor":42,"key":"LIFT"},{"data":"Malaise","floor":49,"key":"SMITH"},{"data":"After Image","floor":52,"key":"SMITH"}],"neow_cost":"NONE","seed_source_timestamp":645224831563819,"circlet_count":0,"master_deck":["AscendersBane","Defend_G","Defend_G","Defend_G","Defend_G","Defend_G","Survivor","Backflip","Dash","Noxious Fumes+1","Sucker Punch+1","Footwork","Dagger Spray","Leg Sweep","Malaise+1","After Image+1","Bite","Bite","Bite","Bite","Bite","Apotheosis+1","Backflip+1","Well Laid Plans","Catalyst","Skewer+1","Malaise","PiercingWail+1","Envenom","Dodge and Roll","Crippling Poison+1"],"relics":["Velvet Choker","WingedGreaves","Mummified Hand","Girya","Strawberry","Bottled Tornado","Ice Cream","Black Star","Nilry\u0027s Codex","Old Coin","Question Card","Paper Crane","Bag of Marbles","Pocketwatch","Omamori","Dodecahedron","Empty Cage","Gambling Chip","Bag of Preparation","Anchor","Ancient Tea Set","Blue Candle","War Paint","Pantograph","Centennial Puzzle","Art of War","Mercury Hourglass"],"potions_floor_usage":[7,20,23,37,55,55],"damage_taken":[{"damage":2,"enemies":"Small Slimes","floor":1,"turns":5},{"damage":4,"enemies":"2 Louse","floor":2,"turns":3},{"damage":0,"enemies":"Jaw Worm","floor":5,"turns":5},{"damage":14,"enemies":"Gremlin Nob","floor":7,"turns":5},{"damage":0,"enemies":"Lagavulin","floor":11,"turns":7},{"damage":8,"enemies":"3 Sentries","floor":12,"turns":7},{"damage":1,"enemies":"Lagavulin","floor":13,"turns":6},{"damage":2,"enemies":"2 Fungi Beasts","floor":14,"turns":3},{"damage":0,"enemies":"Hexaghost","floor":16,"turns":11},{"damage":1,"enemies":"Shell Parasite","floor":18,"turns":7},{"damage":2,"enemies":"3 Byrds","floor":21,"turns":5},{"damage":10,"enemies":"Gremlin Leader","floor":23,"turns":7},{"damage":12,"enemies":"Book of Stabbing","floor":24,"turns":8},{"damage":5,"enemies":"Shelled Parasite and Fungi","floor":25,"turns":6},{"damage":20,"enemies":"Slavers","floor":28,"turns":6},{"damage":16,"enemies":"Centurion and Healer","floor":31,"turns":6},{"damage":10,"enemies":"Automaton","floor":33,"turns":9},{"damage":3,"enemies":"Orb Walker","floor":35,"turns":3},{"damage":24,"enemies":"3 Shapes","floor":36,"turns":6},{"damage":0,"enemies":"Maw","floor":39,"turns":7},{"damage":0,"enemies":"Giant Head","floor":40,"turns":9},{"damage":0,"enemies":"Nemesis","floor":44,"turns":7},{"damage":0,"enemies":"Transient","floor":45,"turns":5},{"damage":0,"enemies":"Giant Head","floor":46,"turns":10},{"damage":16,"enemies":"Awakened One","floor":50,"turns":18},{"damage":0,"enemies":"Shield and Spear","floor":54,"turns":9},{"damage":20,"enemies":"The Heart","floor":55,"turns":7}],"seed_played":"-8640948560414229731","potions_obtained":[{"floor":5,"key":"EssenceOfSteel"},{"floor":11,"key":"Block Potion"},{"floor":12,"key":"FearPotion"},{"floor":18,"key":"Fruit Juice"},{"floor":21,"key":"SteroidPotion"},{"floor":33,"key":"LiquidBronze"},{"floor":44,"key":"Poison Potion"},{"floor":45,"key":"Poison Potion"}],"is_trial":false,"path_per_floor":["M","M","?","?","M","R","E","R","T","$","E","E","E","M","R","B",null,"M","?","$","M","?","E","E","M","T","R","E","?","R","M","R","B",null,"M","M","$","?","M","E","?","R","T","E","M","E","$","?","R","B",null,"R","$","E","B",null],"character_chosen":"THE_SILENT","items_purchased":["Footwork","Dagger Spray","Apotheosis","Backflip","Fruit Juice","Envenom","Dodge and Roll","Centennial Puzzle","Art of War"],"campfire_rested":0,"item_purchase_floors":[10,10,20,20,37,47,47,53,53],"current_hp_per_floor":[57,53,48,48,48,48,34,34,34,34,41,33,32,30,30,30,62,61,51,56,56,35,43,55,56,56,56,56,56,56,56,56,56,56,56,47,52,52,61,61,61,61,61,61,61,61,61,61,61,61,61,61,61,61,54],"gold":97,"neow_bonus":"BOSS_RELIC","is_prod":false,"is_daily":false,"chose_seed":false,"campfire_upgraded":5,"win_rate":0,"timestamp":1551073937,"path_taken":["M","M","?","?","M","R","E","R","T","?","E","E","E","M","R","BOSS","M","?","$","M","?","E","E","M","T","R","E","?","R","M","R","BOSS","M","M","$","?","?","E","?","R","T","E","?","E","$","?","R","BOSS","R","$","E","BOSS"],"build_version":"2019-02-06","purchased_purges":0,"victory":true,"max_hp_per_floor":[66,66,66,66,66,66,66,66,66,66,73,73,73,73,73,73,73,73,51,56,56,56,56,56,56,56,56,56,56,56,56,56,56,56,56,56,61,61,61,61,61,61,61,61,61,61,61,61,61,61,61,61,61,61,61],"card_choices":[{"not_picked":["Quick Slash","Distraction"],"picked":"Backflip","floor":1},{"not_picked":["Underhanded Strike","Blade Dance"],"picked":"Dash","floor":2},{"not_picked":["Flying Knee","Cloak And Dagger"],"picked":"Noxious Fumes","floor":5},{"not_picked":["Cloak And Dagger","Outmaneuver"],"picked":"Sucker Punch","floor":7},{"not_picked":["Blade Dance","Cloak And Dagger","Endless Agony"],"picked":"SKIP","floor":11},{"not_picked":["Flying Knee","Footwork"],"picked":"Leg Sweep","floor":12},{"not_picked":["Underhanded Strike","Heel Hook","Distraction"],"picked":"SKIP","floor":13},{"not_picked":["Tactician","Sucker Punch"],"picked":"Malaise","floor":14},{"not_picked":["Tools of the Trade","Envenom"],"picked":"After Image","floor":16},{"not_picked":["Slice","Outmaneuver"],"picked":"Terror","floor":18},{"not_picked":["Prepared","Outmaneuver","Deflect"],"picked":"SKIP","floor":21},{"not_picked":["Acrobatics","Caltrops"],"picked":"Well Laid Plans","floor":23},{"not_picked":["Poisoned Stab","Leg Sweep","All Out Attack"],"picked":"Catalyst","floor":24},{"not_picked":["Blade Dance","Setup","Riddle With Holes","Slice"],"picked":"SKIP","floor":25},{"not_picked":["Caltrops","Burst","Backflip"],"picked":"Skewer+1","floor":28},{"not_picked":["Flying Knee","Predator","Skewer","Outmaneuver"],"picked":"SKIP","floor":31},{"not_picked":["Glass Knife","Corpse Explosion","Grand Finale"],"picked":"Malaise","floor":33},{"not_picked":["Dagger Throw+1","Accuracy+1","Slice+1","Flechettes"],"picked":"SKIP","floor":35},{"not_picked":["Backflip","Bane","Riddle With Holes","Tactician"],"picked":"SKIP","floor":36},{"not_picked":["All Out Attack","Accuracy","Flechettes+1","Calculated Gamble"],"picked":"SKIP","floor":39},{"not_picked":["Dodge and Roll","Cloak And Dagger","Bullet Time"],"picked":"PiercingWail","floor":40},{"not_picked":["Predator+1","Masterful Stab","Accuracy","Eviscerate"],"picked":"SKIP","floor":44},{"not_picked":["Bane","PiercingWail","Choke","Backflip"],"picked":"SKIP","floor":45},{"not_picked":["Finisher+1","Dodge and Roll","Cloak And Dagger","Concentrate+1"],"picked":"SKIP","floor":46},{"not_picked":["Footwork","Grand Finale","Finisher"],"picked":"Crippling Poison+1","floor":54}],"player_experience":2038593,"relics_obtained":[{"floor":7,"key":"Mummified Hand"},{"floor":9,"key":"Girya"},{"floor":11,"key":"Strawberry"},{"floor":12,"key":"Bottled Tornado"},{"floor":13,"key":"Ice Cream"},{"floor":22,"key":"Nilry\u0027s Codex"},{"floor":23,"key":"Old Coin"},{"floor":23,"key":"Question Card"},{"floor":24,"key":"Paper Crane"},{"floor":24,"key":"Bag of Marbles"},{"floor":26,"key":"Pocketwatch"},{"floor":28,"key":"Omamori"},{"floor":28,"key":"Dodecahedron"},{"floor":38,"key":"Gambling Chip"},{"floor":40,"key":"Bag of Preparation"},{"floor":40,"key":"Anchor"},{"floor":44,"key":"Ancient Tea Set"},{"floor":44,"key":"Blue Candle"},{"floor":46,"key":"War Paint"},{"floor":46,"key":"Pantograph"},{"floor":54,"key":"Mercury Hourglass"}],"event_choices":[{"damage_healed":0,"gold_gain":0,"player_choice":"Success","damage_taken":5,"relics_obtained":["WingedGreaves"],"max_hp_gain":0,"max_hp_loss":0,"event_name":"Scrap Ooze","floor":3,"gold_loss":0},{"damage_healed":0,"gold_gain":0,"player_choice":"Left Gold","damage_taken":0,"max_hp_gain":0,"max_hp_loss":0,"event_name":"World of Goop","floor":4,"gold_loss":49},{"damage_healed":0,"gold_gain":0,"player_choice":"Became a vampire","damage_taken":0,"max_hp_gain":0,"max_hp_loss":22,"event_name":"Vampires","floor":19,"gold_loss":0,"cards_obtained":["Bite","Bite","Bite","Bite","Bite"]},{"damage_healed":0,"gold_gain":0,"player_choice":"Obtained Book","damage_taken":21,"max_hp_gain":0,"max_hp_loss":0,"event_name":"Cursed Tome","floor":22,"gold_loss":0},{"damage_healed":0,"gold_gain":0,"cards_transformed":["Neutralize"],"player_choice":"Transformed","damage_taken":0,"max_hp_gain":0,"max_hp_loss":0,"event_name":"Transmorgrifier","floor":29,"gold_loss":0,"cards_obtained":["Grand Finale"]},{"damage_healed":0,"gold_gain":0,"player_choice":"Relic","damage_taken":0,"max_hp_gain":0,"max_hp_loss":0,"event_name":"Wheel of Change","floor":38,"gold_loss":0},{"damage_healed":0,"gold_gain":0,"player_choice":"Leave","damage_taken":0,"max_hp_gain":0,"max_hp_loss":0,"event_name":"FaceTrader","floor":41,"gold_loss":0},{"damage_healed":12,"gold_gain":0,"player_choice":"Writhe","damage_taken":0,"max_hp_gain":0,"max_hp_loss":0,"event_name":"Winding Halls","floor":48,"gold_loss":0,"cards_obtained":["Writhe"]}],"is_beta":true,"boss_relics":[{"not_picked":["Cursed Key","WristBlade"],"picked":"Black Star"},{"not_picked":["White Beast Statue","Fusion Hammer"],"picked":"Empty Cage"}],"items_purged_floors":[],"is_endless":false,"potions_floor_spawned":[5,11,12,14,16,18,21,33,44,45],"ascension_level":15}