{"gold_per_floor":[165,177,177,191,41,41,74,74,74,112,125,139,158,138,138,257,257,281,306,327,81,102,102,145,170,193,206,206,230,266,291,291,421,421,445,460,475,475,177,177,197,197,220,220,244,244,41,41,41,41,41,41,41,41],"floor_reached":54,"playtime":7678,"items_purged":["Zap"],"score":768,"play_id":"2f5dd7e4-82ff-4658-ab34-59c8c42905cd","local_time":"20190314103823","is_ascension_mode":true,"campfire_choices":[{"data":"Sunder","floor":6.0,"key":"SMITH"},{"floor":8.0,"key":"REST"},{"data":"Recycle","floor":15.0,"key":"SMITH"},{"floor":23.0,"key":"REST"},{"floor":28.0,"key":"REST"},{"floor":32.0,"key":"REST"},{"floor":40,"key":"REST"},{"floor":42,"key":"RECALL"},{"floor":46,"key":"REST"},{"floor":49,"key":"REST"},{"floor":52,"key":"REST"}],"neow_cost":"NONE","seed_source_timestamp":0,"circlet_count":0,"master_deck":["Strike_B","Strike_B","Strike_B+1","Defend_B","Defend_B","Defend_B","Defend_B","Dualcast+1","Gash+1","Sunder+1","Hologram","Conserve Battery","Machine Learning","Recycle+1","Machine Learning","Tempest","Ball Lightning","Echo Form","Go for the Eyes+1","Conserve Battery","Loop","FTL","Storm","Double Energy","Creative AI","Conserve Battery+1","Reinforced Body","Secret Weapon","Chill+1"],"special_seed":0,"relics":["Tiny House","Golden Idol","FossilizedHelix","Thread and Needle","Shuriken","Fusion Hammer","Bottled Tornado","Symbiotic Virus","Bag of Preparation","Art of War","Nuclear Battery","Pen Nib","Whetstone"],"potions_floor_usage":[50,50,50],"damage_taken":[{"damage":9.0,"enemies":"Jaw Worm","floor":1.0,"turns":4.0},{"damage":1.0,"enemies":"Cultist","floor":2.0,"turns":3.0},{"damage":0.0,"enemies":"2 Louse","floor":4.0,"turns":2.0},{"damage":15.0,"enemies":"3 Sentries","floor":7.0,"turns":6.0},{"damage":13.0,"enemies":"Gremlin Nob","floor":10.0,"turns":4.0},{"damage":0.0,"enemies":"Looter","floor":11.0,"turns":3.0},{"damage":0.0,"enemies":"Exordium Wildlife","floor":12.0,"turns":3.0},{"damage":0.0,"enemies":"3 Louse","floor":13.0,"turns":3.0},{"damage":38.0,"enemies":"Hexaghost","floor":16.0,"turns":8.0},{"damage":0.0,"enemies":"Chosen","floor":18.0,"turns":3.0},{"damage":11.0,"enemies":"2 Thieves","floor":19.0,"turns":3.0},{"damage":26.0,"enemies":"Snake Plant","floor":20.0,"turns":3.0},{"damage":17.0,"enemies":"Chosen and Byrds","floor":22.0,"turns":6.0},{"damage":60.0,"enemies":"Slavers","floor":24.0,"turns":5.0},{"damage":0.0,"enemies":"3 Cultists","floor":25.0,"turns":5.0},{"damage":0.0,"enemies":"Snecko","floor":27.0,"turns":3.0},{"damage":15.0,"enemies":"Cultist and Chosen","floor":29.0,"turns":5.0},{"damage":13.0,"enemies":"Book of Stabbing","floor":30.0,"turns":4.0},{"damage":0.0,"enemies":"Centurion and Healer","floor":31.0,"turns":3.0},{"damage":21.0,"enemies":"Automaton","floor":33.0,"turns":8.0},{"damage":0,"enemies":"Orb Walker","floor":35,"turns":3},{"damage":0,"enemies":"3 Shapes","floor":36,"turns":3},{"damage":8,"enemies":"Writhing Mass","floor":37,"turns":4},{"damage":0,"enemies":"Transient","floor":41,"turns":5},{"damage":0,"enemies":"Sphere and 2 Shapes","floor":45,"turns":4},{"damage":52,"enemies":"Awakened One","floor":50,"turns":12},{"damage":89,"enemies":"Shield and Spear","floor":54,"turns":5}],"seed_played":"561693315257648442","potions_obtained":[{"floor":0.0,"key":"FairyPotion"},{"floor":2.0,"key":"SneckoOil"},{"floor":11.0,"key":"Fruit Juice"},{"floor":12.0,"key":"Block Potion"},{"floor":14.0,"key":"LiquidBronze"},{"floor":18.0,"key":"Ancient Potion"},{"floor":20.0,"key":"AttackPotion"},{"floor":25.0,"key":"Fire Potion"},{"floor":30.0,"key":"SkillPotion"},{"floor":35,"key":"Dexterity Potion"},{"floor":37,"key":"Weak Potion"},{"floor":41,"key":"FocusPotion"}],"is_trial":false,"path_per_floor":["M","M","?","M","$","R","E","R","T","E","M","M","M","?","R","B",null,"M","M","M","$","M","R","E","M","T","M","R","M","E","M","R","B",null,"M","M","M","?","$","R","M","R","T","?","M","R","$","?","R","B",null,"R","$","E"],"character_chosen":"DEFECT","items_purchased":["Machine Learning","Bottled Tornado","Reinforced Body","Pen Nib","Whetstone","PowerPotion"],"campfire_rested":8,"item_purchase_floors":[5,21,39,39,47,47],"current_hp_per_floor":[71,70,70,70,70,70,55,74,74,61,66,66,66,66,66,28,79,79,68,42,42,25,48,7,7,7,7,30,15,2,2,25,4,79,79,79,71,71,71,79,79,79,79,79,79,79,79,79,79,27,79,79,79,0],"gold":41,"neow_bonus":"BOSS_RELIC","is_prod":false,"is_daily":false,"chose_seed":false,"campfire_upgraded":2,"win_rate":0,"timestamp":1552574303,"path_taken":["M","M","?","M","$","R","E","R","T","E","M","M","M","?","R","BOSS","M","M","M","$","M","R","E","M","T","M","R","?","E","M","R","BOSS","M","M","M","?","$","R","M","R","T","?","M","R","?","?","R","BOSS","R","$","E"],"build_version":"2019-01-23","purchased_purges":1,"victory":false,"max_hp_per_floor":[80,80,74,74,74,74,74,74,74,74,79,79,79,79,79,79,79,79,79,79,79,79,79,79,79,79,79,79,79,79,79,79,79,79,79,79,79,79,79,79,79,79,79,79,79,79,79,79,79,79,79,79,79,79],"card_choices":[{"not_picked":["Stack","Sweeping Beam"],"picked":"Gash","floor":0.0},{"not_picked":["Self Repair","Reinforced Body"],"picked":"Sunder","floor":1.0},{"not_picked":["Streamline","Melter"],"picked":"Hologram","floor":2.0},{"not_picked":["Cold Snap","Streamline"],"picked":"Conserve Battery","floor":4.0},{"not_picked":["Auto Shields","Scrape"],"picked":"Recycle","floor":7.0},{"not_picked":["Reprogram","Stack"],"picked":"Machine Learning","floor":10.0},{"not_picked":["Stack","Blizzard","Beam Cell"],"picked":"SKIP","floor":11.0},{"not_picked":["Hologram","Cold Snap"],"picked":"Tempest","floor":12.0},{"not_picked":["Blizzard","Force Field"],"picked":"Ball Lightning","floor":13.0},{"not_picked":["Core Surge","Biased Cognition"],"picked":"Echo Form","floor":16.0},{"not_picked":["Streamline","Leap+1"],"picked":"Go for the Eyes+1","floor":18.0},{"not_picked":["Turbo","Reprogram","Stack+1"],"picked":"SKIP","floor":19.0},{"not_picked":["Rebound","Sweeping Beam"],"picked":"Conserve Battery","floor":20.0},{"not_picked":["Rip and Tear","Reprogram","Cold Snap+1"],"picked":"SKIP","floor":22.0},{"not_picked":["Redo","Doom and Gloom+1"],"picked":"Loop","floor":24.0},{"not_picked":["Tempest","Barrage"],"picked":"FTL","floor":25.0},{"not_picked":["Meteor Strike","Steam Power","Sweeping Beam"],"picked":"SKIP","floor":27.0},{"not_picked":["Conserve Battery","Stack"],"picked":"Storm","floor":29.0},{"not_picked":["Doom and Gloom","Compile Driver","Go for the Eyes"],"picked":"SKIP","floor":30.0},{"not_picked":["Streamline+1","Leap+1"],"picked":"Double Energy","floor":31.0},{"not_picked":["Amplify","Core Surge"],"picked":"Creative AI","floor":33.0},{"not_picked":["Ball Lightning","Go for the Eyes+1","Streamline+1"],"picked":"SKIP","floor":35},{"not_picked":["Go for the Eyes+1","Reprogram+1","Hologram"],"picked":"SKIP","floor":36},{"not_picked":["Sweeping Beam","Heatsinks"],"picked":"Conserve Battery+1","floor":37},{"not_picked":["Ball Lightning","Reinforced Body+1","Compile Driver+1"],"picked":"SKIP","floor":41},{"not_picked":["Magnetism","HandOfGreed"],"picked":"Secret Weapon","floor":44},{"not_picked":["Go for the Eyes","Redo"],"picked":"Chill+1","floor":45}],"player_experience":134783,"relics_obtained":[{"floor":7.0,"key":"FossilizedHelix"},{"floor":9.0,"key":"Thread and Needle"},{"floor":10.0,"key":"Shuriken"},{"floor":24.0,"key":"Symbiotic Virus"},{"floor":26.0,"key":"Bag of Preparation"},{"floor":30.0,"key":"Art of War"}],"event_choices":[{"damage_healed":0.0,"max_hp_gain":0.0,"max_hp_loss":6.0,"gold_gain":0.0,"event_name":"Golden Idol","player_choice":"Lose Max HP","floor":3.0,"gold_loss":0.0,"damage_taken":0.0,"relics_obtained":["Golden Idol"]},{"damage_healed":0.0,"max_hp_gain":0.0,"max_hp_loss":0.0,"gold_gain":0.0,"event_name":"The Woman in Blue","player_choice":"Bought 1 Potion","floor":14.0,"gold_loss":0.0,"damage_taken":0.0},{"damage_healed":0,"gold_gain":0,"player_choice":"Ignored","damage_taken":0,"max_hp_gain":0,"max_hp_loss":0,"event_name":"Mysterious Sphere","floor":38,"gold_loss":0},{"damage_healed":0,"gold_gain":0,"player_choice":"Memory 1","damage_taken":0,"max_hp_gain":0,"max_hp_loss":0,"event_name":"SensoryStone","floor":44,"gold_loss":0},{"cards_removed":["Strike_B"],"damage_healed":0,"gold_gain":0,"player_choice":"Purged","damage_taken":0,"max_hp_gain":0,"max_hp_loss":0,"event_name":"Purifier","floor":48,"gold_loss":0}],"is_beta":false,"boss_relics":[{"not_picked":["Inserter","White Beast Statue"],"picked":"Fusion Hammer"},{"not_picked":["Snecko Eye","Lizard Tail"],"picked":"Nuclear Battery"}],"items_purged_floors":[39],"is_endless":false,"potions_floor_spawned":[2,11,12,18,19,20,25,30,35,37,41],"killed_by":"Shield and Spear","ascension_level":3}