{"gold_per_floor":[117,67,242,242,259,259,219,231,299,319,344,357,385,403,403,508,508,489,489,489,489,499,499,352,382,382,18,29,29,29,60,60,60],"floor_reached":33,"playtime":2426,"items_purged":[],"score":380,"play_id":"a3bd0c54-97de-4e79-99a8-f41e472495d8","local_time":"20190306064014","is_ascension_mode":true,"campfire_choices":[{"data":"Distraction","floor":6,"key":"SMITH"},{"data":"Distraction","floor":15,"key":"SMITH"},{"floor":23,"key":"REST"},{"floor":29,"key":"REST"},{"floor":32,"key":"REST"}],"neow_cost":"NONE","seed_source_timestamp":327509185304093,"circlet_count":0,"master_deck":["Defend_G","Defend_G","Defend_G","Defend_G","Defend_G","Strike_G","Strike_G","Strike_G","Strike_G","Survivor","Neutralize","Distraction+1","Distraction+1","Cloak And Dagger","Escape Plan","Prepared","Backstab","Cloak And Dagger","Escape Plan","Deadly Poison","Burst","Dodge and Roll","Footwork","RitualDagger+1","Blade Dance+1","After Image","Cloak And Dagger","Tools of the Trade","Infinite Blades","Deadly Poison+1"],"relics":["Orrery","Spirit Poop","The Courier","Snake Skull","Molten Egg 2","Lizard Tail","Happy Flower","Art of War","Membership Card","WingedGreaves","Vajra","Nilry\u0027s Codex","Pen Nib"],"potions_floor_usage":[11,11,11,11,13,13,16,25,31,33],"damage_taken":[{"damage":5,"enemies":"Small Slimes","floor":1,"turns":5},{"damage":0,"enemies":"2 Louse","floor":5,"turns":3},{"damage":3,"enemies":"Cultist","floor":8,"turns":6},{"damage":0,"enemies":"3 Louse","floor":10,"turns":4},{"damage":17,"enemies":"Gremlin Nob","floor":11,"turns":5},{"damage":7,"enemies":"Gremlin Gang","floor":12,"turns":5},{"damage":2,"enemies":"3 Sentries","floor":13,"turns":5},{"damage":4,"enemies":"Blue Slaver","floor":14,"turns":4},{"damage":30,"enemies":"Hexaghost","floor":16,"turns":10},{"damage":14,"enemies":"2 Thieves","floor":18,"turns":4},{"damage":14,"enemies":"Shell Parasite","floor":22,"turns":8},{"damage":36,"enemies":"Book of Stabbing","floor":25,"turns":8},{"damage":9,"enemies":"Snake Plant","floor":28,"turns":7},{"damage":24,"enemies":"Slavers","floor":31,"turns":6},{"damage":54,"enemies":"Champ","floor":33,"turns":13}],"seed_played":"975703804076714579","potions_obtained":[{"floor":5,"key":"AttackPotion"},{"floor":7,"key":"Dexterity Potion"},{"floor":7,"key":"EntropicBrew"},{"floor":11,"key":"Regen Potion"},{"floor":12,"key":"PowerPotion"},{"floor":13,"key":"SteroidPotion"},{"floor":28,"key":"Fire Potion"},{"floor":31,"key":"LiquidBronze"}],"is_trial":false,"path_per_floor":["M","?","?","?","M","R","?","M","T","M","E","M","E","M","R","B",null,"M","?","?","?","M","R","$","E","T","$","M","R","?","E","R","B"],"character_chosen":"THE_SILENT","items_purchased":["After Image","Cloak And Dagger","Membership Card","WingedGreaves","Vajra","Infinite Blades"],"campfire_rested":3,"item_purchase_floors":[24,24,27,27,27,27],"current_hp_per_floor":[58,58,58,58,58,58,58,55,55,55,38,31,43,39,39,9,55,41,41,41,35,21,42,42,6,6,6,35,56,40,16,37,0],"gold":60,"neow_bonus":"BOSS_RELIC","is_prod":false,"is_daily":false,"chose_seed":false,"campfire_upgraded":2,"win_rate":0,"timestamp":1551850814,"path_taken":["M","?","?","?","?","R","?","M","T","M","E","?","E","M","R","BOSS","M","?","?","?","M","R","?","E","T","$","?","R","?","E","R","BOSS"],"build_version":"2019-01-23","purchased_purges":0,"victory":false,"max_hp_per_floor":[70,70,70,70,70,70,70,70,70,70,70,70,70,70,70,70,70,70,70,70,70,70,70,70,70,70,70,70,70,70,70,70,70],"card_choices":[{"not_picked":["Prepared","Acrobatics"],"picked":"Distraction","floor":0},{"not_picked":["Outmaneuver","Sucker Punch"],"picked":"Distraction","floor":0},{"not_picked":["Escape Plan","Tactician"],"picked":"Cloak And Dagger","floor":0},{"not_picked":["Distraction","Bane"],"picked":"Escape Plan","floor":1},{"not_picked":["Unload","Dagger Throw"],"picked":"Prepared","floor":5},{"not_picked":["Underhanded Strike","Bane"],"picked":"Backstab","floor":8},{"not_picked":["Underhanded Strike","Backflip"],"picked":"Cloak And Dagger","floor":10},{"not_picked":["Sucker Punch","Die Die Die","Quick Slash"],"picked":"SKIP","floor":11},{"not_picked":["Riddle With Holes","Heel Hook"],"picked":"Escape Plan","floor":12},{"not_picked":["Masterful Stab","Quick Slash","Bane"],"picked":"SKIP","floor":13},{"not_picked":["Dagger Throw+1","PiercingWail"],"picked":"Deadly Poison","floor":14},{"not_picked":["Malaise","Die Die Die+1"],"picked":"Burst","floor":16},{"not_picked":["Dagger Spray+1","Endless Agony+1"],"picked":"Dodge and Roll","floor":18},{"not_picked":["Sucker Punch+1","Flying Knee+1"],"picked":"Blade Dance+1","floor":22},{"not_picked":["Bane+1","Well Laid Plans"],"picked":"Tools of the Trade","floor":25},{"not_picked":["Flying Knee+1","Dagger Spray+1"],"picked":"Deadly Poison+1","floor":28},{"not_picked":["Underhanded Strike+1","Riddle With Holes+1","Acrobatics"],"picked":"SKIP","floor":31}],"player_experience":220710,"relics_obtained":[{"floor":9,"key":"The Courier"},{"floor":11,"key":"Snake Skull"},{"floor":13,"key":"Molten Egg 2"},{"floor":25,"key":"Happy Flower"},{"floor":26,"key":"Art of War"},{"floor":30,"key":"Nilry\u0027s Codex"},{"floor":31,"key":"Pen Nib"}],"event_choices":[{"cards_removed":["Strike_G"],"damage_healed":0,"gold_gain":0,"player_choice":"Card Removal","damage_taken":0,"max_hp_gain":0,"max_hp_loss":0,"event_name":"The Cleric","floor":2,"gold_loss":50},{"damage_healed":0,"gold_gain":175,"player_choice":"AGREE","damage_taken":0,"max_hp_gain":0,"max_hp_loss":0,"event_name":"Liars Game","floor":3,"gold_loss":0,"cards_obtained":["Doubt"]},{"cards_removed":["Doubt"],"damage_healed":0,"gold_gain":0,"player_choice":"Offered Curse","damage_taken":0,"relics_obtained":["Spirit Poop"],"max_hp_gain":0,"max_hp_loss":0,"event_name":"Bonfire Elementals","floor":4,"gold_loss":0},{"damage_healed":0,"gold_gain":0,"player_choice":"Bought 3 Potions","damage_taken":0,"max_hp_gain":0,"max_hp_loss":0,"event_name":"The Woman in Blue","floor":7,"gold_loss":0},{"damage_healed":0,"gold_gain":0,"player_choice":"Read","damage_taken":0,"max_hp_gain":0,"max_hp_loss":0,"event_name":"The Library","floor":19,"gold_loss":0,"cards_obtained":["Footwork"]},{"damage_healed":0,"gold_gain":0,"player_choice":"Ignored","damage_taken":0,"max_hp_gain":0,"max_hp_loss":0,"event_name":"Ghosts","floor":20,"gold_loss":0},{"damage_healed":0,"gold_gain":0,"player_choice":"Joined the Cult","damage_taken":6,"max_hp_gain":0,"max_hp_loss":0,"event_name":"Nest","floor":21,"gold_loss":0,"cards_obtained":["RitualDagger"]},{"damage_healed":0,"gold_gain":0,"player_choice":"Obtained Book","damage_taken":16,"max_hp_gain":0,"max_hp_loss":0,"event_name":"Cursed Tome","floor":30,"gold_loss":0}],"is_beta":false,"boss_relics":[{"not_picked":["Snecko Eye","Pandora\u0027s Box"],"picked":"Lizard Tail"}],"items_purged_floors":[],"is_endless":false,"potions_floor_spawned":[5,8,11,12,13,28,31],"killed_by":"Champ","ascension_level":6}