{"gold_per_floor":[119,219,144,160,175,175,195,95,95,95,134,134,155,173,173,297,297,317,335,335],"floor_reached":20,"playtime":770,"items_purged":["Entrench","Limit Break"],"score":326,"play_id":"3b67a6f9-94e9-464c-9642-89424d055aa8","local_time":"20190314212118","is_ascension_mode":false,"campfire_choices":[{"data":"Dual Wield","floor":6.0,"key":"SMITH"},{"data":"Bash","floor":15.0,"key":"SMITH"}],"neow_cost":"NONE","seed_source_timestamp":7903254652887,"circlet_count":0,"master_deck":["Bash+1","Evolve","Heavy Blade","Havoc","Iron Wave","Reckless Charge","Fire Breathing","Dual Wield+1","Inflame","Shrug It Off"],"special_seed":0,"relics":["Pandora\u0027s Box","FossilizedHelix","Golden Idol","Peace Pipe","Runic Cube"],"potions_floor_usage":[],"damage_taken":[{"damage":3.0,"enemies":"Small Slimes","floor":1.0,"turns":2.0},{"damage":12.0,"enemies":"Cultist","floor":4.0,"turns":3.0},{"damage":9.0,"enemies":"Jaw Worm","floor":5.0,"turns":2.0},{"damage":8.0,"enemies":"Looter","floor":7.0,"turns":2.0},{"damage":19.0,"enemies":"Gremlin Nob","floor":11.0,"turns":3.0},{"damage":0.0,"enemies":"Gremlin Gang","floor":13.0,"turns":3.0},{"damage":0.0,"enemies":"Red Slaver","floor":14.0,"turns":2.0},{"damage":0.0,"enemies":"Slime Boss","floor":16.0,"turns":3.0},{"damage":61.0,"enemies":"3 Byrds","floor":18.0,"turns":5.0},{"damage":10,"enemies":"Shell Parasite","floor":19,"turns":3},{"damage":7,"enemies":"Snake Plant","floor":20,"turns":1}],"seed_played":"-4704229690749215781","potions_obtained":[{"floor":5.0,"key":"FearPotion"},{"floor":7.0,"key":"Explosive Potion"},{"floor":13.0,"key":"PowerPotion"}],"is_trial":false,"path_per_floor":["M","?","$","M","M","R","M","$","T","?","E","?","M","M","R","B",null,"M","M","M"],"character_chosen":"IRONCLAD","items_purchased":[],"campfire_rested":0,"item_purchase_floors":[],"current_hp_per_floor":[77,77,77,65,56,56,48,48,48,48,29,29,29,29,29,29,74,13,3,0],"gold":335,"neow_bonus":"BOSS_RELIC","is_prod":false,"is_daily":false,"chose_seed":false,"campfire_upgraded":2,"win_rate":0,"timestamp":1552566078,"path_taken":["M","?","$","M","?","R","M","$","T","?","E","?","M","M","R","BOSS","M","?","M"],"build_version":"2019-01-23","purchased_purges":2,"victory":false,"max_hp_per_floor":[80,80,80,80,80,80,80,80,80,74,74,74,74,74,74,74,74,74,74,74],"card_choices":[{"not_picked":["Iron Wave","Sword Boomerang","Heavy Blade"],"picked":"SKIP","floor":1.0},{"not_picked":["Bloodletting","Anger","Cleave"],"picked":"SKIP","floor":4.0},{"not_picked":["True Grit","Rage"],"picked":"Dual Wield","floor":5.0},{"not_picked":["Sword Boomerang","Pommel Strike","Limit Break"],"picked":"SKIP","floor":7.0},{"not_picked":["Perfected Strike","Body Slam","Sword Boomerang"],"picked":"SKIP","floor":11.0},{"not_picked":["Sever Soul","True Grit","Infernal Blade"],"picked":"SKIP","floor":13.0},{"not_picked":["Anger","Rage","Feel No Pain"],"picked":"SKIP","floor":14.0},{"not_picked":["Warcry","Uppercut"],"picked":"Shrug It Off","floor":18.0},{"not_picked":["Armaments","Sentinel","Iron Wave"],"picked":"SKIP","floor":19}],"player_experience":371738,"relics_obtained":[{"floor":9.0,"key":"FossilizedHelix"},{"floor":11.0,"key":"Peace Pipe"}],"event_choices":[{"damage_healed":0.0,"max_hp_gain":0.0,"max_hp_loss":0.0,"gold_gain":100.0,"event_name":"Golden Shrine","player_choice":"Pray","floor":2.0,"gold_loss":0.0,"damage_taken":0.0},{"damage_healed":0.0,"max_hp_gain":0.0,"max_hp_loss":6.0,"gold_gain":0.0,"event_name":"Golden Idol","player_choice":"Lose Max HP","floor":10.0,"gold_loss":0.0,"damage_taken":0.0,"relics_obtained":["Golden Idol"]},{"damage_healed":0.0,"max_hp_gain":0.0,"max_hp_loss":0.0,"gold_gain":0.0,"cards_transformed":["Hemokinesis"],"event_name":"Transmorgrifier","player_choice":"Transformed","floor":12.0,"gold_loss":0.0,"damage_taken":0.0,"cards_obtained":["Inflame"]}],"is_beta":false,"boss_relics":[{"not_picked":["Sozu","Runic Pyramid"],"picked":"Runic Cube"}],"items_purged_floors":[3,8],"is_endless":false,"potions_floor_spawned":[5,7,13],"killed_by":"Snake Plant","ascension_level":0}