{"gold_per_floor":[117,132,82,35,35,35,64,84,110,110,141,151,161,174,174,279,279,292,303,313,313,330,330,46,78,102,21,21,21,21,36,36,134,134,152,152],"floor_reached":36,"playtime":1823,"items_purged":["Strike_B"],"score":433,"play_id":"7741b616-852d-45b1-b7fd-bce1c514ba1f","local_time":"20190307060358","is_ascension_mode":true,"campfire_choices":[{"data":"Dualcast","floor":6,"key":"SMITH"},{"data":"Consume","floor":10,"key":"SMITH"},{"floor":15,"key":"REST"},{"floor":23,"key":"REST"},{"floor":29,"key":"REST"},{"floor":32,"key":"REST"}],"neow_cost":"NONE","seed_source_timestamp":40312459273746,"circlet_count":0,"master_deck":["Zap","Dualcast+1","Cold Snap","Cold Snap","Ball Lightning","Consume+1","Compile Driver","Recycle","Hologram","Cold Snap","Darkness","Echo Form","Capacitor","Leap","Redo+1","Heatsinks","Darkness","Defragment","Shame","Force Field","Darkness+1","Reboot","Skim","Seek","BootSequence","Meteor Strike","Fission","Double Energy","Redo+1","Self Repair+1"],"relics":["White Beast Statue","Orichalcum","Turnip","PreservedInsect","Bronze Scales","Snecko Eye","Toy Ornithopter","Prayer Wheel","Pen Nib","Enchiridion","Pocketwatch","Pandora\u0027s Box"],"potions_floor_usage":[2,7,11,11,12,14,14,16,20,22,22,22,25,31,33,35,36],"damage_taken":[{"damage":8,"enemies":"Jaw Worm","floor":1,"turns":4},{"damage":0,"enemies":"2 Louse","floor":2,"turns":2},{"damage":11,"enemies":"Gremlin Nob","floor":7,"turns":4},{"damage":0,"enemies":"Cultist","floor":8,"turns":4},{"damage":13,"enemies":"Lagavulin","floor":11,"turns":4},{"damage":7,"enemies":"Exordium Thugs","floor":12,"turns":4},{"damage":2,"enemies":"Exordium Wildlife","floor":13,"turns":4},{"damage":0,"enemies":"Large Slime","floor":14,"turns":4},{"damage":15,"enemies":"The Guardian","floor":16,"turns":8},{"damage":3,"enemies":"3 Byrds","floor":18,"turns":3},{"damage":7,"enemies":"Chosen","floor":19,"turns":4},{"damage":23,"enemies":"Centurion and Healer","floor":20,"turns":7},{"damage":25,"enemies":"Cultist and Chosen","floor":22,"turns":6},{"damage":20,"enemies":"Book of Stabbing","floor":25,"turns":5},{"damage":10,"enemies":"Snake Plant","floor":31,"turns":4},{"damage":11,"enemies":"Champ","floor":33,"turns":8},{"damage":30,"enemies":"3 Shapes","floor":35,"turns":6},{"damage":57,"enemies":"2 Orb Walkers","floor":36,"turns":4}],"seed_played":"-3216118830421794933","potions_obtained":[{"floor":1,"key":"Poison Potion"},{"floor":2,"key":"Poison Potion"},{"floor":7,"key":"FocusPotion"},{"floor":8,"key":"SkillPotion"},{"floor":11,"key":"Regen Potion"},{"floor":12,"key":"PowerPotion"},{"floor":13,"key":"Ancient Potion"},{"floor":14,"key":"LiquidBronze"},{"floor":16,"key":"EssenceOfSteel"},{"floor":18,"key":"Fire Potion"},{"floor":19,"key":"Swift Potion"},{"floor":20,"key":"SneckoOil"},{"floor":22,"key":"Regen Potion"},{"floor":25,"key":"Block Potion"},{"floor":31,"key":"SpeedPotion"},{"floor":33,"key":"Explosive Potion"},{"floor":35,"key":"Ancient Potion"}],"is_trial":false,"path_per_floor":["M","M","?","$","?","R","E","M","T","R","E","M","M","M","R","B",null,"M","M","M","?","M","R","$","E","T","$","?","R","?","M","R","B",null,"M","?"],"character_chosen":"DEFECT","items_purchased":["Ball Lightning","Toy Ornithopter","Defragment"],"campfire_rested":4,"item_purchase_floors":[4,24,27],"current_hp_per_floor":[67,67,67,67,67,67,56,56,56,56,43,48,46,46,68,53,75,72,65,42,28,3,27,27,27,27,27,11,35,35,30,54,48,80,52,0],"gold":152,"neow_bonus":"BOSS_RELIC","is_prod":false,"is_daily":false,"chose_seed":false,"campfire_upgraded":2,"win_rate":0,"timestamp":1551906238,"path_taken":["M","M","?","?","?","R","E","M","T","R","E","M","M","?","R","BOSS","M","M","M","?","M","R","$","E","T","$","?","R","?","M","R","BOSS","M","?"],"build_version":"2019-01-23","purchased_purges":1,"victory":false,"max_hp_per_floor":[75,75,75,75,75,75,75,75,75,75,75,75,75,75,75,75,75,75,75,75,80,80,80,80,80,80,80,80,80,80,80,80,80,80,80,80],"card_choices":[{"not_picked":["Go for the Eyes","Beam Cell"],"picked":"Cold Snap","floor":1},{"not_picked":["Go for the Eyes","Aggregate"],"picked":"Cold Snap","floor":2},{"not_picked":["Fusion","Sunder"],"picked":"Consume","floor":7},{"not_picked":["Auto Shields","Reprogram"],"picked":"Compile Driver","floor":8},{"not_picked":["Streamline","Leap"],"picked":"Recycle","floor":11},{"not_picked":["Compile Driver","Leap"],"picked":"Hologram","floor":12},{"not_picked":["Thunder Strike","Skim"],"picked":"Cold Snap","floor":13},{"not_picked":["Genetic Algorithm","Rebound"],"picked":"Darkness","floor":14},{"not_picked":["All For One","Core Surge"],"picked":"Echo Form","floor":16},{"not_picked":["Ball Lightning","Barrage"],"picked":"Capacitor","floor":18},{"not_picked":["Reprogram","Streamline"],"picked":"Leap","floor":19},{"not_picked":["Gash","Self Repair"],"picked":"Redo+1","floor":20},{"not_picked":["Rebound","Compile Driver"],"picked":"Heatsinks","floor":22},{"not_picked":["Recycle","Lockon+1"],"picked":"Darkness","floor":25},{"not_picked":["Gash","Barrage"],"picked":"Force Field","floor":31},{"not_picked":["Cold Snap","Skim+1"],"picked":"Darkness+1","floor":31},{"not_picked":["Rainbow","Amplify"],"picked":"Reboot","floor":33},{"not_picked":["Ball Lightning+1","Hologram+1"],"picked":"Redo+1","floor":35},{"not_picked":["Heatsinks+1","Static Discharge"],"picked":"Self Repair+1","floor":35}],"player_experience":159798,"relics_obtained":[{"floor":5,"key":"Orichalcum"},{"floor":7,"key":"Turnip"},{"floor":9,"key":"PreservedInsect"},{"floor":11,"key":"Bronze Scales"},{"floor":25,"key":"Prayer Wheel"},{"floor":26,"key":"Pen Nib"},{"floor":28,"key":"Enchiridion"}],"event_choices":[{"cards_removed":["Strike_B"],"damage_healed":0,"gold_gain":0,"player_choice":"Card Removal","damage_taken":0,"max_hp_gain":0,"max_hp_loss":0,"event_name":"The Cleric","floor":3,"gold_loss":50},{"damage_healed":0,"gold_gain":0,"player_choice":"Relic","damage_taken":0,"max_hp_gain":0,"max_hp_loss":0,"event_name":"Wheel of Change","floor":5,"gold_loss":0},{"damage_healed":0,"gold_gain":0,"player_choice":"Shed Blood","damage_taken":19,"max_hp_gain":5,"max_hp_loss":0,"event_name":"Forgotten Altar","floor":21,"gold_loss":0},{"damage_healed":0,"gold_gain":0,"player_choice":"Obtained Book","damage_taken":16,"max_hp_gain":0,"max_hp_loss":0,"event_name":"Cursed Tome","floor":28,"gold_loss":0},{"damage_healed":0,"gold_gain":0,"player_choice":"Stole Relic","damage_taken":0,"relics_obtained":["Pocketwatch"],"max_hp_gain":0,"max_hp_loss":0,"event_name":"Addict","floor":30,"gold_loss":0,"cards_obtained":["Shame"]},{"damage_healed":0,"gold_gain":0,"player_choice":"Fight","damage_taken":0,"max_hp_gain":0,"max_hp_loss":0,"event_name":"Mysterious Sphere","floor":36,"gold_loss":0}],"is_beta":false,"boss_relics":[{"not_picked":["Sozu","Nuclear Battery"],"picked":"Snecko Eye"},{"not_picked":["Runic Dome","Runic Pyramid"],"picked":"Pandora\u0027s Box"}],"items_purged_floors":[24],"is_endless":false,"potions_floor_spawned":[1,2,7,8,11,12,13,14,16,18,19,20,22,25,31,33,35],"killed_by":"2 Orb Walkers","ascension_level":2}