{"gold_per_floor":[118,43,60,78,78,109,120,120,120,155,40,40,72,84,96,180,192,175,112,158,171,183,203,203],"floor_reached":24,"playtime":983,"items_purged":["Strike_B"],"score":466,"play_id":"00009681-1d17-44e3-976a-1daa05132047","local_time":"20190306214027","is_ascension_mode":true,"campfire_choices":[{"floor":8,"key":"REST"},{"floor":12,"key":"REST"},{"floor":15,"key":"DIG"}],"neow_cost":"NONE","seed_source_timestamp":1499688659981725,"circlet_count":0,"master_deck":["AscendersBane","Strike_B","Strike_B","Strike_B","Defend_B","Defend_B","Defend_B","Defend_B","Zap","Dualcast","Conserve Battery","Rip and Tear","Reinforced Body","Gash","Streamline","Sweeping Beam","Darkness","Defragment+1","Glacier","Seek","Skim","Doom and Gloom+1","Self Repair"],"relics":["Runic Dome","Shovel","StoneCalendar","Nunchaku","MawBank","Oddly Smooth Stone","Snecko Eye","Art of War"],"potions_floor_usage":[16],"damage_taken":[{"damage":0,"enemies":"2 Louse","floor":1,"turns":2},{"damage":0,"enemies":"Cultist","floor":3,"turns":3},{"damage":0,"enemies":"Small Slimes","floor":4,"turns":4},{"damage":63,"enemies":"3 Sentries","floor":6,"turns":14},{"damage":0,"enemies":"2 Fungi Beasts","floor":7,"turns":3},{"damage":32,"enemies":"Gremlin Nob","floor":10,"turns":4},{"damage":18,"enemies":"3 Sentries","floor":13,"turns":6},{"damage":0,"enemies":"Hexaghost","floor":16,"turns":9},{"damage":4,"enemies":"2 Thieves","floor":18,"turns":5},{"damage":0,"enemies":"Shell Parasite","floor":21,"turns":5},{"damage":0,"enemies":"Sentry and Sphere","floor":22,"turns":6},{"damage":18,"enemies":"Snake Plant","floor":23,"turns":4},{"damage":42,"enemies":"Gremlin Leader","floor":24,"turns":5}],"seed_played":"2060648722335384248","potions_obtained":[{"floor":3,"key":"FairyPotion"},{"floor":10,"key":"SmokeBomb"},{"floor":13,"key":"SteroidPotion"},{"floor":22,"key":"SpeedPotion"}],"is_trial":false,"path_per_floor":["M","$","M","M","?","E","M","R","T","E","$","R","E","?","R","B",null,"M","$","T","M","M","M","E"],"character_chosen":"DEFECT","items_purchased":["Rip and Tear","Darkness","Defragment"],"campfire_rested":2,"item_purchase_floors":[2,11,11],"current_hp_per_floor":[64,64,64,64,64,1,1,22,22,7,7,28,10,10,10,10,56,52,52,52,52,52,34,0],"gold":203,"neow_bonus":"BOSS_RELIC","is_prod":false,"is_daily":false,"chose_seed":false,"campfire_upgraded":0,"win_rate":0,"timestamp":1551926427,"path_taken":["M","$","M","M","?","E","M","R","T","E","$","R","E","?","R","BOSS","M","$","?","?","M","M","E"],"build_version":"2019-02-06","purchased_purges":1,"victory":false,"max_hp_per_floor":[71,71,71,71,71,71,71,71,71,71,71,71,71,71,71,71,71,71,71,71,71,71,71,71],"card_choices":[{"not_picked":["Go for the Eyes","Skim"],"picked":"Conserve Battery","floor":1},{"not_picked":["Barrage","Conserve Battery"],"picked":"Reinforced Body","floor":3},{"not_picked":["Undo","Force Field"],"picked":"Gash","floor":4},{"not_picked":["Beam Cell","Fission"],"picked":"Streamline","floor":6},{"not_picked":["Go for the Eyes","Heatsinks"],"picked":"Sweeping Beam","floor":7},{"not_picked":["Steam Power","Fusion","Scrape"],"picked":"SKIP","floor":10},{"not_picked":["Redo","Reprogram"],"picked":"Glacier","floor":13},{"not_picked":["Core Surge","Buffer"],"picked":"Seek","floor":16},{"not_picked":["Beam Cell","Barrage","Heatsinks"],"picked":"SKIP","floor":18},{"not_picked":["Gash+1","Streamline"],"picked":"Skim","floor":21},{"not_picked":["Chaos","Cold Snap+1"],"picked":"Doom and Gloom+1","floor":22},{"not_picked":["Lockon+1","Turbo"],"picked":"Self Repair","floor":23}],"player_experience":2107746,"relics_obtained":[{"floor":6,"key":"Shovel"},{"floor":9,"key":"StoneCalendar"},{"floor":10,"key":"Nunchaku"},{"floor":13,"key":"MawBank"},{"floor":15,"key":"Oddly Smooth Stone"},{"floor":20,"key":"Art of War"}],"event_choices":[{"damage_healed":0,"gold_gain":0,"player_choice":"Ignored","damage_taken":0,"max_hp_gain":0,"max_hp_loss":0,"event_name":"Liars Game","floor":5,"gold_loss":0},{"damage_healed":0,"gold_gain":0,"player_choice":"Forge","damage_taken":0,"max_hp_gain":0,"max_hp_loss":0,"event_name":"Accursed Blacksmith","floor":14,"gold_loss":0,"cards_upgraded":["Defragment"]}],"is_beta":true,"boss_relics":[{"not_picked":["Tiny House","Black Star"],"picked":"Snecko Eye"}],"items_purged_floors":[19],"is_endless":false,"potions_floor_spawned":[3,10,13,22],"killed_by":"Gremlin Leader","ascension_level":15}