{"gold_per_floor":[115,126,139,61,72,72,87,114,114,114,141,141,141,129,129,203,203,222,222,237,287,212,244,244,1,1,26,26,54,70,87,87,164,164,180,31,50,64,74,107,120,154,154,186,186,213,163,176,176,176,176,176,21,55,55],"floor_reached":56,"playtime":2761,"items_purged":["Well Laid Plans"],"score":2352,"play_id":"4ca57d26-67e5-47b5-9d72-6f0cd3a6518c","local_time":"20190130165653","is_ascension_mode":true,"campfire_choices":[{"data":"Backstab","floor":6.0,"key":"SMITH"},{"floor":10.0,"key":"REST"},{"data":"Noxious Fumes","floor":13.0,"key":"SMITH"},{"data":"Neutralize","floor":15,"key":"SMITH"},{"floor":24,"key":"REST"},{"floor":28,"key":"REST"},{"floor":32,"key":"RECALL"},{"floor":49,"key":"REST"},{"floor":52,"key":"REST"}],"neow_cost":"NONE","seed_source_timestamp":0,"circlet_count":0,"master_deck":["AscendersBane","Defend_G","Defend_G","Defend_G","Defend_G","Defend_G","Strike_G","Strike_G","Strike_G","Strike_G","Survivor","Neutralize+1","Backstab+1","Blur","Flying Knee","Leg Sweep+1","Noxious Fumes+1","Dagger Spray","Calculated Gamble","Quick Slash","Crippling Poison","Bouncing Flask","Catalyst+1","Footwork+1","Predator","Crippling Poison+1","Leg Sweep+1","Acrobatics","Malaise","Backflip","Caltrops","Backflip","Footwork+1","Footwork"],"special_seed":0,"relics":["Ring of the Snake","Art of War","Turnip","Paper Crane","Fusion Hammer","Bird Faced Urn","Bottled Tornado","Mummified Hand","Lantern","War Paint","Runic Pyramid","PreservedInsect","Question Card","Oddly Smooth Stone","Snake Skull","Boot","Thread and Needle"],"potions_floor_usage":[23,55,55],"damage_taken":[{"damage":4.0,"enemies":"Small Slimes","floor":1.0,"turns":4.0},{"damage":7.0,"enemies":"2 Louse","floor":2.0,"turns":3.0},{"damage":0.0,"enemies":"Cultist","floor":3.0,"turns":4.0},{"damage":1.0,"enemies":"2 Fungi Beasts","floor":5.0,"turns":4.0},{"damage":5.0,"enemies":"Lots of Slimes","floor":7.0,"turns":5.0},{"damage":31.0,"enemies":"Gremlin Nob","floor":8.0,"turns":7.0},{"damage":4.0,"enemies":"Lagavulin","floor":11.0,"turns":9.0},{"damage":0.0,"enemies":"Exordium Thugs","floor":14.0,"turns":4.0},{"damage":13,"enemies":"Hexaghost","floor":16,"turns":12},{"damage":0,"enemies":"Chosen","floor":18,"turns":5},{"damage":7,"enemies":"3 Byrds","floor":20,"turns":6},{"damage":16,"enemies":"Book of Stabbing","floor":23,"turns":5},{"damage":19,"enemies":"Slavers","floor":27,"turns":7},{"damage":15,"enemies":"Book of Stabbing","floor":29,"turns":6},{"damage":4,"enemies":"Shelled Parasite and Fungi","floor":30,"turns":4},{"damage":0,"enemies":"Snecko","floor":31,"turns":4},{"damage":21,"enemies":"Collector","floor":33,"turns":8},{"damage":2,"enemies":"Orb Walker","floor":35,"turns":4},{"damage":0,"enemies":"3 Darklings","floor":37,"turns":5},{"damage":3,"enemies":"Transient","floor":38,"turns":5},{"damage":0,"enemies":"Jaw Worm Horde","floor":39,"turns":4},{"damage":1,"enemies":"Nemesis","floor":40,"turns":7},{"damage":3,"enemies":"3 Darklings","floor":41,"turns":5},{"damage":0,"enemies":"Reptomancer","floor":42,"turns":5},{"damage":0,"enemies":"Giant Head","floor":44,"turns":7},{"damage":0,"enemies":"Nemesis","floor":46,"turns":7},{"damage":0,"enemies":"Transient","floor":48,"turns":5},{"damage":0,"enemies":"Awakened One","floor":50,"turns":22},{"damage":0,"enemies":"Shield and Spear","floor":54,"turns":7},{"damage":20,"enemies":"The Heart","floor":55,"turns":11}],"seed_played":"-8644527100154712458","potions_obtained":[{"floor":1.0,"key":"Energy Potion"},{"floor":2.0,"key":"GhostInAJar"},{"floor":20,"key":"SpeedPotion"},{"floor":23,"key":"Fruit Juice"},{"floor":27,"key":"LiquidBronze"}],"is_trial":false,"path_per_floor":["M","M","M","$","M","R","M","E","T","R","E","?","R","M","R","B",null,"M","?","M","?","?","E","R","$","T","E","R","E","M","M","R","B",null,"M","$","M","M","M","E","M","E","T","E","?","E","?","M","R","B",null,"R","$","E","B",null],"character_chosen":"THE_SILENT","items_purchased":["Well Laid Plans","Bottled Tornado","PreservedInsect","Footwork"],"campfire_rested":5,"item_purchase_floors":[4,25,36,53],"current_hp_per_floor":[61,54,54,54,53,53,48,17,17,38,34,34,34,34,34,21,59,59,59,52,52,52,41,64,64,64,51,74,65,67,69,69,54,71,75,75,77,76,77,77,74,77,77,77,77,77,77,77,77,77,77,77,77,77,63],"gold":55,"neow_bonus":"TEN_PERCENT_HP_BONUS","is_prod":false,"is_daily":false,"chose_seed":false,"campfire_upgraded":3,"win_rate":0,"timestamp":1548885413,"path_taken":["M","M","M","$","M","R","M","E","T","R","E","?","R","M","R","BOSS","M","?","M","?","?","E","R","$","T","E","R","E","M","M","R","BOSS","M","$","M","M","M","E","M","E","T","E","?","E","?","M","R","BOSS","R","$","E","BOSS"],"build_version":"2019-01-23","purchased_purges":1,"victory":true,"max_hp_per_floor":[72,72,72,72,72,72,72,72,72,72,72,72,72,72,72,72,72,72,72,72,72,72,77,77,77,77,77,77,77,77,77,77,77,77,77,77,77,77,77,77,77,77,77,77,77,77,77,77,77,77,77,77,77,77,77],"card_choices":[{"not_picked":["Dagger Spray","Prepared"],"picked":"Backstab","floor":1.0},{"not_picked":["Deadly Poison","Eviscerate"],"picked":"Blur","floor":2.0},{"not_picked":["Outmaneuver","Deflect"],"picked":"Flying Knee","floor":3.0},{"not_picked":["Expertise","Setup"],"picked":"Leg Sweep","floor":5.0},{"not_picked":["Cloak And Dagger","Acrobatics"],"picked":"Noxious Fumes","floor":7.0},{"not_picked":["Acrobatics","Tactician"],"picked":"Dagger Spray","floor":8.0},{"not_picked":["Noxious Fumes","Doppelganger"],"picked":"Calculated Gamble","floor":11.0},{"not_picked":["Dagger Spray","Outmaneuver"],"picked":"Quick Slash","floor":14.0},{"not_picked":["Dagger Throw","Setup+1"],"picked":"Crippling Poison","floor":18},{"not_picked":["Underhanded Strike","Masterful Stab"],"picked":"Catalyst+1","floor":20},{"not_picked":["Blade Dance","Well Laid Plans"],"picked":"Footwork","floor":23},{"not_picked":["Flying Knee","Blade Dance+1"],"picked":"Predator","floor":27},{"not_picked":["Flying Knee","Quick Slash"],"picked":"Crippling Poison","floor":29},{"not_picked":["Sucker Punch","Poisoned Stab"],"picked":"Leg Sweep+1","floor":30},{"not_picked":["Flying Knee","Dodge and Roll"],"picked":"Acrobatics","floor":31},{"not_picked":["Tools of the Trade","Burst"],"picked":"Malaise","floor":33},{"not_picked":["Eviscerate+1","Bane"],"picked":"Backflip","floor":35},{"not_picked":["Bouncing Flask","Dagger Throw+1"],"picked":"Caltrops","floor":37},{"not_picked":["Flying Knee+1","Slice"],"picked":"Backflip","floor":38},{"not_picked":["Prepared","Endless Agony","Backflip"],"picked":"SKIP","floor":39},{"not_picked":["Dodge and Roll","Leg Sweep+1","Die Die Die"],"picked":"SKIP","floor":40},{"not_picked":["Prepared","Catalyst+1","Expertise"],"picked":"Footwork+1","floor":41},{"not_picked":["Sucker Punch","Heel Hook+1","Infinite Blades","Phantasmal Killer"],"picked":"SKIP","floor":42},{"not_picked":["Heel Hook","Bane","Poisoned Stab","Underhanded Strike"],"picked":"SKIP","floor":44},{"not_picked":["Deflect","Sucker Punch+1","Acrobatics","Reflex"],"picked":"SKIP","floor":46},{"not_picked":["Backstab","Deflect","Accuracy","Slice"],"picked":"SKIP","floor":48},{"not_picked":["Bane","Endless Agony","Blade Dance","Outmaneuver"],"picked":"SKIP","floor":54}],"player_experience":1911042,"relics_obtained":[{"floor":8.0,"key":"Art of War"},{"floor":9.0,"key":"Turnip"},{"floor":11.0,"key":"Paper Crane"},{"floor":23,"key":"Bird Faced Urn"},{"floor":26,"key":"Mummified Hand"},{"floor":27,"key":"Lantern"},{"floor":29,"key":"War Paint"},{"floor":40,"key":"Question Card"},{"floor":42,"key":"Oddly Smooth Stone"},{"floor":44,"key":"Snake Skull"},{"floor":46,"key":"Boot"},{"floor":54,"key":"Thread and Needle"}],"event_choices":[{"damage_healed":0.0,"max_hp_gain":0.0,"max_hp_loss":0.0,"gold_gain":0.0,"event_name":"Golden Idol","player_choice":"Ignored","floor":12.0,"gold_loss":0.0,"damage_taken":0.0},{"damage_healed":0,"gold_gain":0,"player_choice":"Read","damage_taken":0,"max_hp_gain":0,"max_hp_loss":0,"event_name":"The Library","floor":19,"gold_loss":0,"cards_obtained":["Bouncing Flask"]},{"damage_healed":0,"gold_gain":50,"player_choice":"Stole From Cult","damage_taken":0,"max_hp_gain":0,"max_hp_loss":0,"event_name":"Nest","floor":21,"gold_loss":0},{"cards_removed":["Strike_G"],"damage_healed":0,"gold_gain":0,"player_choice":"Gave Gold","damage_taken":0,"max_hp_gain":0,"max_hp_loss":0,"event_name":"Beggar","floor":22,"gold_loss":75},{"damage_healed":0,"gold_gain":0,"player_choice":"Ignored","damage_taken":0,"max_hp_gain":0,"max_hp_loss":0,"event_name":"Tomb of Lord Red Mask","floor":45,"gold_loss":0},{"damage_healed":0,"gold_gain":0,"player_choice":"Upgrade","damage_taken":0,"max_hp_gain":0,"max_hp_loss":0,"event_name":"Designer","floor":47,"gold_loss":50,"cards_upgraded":["Footwork"]}],"is_beta":true,"boss_relics":[{"not_picked":["Pandora\u0027s Box","HoveringKite"],"picked":"Fusion Hammer"},{"not_picked":["Lizard Tail","Tiny House"],"picked":"Runic Pyramid"}],"items_purged_floors":[53],"is_endless":false,"potions_floor_spawned":[1,2,7,20,23,27,31,37,38,42,44],"ascension_level":15}