{"gold_per_floor":[110,126,51,65,65,65,79,79,102,118,118,134,84,84,84,187,187,206,221,27,42,54,54],"floor_reached":23,"playtime":995,"items_purged":["Strike_R","Barricade","Defend_R"],"score":185,"play_id":"fc466af6-4ab6-4a03-8bed-b4223253b917","local_time":"20190314214142","is_ascension_mode":false,"campfire_choices":[{"data":"Bash","floor":6.0,"key":"SMITH"},{"data":"Dropkick","floor":8.0,"key":"SMITH"},{"data":"Strike_R","floor":15.0,"key":"SMITH"}],"neow_cost":"NONE","seed_source_timestamp":8820994921640,"circlet_count":0,"master_deck":["Strike_R+1","Strike_R","Strike_R","Defend_R","Defend_R","Bash+1","Dropkick+1","Shrug It Off+1","Clash+1"],"special_seed":0,"relics":["Burning Blood","Smiling Mask","Black Star","Dream Catcher"],"potions_floor_usage":[23],"damage_taken":[{"damage":7.0,"enemies":"2 Louse","floor":1.0,"turns":3.0},{"damage":6.0,"enemies":"Cultist","floor":2.0,"turns":3.0},{"damage":0.0,"enemies":"Small Slimes","floor":4.0,"turns":4.0},{"damage":0.0,"enemies":"Gremlin Gang","floor":7.0,"turns":1.0},{"damage":3.0,"enemies":"Red Slaver","floor":10.0,"turns":4.0},{"damage":1.0,"enemies":"2 Fungi Beasts","floor":12.0,"turns":3.0},{"damage":26.0,"enemies":"The Guardian","floor":16.0,"turns":10.0},{"damage":42.0,"enemies":"Spheric Guardian","floor":18.0,"turns":6.0},{"damage":31.0,"enemies":"Shell Parasite","floor":19.0,"turns":6.0},{"damage":13.0,"enemies":"Shelled Parasite and Fungi","floor":21.0,"turns":4.0},{"damage":5.0,"enemies":"Snake Plant","floor":22.0,"turns":3.0},{"damage":8,"enemies":"Book of Stabbing","floor":23,"turns":4}],"seed_played":"-7634485123922031889","potions_obtained":[{"floor":1.0,"key":"SpeedPotion"},{"floor":2.0,"key":"AttackPotion"},{"floor":7.0,"key":"Poison Potion"},{"floor":12.0,"key":"Block Potion"},{"floor":18.0,"key":"Ancient Potion"},{"floor":21.0,"key":"SneckoOil"},{"floor":22.0,"key":"FearPotion"}],"is_trial":false,"path_per_floor":["M","M","$","M","?","R","M","R","T","M","?","M","$","?","R","B",null,"M","M","$","M","M","E"],"character_chosen":"IRONCLAD","items_purchased":["Dream Catcher"],"campfire_rested":0,"item_purchase_floors":[20],"current_hp_per_floor":[79,79,79,80,80,80,80,80,80,80,80,80,80,80,80,60,80,44,19,19,12,13,5],"gold":54,"neow_bonus":"REMOVE_CARD","is_prod":false,"is_daily":false,"chose_seed":false,"campfire_upgraded":3,"win_rate":0,"timestamp":1552567302,"path_taken":["M","M","$","M","?","R","M","R","T","?","?","?","?","?","R","BOSS","M","M","$","?","?","E"],"build_version":"2019-01-23","purchased_purges":3,"victory":false,"max_hp_per_floor":[80,80,80,80,80,80,80,80,80,80,80,80,80,80,80,80,80,80,80,80,80,80,80],"card_choices":[{"not_picked":["Intimidate","Rupture","Evolve"],"picked":"SKIP","floor":1.0},{"not_picked":["Headbutt","Flex","Whirlwind"],"picked":"SKIP","floor":2.0},{"not_picked":["Twin Strike","Heavy Blade","Body Slam"],"picked":"SKIP","floor":4.0},{"not_picked":["Rupture","Armaments"],"picked":"Dropkick","floor":7.0},{"not_picked":["Body Slam","Perfected Strike"],"picked":"Shrug It Off","floor":10.0},{"not_picked":["Havoc","Intimidate","Bloodletting"],"picked":"SKIP","floor":12.0},{"not_picked":["Body Slam+1","Flex+1","Cleave"],"picked":"SKIP","floor":18.0},{"not_picked":["Pommel Strike","Twin Strike"],"picked":"Clash+1","floor":19.0},{"not_picked":["Havoc","Heavy Blade","Twin Strike+1"],"picked":"SKIP","floor":21.0},{"not_picked":["Havoc","Heavy Blade","Twin Strike+1"],"picked":"SKIP","floor":21.0},{"not_picked":["Clash+1","Reckless Charge+1","Pommel Strike"],"picked":"SKIP","floor":22.0}],"player_experience":372508,"relics_obtained":[{"floor":9.0,"key":"Smiling Mask"}],"event_choices":[{"damage_healed":0.0,"max_hp_gain":0.0,"max_hp_loss":0.0,"gold_gain":0.0,"cards_transformed":["Strike_R"],"event_name":"Transmorgrifier","player_choice":"Transformed","floor":5.0,"gold_loss":0.0,"damage_taken":0.0,"cards_obtained":["Barricade"]},{"damage_healed":0.0,"max_hp_gain":0.0,"max_hp_loss":0.0,"gold_gain":0.0,"event_name":"Match and Keep!","player_choice":"0 cards matched","floor":11.0,"gold_loss":0.0,"damage_taken":0.0,"cards_obtained":[]},{"damage_healed":0.0,"max_hp_gain":0.0,"max_hp_loss":0.0,"gold_gain":0.0,"event_name":"Upgrade Shrine","player_choice":"Upgraded","floor":14.0,"gold_loss":0.0,"damage_taken":0.0,"cards_upgraded":["Shrug It Off"]}],"is_beta":false,"boss_relics":[{"not_picked":["Coffee Dripper","Mark of Pain"],"picked":"Black Star"}],"items_purged_floors":[3,13,20],"is_endless":false,"potions_floor_spawned":[1,2,7,12,18,21,22],"killed_by":"Book of Stabbing","ascension_level":0}