{"gold_per_floor":[111,111,88,108,31,64,64,99,126,126,151,162,162,177,177,249,249,262,3,18,30,80,105,105,122,122,132,62,97,129,160,160,235,235,250,262,187,202,252,285,305,337,349,396,408,435,447,85,85,85,85,85,37,67,67],"floor_reached":56,"playtime":2592,"items_purged":["Strike_B","Strike_B"],"score":2483,"play_id":"4c1c7604-0a63-49af-a8da-77ea82b3fe03","local_time":"20190128202710","is_ascension_mode":true,"campfire_choices":[{"floor":7.0,"key":"REST"},{"data":"Defragment","floor":10.0,"key":"SMITH"},{"data":"Hologram","floor":13.0,"key":"SMITH"},{"data":"Zap","floor":15.0,"key":"SMITH"},{"data":"Self Repair","floor":24.0,"key":"SMITH"},{"data":"Defragment","floor":32.0,"key":"SMITH"},{"floor":45.0,"key":"RECALL"},{"data":"1","floor":47.0,"key":"LIFT"},{"data":"2","floor":49.0,"key":"LIFT"},{"data":"3","floor":52.0,"key":"LIFT"}],"neow_cost":"NONE","seed_source_timestamp":1680152845828345,"circlet_count":0,"master_deck":["AscendersBane","Strike_B","Strike_B","Defend_B","Defend_B","Defend_B","Defend_B","Zap+1","Dualcast","Core Surge","Coolheaded","Ball Lightning","Ball Lightning","Defragment+1","Cold Snap","Glacier","Self Repair+1","Hologram+1","Echo Form","Genetic Algorithm+1","Recycle+1","Conserve Battery+1","Glacier+1","Reinforced Body+1","Storm+1","Defragment+1","Genetic Algorithm+1","Electrodynamics","Darkness+1","Blizzard+1","White Noise+1","Chill+1","Capacitor","Hologram+1","Glacier+1"],"special_seed":0,"relics":["Cracked Core","Bag of Marbles","Mummified Hand","Potion Belt","DataDisk","Sundial","Snecko Eye","Toxic Egg 2","Molten Egg 2","Incense Burner","WingedGreaves","Girya","Oddly Smooth Stone","Fusion Hammer","Dead Branch","Gambling Chip","MawBank","Ice Cream","Lantern","Pocketwatch"],"potions_floor_usage":[55,55,55,55],"damage_taken":[{"damage":7.0,"enemies":"Jaw Worm","floor":1.0,"turns":3.0},{"damage":0.0,"enemies":"Cultist","floor":4.0,"turns":2.0},{"damage":24.0,"enemies":"3 Sentries","floor":6.0,"turns":6.0},{"damage":5.0,"enemies":"Gremlin Nob","floor":8.0,"turns":3.0},{"damage":0.0,"enemies":"3 Sentries","floor":11.0,"turns":6.0},{"damage":0.0,"enemies":"Small Slimes","floor":12.0,"turns":3.0},{"damage":0.0,"enemies":"Exordium Thugs","floor":14.0,"turns":3.0},{"damage":0.0,"enemies":"The Guardian","floor":16.0,"turns":12.0},{"damage":0.0,"enemies":"2 Thieves","floor":18.0,"turns":3.0},{"damage":11.0,"enemies":"3 Byrds","floor":20.0,"turns":4.0},{"damage":6.0,"enemies":"Centurion and Healer","floor":21.0,"turns":8.0},{"damage":11.0,"enemies":"Book of Stabbing","floor":23.0,"turns":5.0},{"damage":1.0,"enemies":"Snake Plant","floor":25.0,"turns":7.0},{"damage":0.0,"enemies":"Shelled Parasite and Fungi","floor":27.0,"turns":5.0},{"damage":0.0,"enemies":"Gremlin Leader","floor":29.0,"turns":9.0},{"damage":0.0,"enemies":"Book of Stabbing","floor":30.0,"turns":6.0},{"damage":2.0,"enemies":"Slavers","floor":31.0,"turns":6.0},{"damage":46.0,"enemies":"Automaton","floor":33.0,"turns":9.0},{"damage":0.0,"enemies":"3 Shapes","floor":35.0,"turns":3.0},{"damage":0.0,"enemies":"Orb Walker","floor":36.0,"turns":3.0},{"damage":2.0,"enemies":"Jaw Worm Horde","floor":38.0,"turns":6.0},{"damage":0.0,"enemies":"2 Orb Walkers","floor":39.0,"turns":3.0},{"damage":0.0,"enemies":"Nemesis","floor":40.0,"turns":6.0},{"damage":0.0,"enemies":"Transient","floor":41.0,"turns":5.0},{"damage":31.0,"enemies":"Reptomancer","floor":42.0,"turns":4.0},{"damage":0.0,"enemies":"Nemesis","floor":44.0,"turns":5.0},{"damage":0.0,"enemies":"Spire Growth","floor":46.0,"turns":3.0},{"damage":0.0,"enemies":"Donu and Deca","floor":50.0,"turns":5.0},{"damage":28.0,"enemies":"Shield and Spear","floor":54.0,"turns":5.0},{"damage":1,"enemies":"The Heart","floor":55,"turns":7}],"seed_played":"-599151893980114138","potions_obtained":[{"floor":1.0,"key":"Energy Potion"},{"floor":12.0,"key":"EssenceOfSteel"},{"floor":14.0,"key":"Weak Potion"},{"floor":20.0,"key":"SteroidPotion"},{"floor":25.0,"key":"Ancient Potion"},{"floor":29.0,"key":"Dexterity Potion"},{"floor":33.0,"key":"PowerPotion"},{"floor":36.0,"key":"Explosive Potion"},{"floor":42.0,"key":"AttackPotion"}],"is_trial":false,"path_per_floor":["M","?","$","M","$","E","R","E","T","R","E","M","R","M","R","B",null,"M","$","M","M","?","E","R","M","T","M","$","E","E","E","R","B",null,"M","M","$","M","?","E","M","E","T","E","R","M","R","$","R","B",null,"R","$","E","B",null],"character_chosen":"DEFECT","items_purchased":["Ball Lightning","Defragment","Toxic Egg 2","Reinforced Body+1","Capacitor","Hologram+1","Lantern","PowerPotion"],"campfire_rested":1,"item_purchase_floors":[3,5,19,28,48,48,48,53],"current_hp_per_floor":[57,57,57,57,57,33,54,49,49,49,49,49,49,56,56,63,69,71,71,67,71,71,67,67,71,71,71,71,71,71,71,71,35,62,71,71,71,71,71,71,71,60,60,70,70,70,70,70,70,71,71,71,71,43,52],"gold":67,"neow_bonus":"ONE_RANDOM_RARE_CARD","is_prod":false,"is_daily":false,"chose_seed":false,"campfire_upgraded":5,"win_rate":0,"timestamp":1548725230,"path_taken":["M","?","?","M","$","E","R","E","T","R","E","M","R","M","R","BOSS","M","$","M","M","?","E","R","M","T","M","$","E","E","E","R","BOSS","M","M","$","M","?","E","M","E","T","E","R","M","R","$","R","BOSS","R","$","E","BOSS"],"build_version":"2019-01-23","purchased_purges":2,"victory":true,"max_hp_per_floor":[71,71,71,71,71,71,71,71,71,71,71,71,71,71,71,71,71,71,71,71,71,71,71,71,71,71,71,71,71,71,71,71,71,71,71,71,71,71,71,71,71,71,71,71,71,71,71,71,71,71,71,71,71,71,71],"card_choices":[{"not_picked":["Auto Shields","Gash"],"picked":"Coolheaded","floor":1.0},{"not_picked":["Steam","Go for the Eyes"],"picked":"Ball Lightning","floor":4.0},{"not_picked":["Steam","Meteor Strike"],"picked":"Cold Snap","floor":6.0},{"not_picked":["Tempest","Turbo"],"picked":"Glacier","floor":8.0},{"not_picked":["Compile Driver","Barrage"],"picked":"Self Repair","floor":11.0},{"not_picked":["Go for the Eyes","Compile Driver"],"picked":"Hologram","floor":12.0},{"not_picked":["Rebound","Turbo","Sweeping Beam"],"picked":"SKIP","floor":14.0},{"not_picked":["Amplify","Buffer"],"picked":"Echo Form","floor":16.0},{"not_picked":["Leap","Auto Shields","Hello World"],"picked":"SKIP","floor":18.0},{"not_picked":["Conserve Battery+1","Steam+1"],"picked":"Genetic Algorithm+1","floor":20.0},{"not_picked":["Steam+1","Heatsinks"],"picked":"Recycle+1","floor":21.0},{"not_picked":["FTL","Turbo+1","Gash"],"picked":"SKIP","floor":23.0},{"not_picked":["Amplify+1","Streamline+1"],"picked":"Conserve Battery+1","floor":25.0},{"not_picked":["Barrage+1","Redo+1"],"picked":"Glacier+1","floor":27.0},{"not_picked":["Conserve Battery+1","Rip and Tear+1"],"picked":"Storm+1","floor":29.0},{"not_picked":["Streamline+1","Go for the Eyes+1"],"picked":"Defragment","floor":30.0},{"not_picked":["Redo+1","Lockon+1"],"picked":"Genetic Algorithm+1","floor":31.0},{"not_picked":["Buffer","Fission+1"],"picked":"Electrodynamics","floor":33.0},{"not_picked":["Conserve Battery+1","Redo+1"],"picked":"Darkness+1","floor":35.0},{"not_picked":["Barrage+1","Compile Driver+1","Stack+1"],"picked":"SKIP","floor":36.0},{"not_picked":["Aggregate+1","Rip and Tear+1"],"picked":"Blizzard+1","floor":38.0},{"not_picked":["Melter+1","Storm","Tempest+1"],"picked":"SKIP","floor":40.0},{"not_picked":["Gash+1","Lockon+1"],"picked":"White Noise+1","floor":41.0},{"not_picked":["Scrape+1","Lockon+1","Beam Cell+1"],"picked":"SKIP","floor":42.0},{"not_picked":["Compile Driver+1","Consume+1","Reboot+1"],"picked":"SKIP","floor":44.0},{"not_picked":["Conserve Battery+1","Self Repair"],"picked":"Chill+1","floor":46.0},{"not_picked":["Stack+1","Doom and Gloom+1"],"picked":"Glacier+1","floor":54.0}],"player_experience":1900957,"relics_obtained":[{"floor":2.0,"key":"Bag of Marbles"},{"floor":6.0,"key":"Mummified Hand"},{"floor":8.0,"key":"Potion Belt"},{"floor":9.0,"key":"DataDisk"},{"floor":11.0,"key":"Sundial"},{"floor":23.0,"key":"Molten Egg 2"},{"floor":26.0,"key":"Incense Burner"},{"floor":29.0,"key":"WingedGreaves"},{"floor":30.0,"key":"Girya"},{"floor":31.0,"key":"Oddly Smooth Stone"},{"floor":39.0,"key":"Dead Branch"},{"floor":40.0,"key":"Gambling Chip"},{"floor":42.0,"key":"MawBank"},{"floor":44.0,"key":"Ice Cream"},{"floor":54.0,"key":"Pocketwatch"}],"event_choices":[{"damage_healed":0.0,"max_hp_gain":0.0,"max_hp_loss":0.0,"gold_gain":0.0,"event_name":"Wheel of Change","player_choice":"Relic","floor":2.0,"gold_loss":0.0,"damage_taken":0.0},{"damage_healed":0.0,"max_hp_gain":0.0,"max_hp_loss":0.0,"gold_gain":50.0,"event_name":"Golden Shrine","player_choice":"Pray","floor":22.0,"gold_loss":0.0,"damage_taken":0.0},{"damage_healed":0.0,"max_hp_gain":0.0,"max_hp_loss":0.0,"gold_gain":0.0,"event_name":"Mysterious Sphere","player_choice":"Fight","floor":39.0,"gold_loss":0.0,"damage_taken":0.0}],"is_beta":true,"boss_relics":[{"not_picked":["Inserter","Cursed Key"],"picked":"Snecko Eye"},{"not_picked":["Astrolabe","Lizard Tail"],"picked":"Fusion Hammer"}],"items_purged_floors":[37,48],"is_endless":false,"potions_floor_spawned":[1,12,14,20,25,29,31,33,36,39,41,42],"ascension_level":15}