{"gold_per_floor":[119,136,136,61,75,75,118,137,137,173,173,173,216,236,236,327,327,340,340],"floor_reached":19,"playtime":538,"items_purged":["Strike_B"],"score":327,"play_id":"e98b3c38-5e66-476a-b071-19b18560f1a6","local_time":"20190225203634","is_ascension_mode":true,"campfire_choices":[{"data":"Streamline","floor":6,"key":"SMITH"},{"floor":11,"key":"REST"},{"data":"Ball Lightning","floor":15,"key":"SMITH"}],"neow_cost":"NONE","seed_source_timestamp":718651847303904,"circlet_count":0,"master_deck":["AscendersBane","Strike_B","Strike_B","Defend_B","Defend_B","Defend_B","Defend_B","Zap","Dualcast","Streamline+1","Ball Lightning+1","Cold Snap","Auto Shields","Undo","Self Repair","Echo Form"],"relics":["Sozu","Golden Idol","Darkstone Periapt","Unceasing Top","Calipers","Juzu Bracelet","Snecko Eye"],"potions_floor_usage":[],"damage_taken":[{"damage":6,"enemies":"Cultist","floor":1,"turns":3},{"damage":1,"enemies":"Small Slimes","floor":2,"turns":3},{"damage":0,"enemies":"2 Louse","floor":5,"turns":3},{"damage":27,"enemies":"Gremlin Nob","floor":7,"turns":4},{"damage":6,"enemies":"Blue Slaver","floor":8,"turns":3},{"damage":10,"enemies":"Lagavulin","floor":10,"turns":7},{"damage":5,"enemies":"Gremlin Nob","floor":13,"turns":4},{"damage":0,"enemies":"3 Louse","floor":14,"turns":3},{"damage":16,"enemies":"Hexaghost","floor":16,"turns":10},{"damage":6,"enemies":"Shell Parasite","floor":18,"turns":5},{"damage":27,"enemies":"Colosseum Slavers","floor":19,"turns":5},{"damage":42,"enemies":"Colosseum Nobs","floor":19,"turns":3}],"seed_played":"198786271121054499","potions_obtained":[],"is_trial":false,"path_per_floor":["M","M","?","$","M","R","E","M","T","E","R","?","E","M","R","B",null,"M","?"],"character_chosen":"DEFECT","items_purchased":[],"campfire_rested":1,"item_purchase_floors":[],"current_hp_per_floor":[58,57,57,57,57,57,30,24,24,14,33,26,21,21,21,12,51,45,0],"gold":340,"neow_bonus":"BOSS_RELIC","is_prod":false,"is_daily":false,"chose_seed":false,"campfire_upgraded":2,"win_rate":0,"timestamp":1551144994,"path_taken":["M","?","?","$","M","R","E","M","T","E","R","?","E","M","R","BOSS","M","?"],"build_version":"2019-02-06","purchased_purges":1,"victory":false,"max_hp_per_floor":[71,71,64,64,64,64,64,64,64,64,64,64,64,64,64,64,64,64,64],"card_choices":[{"not_picked":["Sweeping Beam","Melter"],"picked":"Streamline","floor":1},{"not_picked":["Leap","Double Energy"],"picked":"Ball Lightning","floor":2},{"not_picked":["Streamline","Conserve Battery"],"picked":"Cold Snap","floor":5},{"not_picked":["Redo","Ball Lightning","Aggregate"],"picked":"SKIP","floor":7},{"not_picked":["Cold Snap","Chill"],"picked":"Auto Shields","floor":8},{"not_picked":["Thunder Strike","Storm"],"picked":"Undo","floor":10},{"not_picked":["Leap","Redo","Undo"],"picked":"SKIP","floor":13},{"not_picked":["Barrage","Cold Snap"],"picked":"Self Repair","floor":14},{"not_picked":["Machine Learning","Seek"],"picked":"Echo Form","floor":16},{"not_picked":["Streamline","Chill","Sweeping Beam"],"picked":"SKIP","floor":18}],"player_experience":2042166,"relics_obtained":[{"floor":7,"key":"Darkstone Periapt"},{"floor":9,"key":"Unceasing Top"},{"floor":10,"key":"Calipers"},{"floor":13,"key":"Juzu Bracelet"}],"event_choices":[{"damage_healed":0,"gold_gain":0,"player_choice":"Lose Max HP","damage_taken":0,"relics_obtained":["Golden Idol"],"max_hp_gain":0,"max_hp_loss":7,"event_name":"Golden Idol","floor":3,"gold_loss":0},{"cards_removed":["Strike_B"],"damage_healed":0,"gold_gain":0,"player_choice":"Card Removal","damage_taken":7,"max_hp_gain":0,"max_hp_loss":0,"event_name":"Golden Wing","floor":12,"gold_loss":0},{"damage_healed":0,"gold_gain":0,"player_choice":"Fight","damage_taken":0,"max_hp_gain":0,"max_hp_loss":0,"event_name":"Colosseum","floor":19,"gold_loss":0},{"damage_healed":0,"gold_gain":0,"player_choice":"Fought Nobs","damage_taken":0,"max_hp_gain":0,"max_hp_loss":0,"event_name":"Colosseum","floor":19,"gold_loss":0}],"is_beta":true,"boss_relics":[{"not_picked":["Lizard Tail","White Beast Statue"],"picked":"Snecko Eye"}],"items_purged_floors":[4],"is_endless":false,"potions_floor_spawned":[5,10,14,16],"killed_by":"Colosseum Nobs","ascension_level":15}