{"gold_per_floor":[109,184,284,294,311,311,326,358,383,398,414,414,429,314,314,410,410,428,428,428,428,305,305,134,145,169,181,181,181,181,198,198,301,301,315,315,327,346,346,346,26,26,26,126,137,137,65,83,83,83,83,83,83,112,112],"floor_reached":56,"playtime":2482,"items_purged":["Strike_R","Strike_R","Strike_R","Defend_R"],"score":1197,"play_id":"c6908dd5-80a6-41b9-bfb4-8a6fcc22660c","local_time":"20190312020337","is_ascension_mode":false,"campfire_choices":[{"data":"Searing Blow","floor":6,"key":"SMITH"},{"floor":12,"key":"RECALL"},{"data":"Searing Blow+1","floor":15,"key":"SMITH"},{"data":"Searing Blow+2","floor":23,"key":"SMITH"},{"data":"Searing Blow+3","floor":28,"key":"SMITH"},{"data":"Searing Blow+4","floor":30,"key":"SMITH"},{"data":"Searing Blow+5","floor":32,"key":"SMITH"},{"data":"Searing Blow+6","floor":40,"key":"SMITH"},{"data":"Armaments","floor":42,"key":"SMITH"},{"data":"Searing Blow+8","floor":49,"key":"SMITH"},{"data":"Uppercut","floor":52,"key":"SMITH"}],"neow_cost":"NONE","seed_source_timestamp":936575713049856,"circlet_count":0,"master_deck":["Strike_R","Defend_R","Defend_R","Defend_R","Bash","Evolve","Searing Blow+9","Metallicize","Uppercut+1","Shrug It Off","Shockwave","Impervious","Reckless Charge","Necronomicurse","Disarm","Shrug It Off","Shrug It Off","Demon Form","Armaments+1","Shame","Offering"],"relics":["Burning Blood","Bag of Marbles","Anchor","Blood Vial","Sozu","Necronomicon","Bronze Scales","Cursed Key","Bag of Preparation","Oddly Smooth Stone","Incense Burner","Letter Opener"],"potions_floor_usage":[16],"damage_taken":[{"damage":0,"enemies":"2 Louse","floor":1,"turns":3},{"damage":1,"enemies":"Jaw Worm","floor":4,"turns":3},{"damage":1,"enemies":"Cultist","floor":5,"turns":3},{"damage":11,"enemies":"3 Louse","floor":7,"turns":5},{"damage":47,"enemies":"3 Sentries","floor":8,"turns":10},{"damage":7,"enemies":"Looter","floor":10,"turns":3},{"damage":0,"enemies":"Blue Slaver","floor":11,"turns":4},{"damage":11,"enemies":"Exordium Thugs","floor":13,"turns":7},{"damage":33,"enemies":"Hexaghost","floor":16,"turns":12},{"damage":1,"enemies":"Shell Parasite","floor":18,"turns":6},{"damage":0,"enemies":"Spheric Guardian","floor":25,"turns":1},{"damage":5,"enemies":"3 Cultists","floor":27,"turns":5},{"damage":0,"enemies":"Cultist and Chosen","floor":31,"turns":5},{"damage":45,"enemies":"Automaton","floor":33,"turns":9},{"damage":15,"enemies":"3 Darklings","floor":35,"turns":6},{"damage":0,"enemies":"3 Shapes","floor":37,"turns":5},{"damage":24,"enemies":"Transient","floor":38,"turns":5},{"damage":2,"enemies":"Mind Bloom Boss Battle","floor":44,"turns":3},{"damage":0,"enemies":"Spire Growth","floor":45,"turns":4},{"damage":6,"enemies":"Writhing Mass","floor":48,"turns":3},{"damage":0,"enemies":"Donu and Deca","floor":50,"turns":5},{"damage":3,"enemies":"Shield and Spear","floor":54,"turns":5},{"damage":61,"enemies":"The Heart","floor":55,"turns":7}],"seed_played":"1493239381371010263","potions_obtained":[{"floor":5,"key":"FearPotion"},{"floor":7,"key":"Weak Potion"},{"floor":8,"key":"SneckoOil"},{"floor":10,"key":"Ancient Potion"},{"floor":13,"key":"EssenceOfSteel"}],"is_trial":false,"path_per_floor":["M","?","?","M","M","R","M","E","T","M","M","R","M","$","R","B",null,"M","?","?","?","$","R","$","M","T","M","R","?","R","M","R","B",null,"M","?","M","M","?","R","$","R","T","?","M","?","$","M","R","B",null,"R","$","E","B",null],"character_chosen":"IRONCLAD","items_purchased":["Shockwave","Shrug It Off","Shrug It Off","Armaments","Oddly Smooth Stone","Offering"],"campfire_rested":0,"item_purchase_floors":[14,22,24,41,41,47],"current_hp_per_floor":[80,69,69,74,79,79,74,33,33,34,42,42,39,39,39,14,80,80,64,64,64,64,64,64,72,72,75,75,75,75,80,80,41,80,71,71,79,62,62,62,62,62,62,68,76,76,76,78,78,80,80,80,80,80,25],"gold":112,"neow_bonus":"RANDOM_COMMON_RELIC","is_prod":false,"is_daily":false,"chose_seed":false,"campfire_upgraded":10,"win_rate":0,"timestamp":1552370617,"path_taken":["M","?","?","M","M","R","M","E","T","?","M","R","M","$","R","BOSS","M","?","?","?","?","R","$","?","T","M","R","?","R","M","R","BOSS","M","?","?","M","?","R","$","R","T","?","M","?","$","M","R","BOSS","R","$","E","BOSS"],"build_version":"2019-01-23","purchased_purges":4,"victory":true,"max_hp_per_floor":[80,80,80,80,80,80,80,80,80,80,80,80,80,80,80,80,80,80,80,80,80,80,80,80,80,80,80,80,80,80,80,80,80,80,80,80,80,80,80,80,80,80,80,80,80,80,80,80,80,80,80,80,80,80,80],"card_choices":[{"not_picked":["Wild Strike","Headbutt","Blood for Blood"],"picked":"SKIP","floor":1},{"not_picked":["Warcry","Blood for Blood"],"picked":"Evolve","floor":4},{"not_picked":["Shrug It Off","Warcry"],"picked":"Searing Blow","floor":5},{"not_picked":["Clash","Sword Boomerang","Body Slam"],"picked":"SKIP","floor":7},{"not_picked":["Anger","Fiend Fire"],"picked":"Metallicize","floor":8},{"not_picked":["Clash","Wild Strike"],"picked":"Uppercut","floor":10},{"not_picked":["Warcry","Bloodletting"],"picked":"Shrug It Off","floor":11},{"not_picked":["Twin Strike","Hemokinesis","Burning Pact"],"picked":"SKIP","floor":13},{"not_picked":["Feed","Barricade"],"picked":"Impervious","floor":16},{"not_picked":["Wild Strike","Blood for Blood"],"picked":"Reckless Charge","floor":18},{"not_picked":["Burning Pact","Heavy Blade+1","Thunderclap"],"picked":"SKIP","floor":25},{"not_picked":["Pummel","Dropkick","Anger"],"picked":"SKIP","floor":27},{"not_picked":["Reckless Charge","Clash","Twin Strike+1"],"picked":"SKIP","floor":31},{"not_picked":["Offering","Juggernaut"],"picked":"Demon Form","floor":33},{"not_picked":["Sentinel+1","Entrench","Headbutt"],"picked":"SKIP","floor":35},{"not_picked":["Heavy Blade+1","Uppercut","Thunderclap+1"],"picked":"SKIP","floor":37},{"not_picked":["Reckless Charge","Thunderclap+1","Combust"],"picked":"SKIP","floor":38},{"not_picked":["Pommel Strike+1","Bludgeon","Clash+1"],"picked":"SKIP","floor":45},{"not_picked":["Carnage","Flex","Clash+1"],"picked":"SKIP","floor":48},{"not_picked":["Iron Wave","Twin Strike","Rupture"],"picked":"SKIP","floor":54}],"player_experience":1218283,"relics_obtained":[{"floor":8,"key":"Anchor"},{"floor":9,"key":"Blood Vial"},{"floor":19,"key":"Necronomicon"},{"floor":26,"key":"Bronze Scales"},{"floor":44,"key":"Incense Burner"},{"floor":54,"key":"Letter Opener"}],"event_choices":[{"damage_healed":0,"gold_gain":75,"player_choice":"Gather Gold","damage_taken":11,"max_hp_gain":0,"max_hp_loss":0,"event_name":"World of Goop","floor":2,"gold_loss":0},{"damage_healed":0,"gold_gain":100,"player_choice":"Pray","damage_taken":0,"max_hp_gain":0,"max_hp_loss":0,"event_name":"Golden Shrine","floor":3,"gold_loss":0},{"damage_healed":0,"gold_gain":0,"player_choice":"Obtained Book","damage_taken":16,"max_hp_gain":0,"max_hp_loss":0,"event_name":"Cursed Tome","floor":19,"gold_loss":0},{"damage_healed":0,"gold_gain":0,"player_choice":"Ignored","damage_taken":0,"max_hp_gain":0,"max_hp_loss":0,"event_name":"Vampires","floor":20,"gold_loss":0},{"damage_healed":0,"gold_gain":0,"player_choice":"Read","damage_taken":0,"max_hp_gain":0,"max_hp_loss":0,"event_name":"The Library","floor":21,"gold_loss":0,"cards_obtained":["Disarm"]},{"damage_healed":0,"gold_gain":0,"player_choice":"Ignored","damage_taken":0,"max_hp_gain":0,"max_hp_loss":0,"event_name":"The Mausoleum","floor":29,"gold_loss":0},{"damage_healed":0,"gold_gain":0,"player_choice":"Gave Potion","damage_taken":0,"relics_obtained":["Bag of Preparation"],"max_hp_gain":0,"max_hp_loss":0,"event_name":"WeMeetAgain","floor":36,"gold_loss":0},{"cards_removed":["Strike_R"],"damage_healed":0,"gold_gain":0,"player_choice":"Removed Attack","damage_taken":0,"max_hp_gain":0,"max_hp_loss":0,"event_name":"Falling","floor":39,"gold_loss":0},{"damage_healed":0,"gold_gain":0,"player_choice":"Fight","damage_taken":0,"max_hp_gain":0,"max_hp_loss":0,"event_name":"MindBloom","floor":44,"gold_loss":0},{"damage_healed":0,"gold_gain":0,"player_choice":"Forge","damage_taken":0,"max_hp_gain":0,"max_hp_loss":0,"event_name":"Accursed Blacksmith","floor":46,"gold_loss":0,"cards_upgraded":["Searing Blow"]}],"is_beta":false,"boss_relics":[{"not_picked":["Ectoplasm","Runic Pyramid"],"picked":"Sozu"},{"not_picked":["Busted Crown","Fusion Hammer"],"picked":"Cursed Key"}],"items_purged_floors":[14,22,24,41],"is_endless":false,"potions_floor_spawned":[5,7,8,10,13,25,27,33,35,44],"ascension_level":0}