{"gold_per_floor":[110,185,185,185,204,262,262,275,322,322,322,176,203,219,219,340,340,361,376,376,376,5,36,36,36,36,52,52,67,67,67,67,198,198,216,216,230,563,581,581,169,181,181,181],"floor_reached":44,"playtime":2076,"items_purged":["Regret"],"score":474,"play_id":"e55ac4ee-d352-47ba-b524-ae39c6bfc9f1","local_time":"20190312180204","is_ascension_mode":false,"campfire_choices":[{"data":"Loop","floor":7,"key":"SMITH"},{"data":"Tempest","floor":10,"key":"SMITH"},{"floor":15,"key":"REST"},{"data":"Electrodynamics","floor":24,"key":"SMITH"},{"data":"Rainbow","floor":28,"key":"SMITH"},{"data":"Zap","floor":32,"key":"SMITH"},{"floor":40,"key":"REST"}],"neow_cost":"NONE","seed_source_timestamp":79036031455248,"circlet_count":0,"master_deck":["Defend_B","Defend_B","Defend_B","Defend_B","Zap+1","Dualcast","Conserve Battery","Conserve Battery","Tempest+1","Loop+1","Reprogram","Undo","Rainbow+1","Tempest+1","Go for the Eyes+1","Ball Lightning","Static Discharge","Electrodynamics+1","Bite","Bite","Bite","Bite","Bite","Thunder Strike","Normality","Normality","Capacitor+1","Redo+1","Coolheaded","Conserve Battery+1"],"relics":["Cracked Core","NlothsMask","Tiny Chest","Strawberry","Potion Belt","Lizard Tail","Orichalcum","FossilizedHelix","Singing Bowl","Darkstone Periapt","Calling Bell","Smiling Mask","Dodecahedron","Pocketwatch","Membership Card","Bottled Tornado","PreservedInsect"],"potions_floor_usage":[23,23,33,44,44,44],"damage_taken":[{"damage":0,"enemies":"2 Louse","floor":1,"turns":3},{"damage":0,"enemies":"Small Slimes","floor":5,"turns":3},{"damage":17,"enemies":"Gremlin Nob","floor":6,"turns":4},{"damage":11,"enemies":"Jaw Worm","floor":8,"turns":2},{"damage":12,"enemies":"Lots of Slimes","floor":14,"turns":4},{"damage":32,"enemies":"Hexaghost","floor":16,"turns":13},{"damage":29,"enemies":"3 Byrds","floor":18,"turns":5},{"damage":3,"enemies":"Chosen","floor":19,"turns":6},{"damage":13,"enemies":"Book of Stabbing","floor":23,"turns":4},{"damage":5,"enemies":"Snake Plant","floor":27,"turns":3},{"damage":0,"enemies":"Cultist and Chosen","floor":29,"turns":6},{"damage":78,"enemies":"Automaton","floor":33,"turns":9},{"damage":17,"enemies":"3 Darklings","floor":35,"turns":4},{"damage":17,"enemies":"Orb Walker","floor":37,"turns":4},{"damage":50,"enemies":"Spire Growth","floor":39,"turns":5},{"damage":13,"enemies":"Maw","floor":42,"turns":7},{"damage":45,"enemies":"Reptomancer","floor":44,"turns":2}],"seed_played":"-4965897650853242068","potions_obtained":[{"floor":6,"key":"EssenceOfSteel"},{"floor":8,"key":"LiquidBronze"},{"floor":16,"key":"Fire Potion"},{"floor":19,"key":"Fire Potion"},{"floor":42,"key":"Block Potion"}],"is_trial":false,"path_per_floor":["M","?","?","?","M","E","R","M","T","R","?","$","T","M","R","B",null,"M","M","T","?","$","E","R","?","T","M","R","M","$","?","R","B",null,"M","?","M","?","M","R","$","M","T","E"],"character_chosen":"DEFECT","items_purchased":["Strawberry","Static Discharge","FossilizedHelix","Membership Card","Bottled Tornado","PowerPotion","Coolheaded"],"campfire_rested":2,"item_purchase_floors":[12,22,22,41,41,41,41],"current_hp_per_floor":[75,64,64,64,64,47,47,36,36,36,18,25,25,13,37,5,82,53,50,50,50,50,37,37,37,37,36,36,46,46,46,46,22,79,62,64,49,49,5,29,29,22,22,0],"gold":181,"neow_bonus":"THREE_CARDS","is_prod":false,"is_daily":false,"chose_seed":false,"campfire_upgraded":5,"win_rate":0.0,"timestamp":1552410124,"path_taken":["M","?","?","?","M","E","R","?","T","R","?","$","?","M","R","BOSS","M","M","?","?","$","E","R","?","T","M","R","M","$","?","R","BOSS","M","?","M","?","M","R","?","?","T","E"],"build_version":"2019-01-23","purchased_purges":1,"victory":false,"max_hp_per_floor":[75,75,75,75,75,75,75,75,75,75,75,82,82,82,82,82,82,82,82,82,82,82,82,82,57,57,59,59,61,61,61,61,61,79,79,81,81,81,83,83,83,83,83,83],"card_choices":[{"not_picked":["Streamline","Turbo"],"picked":"Conserve Battery","floor":0},{"not_picked":["Compile Driver","Leap"],"picked":"Conserve Battery","floor":1},{"not_picked":["Barrage","Beam Cell"],"picked":"Tempest","floor":5},{"not_picked":["Buffer","Biased Cognition"],"picked":"Loop","floor":6},{"not_picked":["Go for the Eyes","Skim"],"picked":"Reprogram","floor":8},{"not_picked":["Rebound","Steam"],"picked":"Undo","floor":14},{"not_picked":["Buffer","Fission"],"picked":"Rainbow","floor":16},{"not_picked":["Stack","Lockon"],"picked":"Tempest+1","floor":18},{"not_picked":["Reinforced Body","Reprogram"],"picked":"Go for the Eyes+1","floor":19},{"not_picked":["Reprogram+1","Glacier"],"picked":"Electrodynamics","floor":23},{"not_picked":["Hologram","Rebound","Go for the Eyes"],"picked":"Singing Bowl","floor":27},{"not_picked":["Cold Snap","Stack","Scrape"],"picked":"Singing Bowl","floor":29},{"not_picked":["Multi-Cast","Fission"],"picked":"Thunder Strike","floor":33},{"not_picked":["Scrape","Stack+1"],"picked":"Capacitor+1","floor":35},{"not_picked":["Finesse","Blind","Thinking Ahead"],"picked":"Singing Bowl","floor":36},{"not_picked":["Chill+1","Stack"],"picked":"Redo+1","floor":37},{"not_picked":["Hello World","Blizzard","Rip and Tear+1"],"picked":"Singing Bowl","floor":39},{"not_picked":["Rebound+1","Streamline"],"picked":"Conserve Battery+1","floor":42}],"player_experience":274101,"relics_obtained":[{"floor":6,"key":"Tiny Chest"},{"floor":13,"key":"Potion Belt"},{"floor":20,"key":"Orichalcum"},{"floor":23,"key":"Singing Bowl"},{"floor":26,"key":"Darkstone Periapt"},{"floor":34,"key":"Smiling Mask"},{"floor":34,"key":"Dodecahedron"},{"floor":34,"key":"Pocketwatch"},{"floor":43,"key":"PreservedInsect"}],"event_choices":[{"damage_healed":0,"gold_gain":75,"player_choice":"Gather Gold","damage_taken":11,"max_hp_gain":0,"max_hp_loss":0,"event_name":"World of Goop","floor":2,"gold_loss":0},{"damage_healed":0,"gold_gain":0,"player_choice":"Leave","damage_taken":0,"max_hp_gain":0,"max_hp_loss":0,"event_name":"The Cleric","floor":3,"gold_loss":0},{"damage_healed":0,"gold_gain":0,"player_choice":"Trade","damage_taken":0,"relics_obtained":["NlothsMask"],"max_hp_gain":0,"max_hp_loss":0,"event_name":"FaceTrader","floor":4,"gold_loss":0},{"damage_healed":0,"gold_gain":0,"player_choice":"Take Damage","damage_taken":18,"relics_obtained":["Golden Idol"],"max_hp_gain":0,"max_hp_loss":0,"event_name":"Golden Idol","floor":11,"gold_loss":0},{"damage_healed":0,"gold_gain":0,"player_choice":"Read","damage_taken":0,"max_hp_gain":0,"max_hp_loss":0,"event_name":"The Library","floor":21,"gold_loss":0,"cards_obtained":["Ball Lightning"]},{"damage_healed":0,"gold_gain":0,"player_choice":"Became a vampire","damage_taken":0,"max_hp_gain":0,"max_hp_loss":25,"event_name":"Vampires","floor":25,"gold_loss":0,"cards_obtained":["Bite","Bite","Bite","Bite","Bite"]},{"damage_healed":0,"gold_gain":0,"player_choice":"Ignored","damage_taken":0,"max_hp_gain":0,"max_hp_loss":0,"event_name":"Ghosts","floor":31,"gold_loss":0},{"damage_healed":0,"gold_gain":0,"player_choice":"Memory 1","damage_taken":0,"max_hp_gain":0,"max_hp_loss":0,"event_name":"SensoryStone","floor":36,"gold_loss":0},{"damage_healed":0,"gold_gain":333,"player_choice":"Gave Idol","damage_taken":0,"max_hp_gain":0,"max_hp_loss":0,"event_name":"The Moai Head","floor":38,"relics_lost":["Golden Idol"],"gold_loss":0}],"is_beta":false,"boss_relics":[{"not_picked":["Eternal Feather","Velvet Choker"],"picked":"Lizard Tail"},{"not_picked":["Astrolabe","Busted Crown"],"picked":"Calling Bell"}],"items_purged_floors":[41],"is_endless":false,"potions_floor_spawned":[6,8,16,19,42],"killed_by":"Reptomancer","ascension_level":0}