{"gold_per_floor":[112,37,48,123,123,123,149,166,166,166,180,207,207,226,226,298,298,310,66,84,84,103,103,122,122,122,122,122,222,222,250,250,250],"floor_reached":33,"playtime":1324,"items_purged":[],"score":522,"play_id":"8de43bd5-582f-4d6c-a4a4-40d38464dc5d","local_time":"20190110190742","is_ascension_mode":true,"campfire_choices":[{"data":"Neutralize","floor":6,"key":"SMITH"},{"floor":10,"key":"REST"},{"data":"1","floor":13,"key":"LIFT"},{"data":"2","floor":15,"key":"LIFT"},{"data":"Deadly Poison","floor":23,"key":"SMITH"},{"floor":25,"key":"REST"},{"floor":27,"key":"REST"},{"data":"Catalyst","floor":28,"key":"SMITH"},{"floor":30,"key":"REST"},{"data":"3","floor":32,"key":"LIFT"}],"neow_cost":"NONE","seed_source_timestamp":121434888929151,"circlet_count":0,"master_deck":["AscendersBane","Defend_G+1","Defend_G+1","Defend_G+1","Defend_G+1","Defend_G+1","Strike_G+1","Strike_G+1","Strike_G+1","Strike_G+1","Survivor","Neutralize+1","Backstab","Backflip","Dagger Spray+1","PiercingWail","Leg Sweep","Catalyst+1","Malaise","Deadly Poison+1","Footwork","Cloak And Dagger","Flying Knee+1","Footwork+1","Cloak And Dagger+1","Poisoned Stab+1"],"relics":["Ring of the Snake","Lantern","Girya","Mercury Hourglass","WingedGreaves","Orrery","Molten Egg 2","Regal Pillow","Mango","Ninja Scroll","Whetstone"],"potions_floor_usage":[7,12,16,16,29,29,33],"damage_taken":[{"damage":0,"enemies":"2 Louse","floor":1,"turns":4},{"damage":0,"enemies":"Jaw Worm","floor":3,"turns":3},{"damage":35,"enemies":"3 Sentries","floor":7,"turns":14},{"damage":0,"enemies":"Small Slimes","floor":8,"turns":3},{"damage":0,"enemies":"Exordium Wildlife","floor":11,"turns":2},{"damage":20,"enemies":"Lagavulin","floor":12,"turns":12},{"damage":0,"enemies":"3 Louse","floor":14,"turns":2},{"damage":19,"enemies":"Hexaghost","floor":16,"turns":12},{"damage":1,"enemies":"Chosen","floor":18,"turns":4},{"damage":19,"enemies":"Shell Parasite","floor":20,"turns":6},{"damage":2,"enemies":"3 Cultists","floor":22,"turns":4},{"damage":23,"enemies":"Centurion and Healer","floor":24,"turns":6},{"damage":8,"enemies":"Colosseum Slavers","floor":29,"turns":2},{"damage":40,"enemies":"Colosseum Nobs","floor":29,"turns":5},{"damage":0,"enemies":"Slavers","floor":31,"turns":6},{"damage":80,"enemies":"Champ","floor":33,"turns":14}],"seed_played":"6547268169382238827","potions_obtained":[{"floor":1,"key":"EntropicBrew"},{"floor":12,"key":"Regen Potion"},{"floor":18,"key":"Poison Potion"},{"floor":24,"key":"Strength Potion"},{"floor":31,"key":"Energy Potion"}],"is_trial":false,"path_per_floor":["M","?","M","?","?","R","E","M","T","R","M","E","R","M","R","B",null,"M","$","M","?","M","R","M","R","T","R","R","?","R","E","R","B"],"character_chosen":"THE_SILENT","items_purchased":["Molten Egg 2"],"campfire_rested":4,"item_purchase_floors":[19],"current_hp_per_floor":[59,59,59,48,48,48,13,13,13,32,32,12,12,12,12,8,52,51,51,32,32,30,30,7,26,26,60,60,26,65,65,65,0],"gold":250,"neow_bonus":"RANDOM_COMMON_RELIC","is_prod":false,"is_daily":false,"chose_seed":false,"campfire_upgraded":3,"win_rate":0,"timestamp":1547165262,"path_taken":["M","?","M","?","?","R","E","M","T","R","?","E","R","M","R","BOSS","M","$","M","?","M","R","M","R","T","R","R","?","R","E","R","BOSS"],"build_version":"2019-01-09","purchased_purges":0,"victory":false,"max_hp_per_floor":[66,66,66,66,66,66,66,66,66,66,66,66,66,66,66,66,66,66,66,66,66,66,66,66,66,66,66,66,80,80,80,80,80],"card_choices":[{"not_picked":["Blade Dance","Caltrops"],"picked":"Backstab","floor":1},{"not_picked":["Sucker Punch","Concentrate"],"picked":"Backflip","floor":3},{"not_picked":["Caltrops","Dodge and Roll"],"picked":"Dagger Spray","floor":7},{"not_picked":["Dodge and Roll","Dagger Spray"],"picked":"PiercingWail","floor":8},{"not_picked":["Reflex","Deflect"],"picked":"Leg Sweep","floor":11},{"not_picked":["Blur","Flechettes"],"picked":"Catalyst","floor":12},{"not_picked":["Dodge and Roll","Slice","Outmaneuver"],"picked":"SKIP","floor":14},{"not_picked":["Tools of the Trade","Die Die Die"],"picked":"Malaise","floor":16},{"not_picked":["Caltrops","Accuracy"],"picked":"Deadly Poison","floor":17},{"not_picked":["Blur","Acrobatics"],"picked":"Footwork","floor":17},{"not_picked":["Slice","Underhanded Strike"],"picked":"Cloak And Dagger","floor":17},{"not_picked":["Backflip","Prepared"],"picked":"Flying Knee","floor":18},{"not_picked":["Phantasmal Killer","Masterful Stab+1","Choke+1"],"picked":"SKIP","floor":20},{"not_picked":["Acrobatics","Underhanded Strike+1","Flechettes+1"],"picked":"SKIP","floor":22},{"not_picked":["Dagger Throw+1","Predator+1"],"picked":"Footwork+1","floor":24},{"not_picked":["Deadly Poison","Underhanded Strike+1"],"picked":"Cloak And Dagger+1","floor":29},{"not_picked":["Dagger Spray+1","Backflip+1"],"picked":"Poisoned Stab+1","floor":31}],"player_experience":1823259,"relics_obtained":[{"floor":7,"key":"Girya"},{"floor":9,"key":"Mercury Hourglass"},{"floor":12,"key":"WingedGreaves"},{"floor":26,"key":"Regal Pillow"},{"floor":29,"key":"Mango"},{"floor":29,"key":"Ninja Scroll"},{"floor":31,"key":"Whetstone"}],"event_choices":[{"cards_removed":["Strike_G"],"damage_healed":0,"gold_gain":0,"player_choice":"Card Removal","damage_taken":0,"max_hp_gain":0,"max_hp_loss":0,"event_name":"The Cleric","floor":2,"gold_loss":75},{"damage_healed":0,"gold_gain":75,"player_choice":"Gather Gold","damage_taken":11,"max_hp_gain":0,"max_hp_loss":0,"event_name":"World of Goop","floor":4,"gold_loss":0},{"damage_healed":0,"gold_gain":0,"player_choice":"Ignored","damage_taken":0,"max_hp_gain":0,"max_hp_loss":0,"event_name":"Liars Game","floor":5,"gold_loss":0},{"damage_healed":0,"gold_gain":0,"player_choice":"Simplicity","damage_taken":0,"max_hp_gain":0,"max_hp_loss":0,"event_name":"Back to Basics","floor":21,"gold_loss":0,"cards_upgraded":["Defend_G","Defend_G","Defend_G","Defend_G","Defend_G","Strike_G","Strike_G","Strike_G","Strike_G"]},{"damage_healed":0,"gold_gain":0,"player_choice":"Fight","damage_taken":0,"max_hp_gain":0,"max_hp_loss":0,"event_name":"Colosseum","floor":29,"gold_loss":0},{"damage_healed":0,"gold_gain":0,"player_choice":"Fought Nobs","damage_taken":0,"max_hp_gain":0,"max_hp_loss":0,"event_name":"Colosseum","floor":29,"gold_loss":0}],"is_beta":true,"boss_relics":[{"not_picked":["Eternal Feather","Calling Bell"],"picked":"Orrery"}],"items_purged_floors":[],"is_endless":false,"potions_floor_spawned":[1,7,12,14,18,24,31],"killed_by":"Champ","ascension_level":15}