{"gold_per_floor":[110,127,142,162,174,174,206,206,206,281,281,156,175,175,175,298,298,316,335,353,199,217,217],"floor_reached":23,"playtime":1877,"items_purged":["Injury","Strike_R"],"score":195,"play_id":"b4c654ca-0831-4ef2-83b6-dec192f82018","local_time":"20190314184147","is_ascension_mode":false,"campfire_choices":[{"data":"Double Tap","floor":6,"key":"SMITH"},{"data":"Metallicize","floor":8,"key":"SMITH"},{"floor":15,"key":"REST"}],"neow_cost":"NONE","seed_source_timestamp":6332652289341,"circlet_count":0,"master_deck":["Strike_R","Strike_R","Strike_R","Strike_R","Defend_R","Defend_R","Defend_R","Defend_R","Bash","Inflame","Thunderclap","Double Tap+1","Metallicize+1","Shrug It Off+1","Flex+1","Rage+1","Havoc+1","Spot Weakness+1"],"relics":["Burning Blood","Vajra","Toxic Egg 2","Letter Opener","Golden Idol","Snecko Eye"],"potions_floor_usage":[5,7,16,19,20],"damage_taken":[{"damage":6,"enemies":"Jaw Worm","floor":1,"turns":3},{"damage":0,"enemies":"2 Louse","floor":2,"turns":2},{"damage":0,"enemies":"Small Slimes","floor":3,"turns":3},{"damage":2,"enemies":"2 Fungi Beasts","floor":4,"turns":3},{"damage":11,"enemies":"Lots of Slimes","floor":5,"turns":3},{"damage":14,"enemies":"Gremlin Nob","floor":7,"turns":3},{"damage":26,"enemies":"Gremlin Gang","floor":13,"turns":4},{"damage":43,"enemies":"Slime Boss","floor":16,"turns":11},{"damage":6,"enemies":"Shell Parasite","floor":18,"turns":5},{"damage":1,"enemies":"3 Byrds","floor":19,"turns":3},{"damage":25,"enemies":"3 Cultists","floor":20,"turns":8},{"damage":17,"enemies":"Sentry and Sphere","floor":22,"turns":7},{"damage":58,"enemies":"Slavers","floor":23,"turns":4}],"seed_played":"873480589404335019","potions_obtained":[{"floor":1,"key":"Poison Potion"},{"floor":3,"key":"SteroidPotion"},{"floor":5,"key":"GamblersBrew"},{"floor":16,"key":"Ancient Potion"},{"floor":18,"key":"LiquidBronze"},{"floor":19,"key":"Weak Potion"}],"is_trial":false,"path_per_floor":["?","?","?"],"character_chosen":"IRONCLAD","items_purchased":["Shrug It Off+1","Havoc+1"],"campfire_rested":1,"item_purchase_floors":[12,21],"current_hp_per_floor":[80,80,80,80,75,75,67,67,67,56,56,56,36,36,60,23,80,80,80,61,61,50,0],"gold":217,"neow_bonus":"RANDOM_COMMON_RELIC","is_prod":false,"is_daily":false,"chose_seed":false,"campfire_upgraded":2,"win_rate":0.0,"timestamp":1552585307,"path_taken":["M","M","M","M","M","R","E","R","T","?","?","$","M","?","R","BOSS","M","M","M","$","M","E"],"build_version":"2019-01-23","purchased_purges":2,"victory":false,"max_hp_per_floor":[80,80,80,80,80,80,80,80,80,80,80,80,80,80,80,80,80,80,80,80,80,80,80],"card_choices":[{"not_picked":["Seeing Red","Dual Wield"],"picked":"Inflame","floor":1},{"not_picked":["Perfected Strike","Sever Soul","Havoc"],"picked":"SKIP","floor":2},{"not_picked":["Wild Strike","Sword Boomerang"],"picked":"Thunderclap","floor":3},{"not_picked":["Thunderclap","Perfected Strike","Pummel"],"picked":"SKIP","floor":4},{"not_picked":["Twin Strike","Pummel"],"picked":"Double Tap","floor":5},{"not_picked":["Seeing Red","Havoc"],"picked":"Metallicize","floor":7},{"not_picked":["Iron Wave","Warcry+1","Perfected Strike"],"picked":"SKIP","floor":13},{"not_picked":["Havoc+1","Seeing Red+1"],"picked":"Flex+1","floor":18},{"not_picked":["Headbutt","Iron Wave","Uppercut"],"picked":"SKIP","floor":19},{"not_picked":["Clash","Hemokinesis"],"picked":"Rage+1","floor":20},{"not_picked":["Shrug It Off+1","True Grit+1"],"picked":"Spot Weakness+1","floor":22}],"player_experience":74500,"relics_obtained":[{"floor":7,"key":"Toxic Egg 2"},{"floor":9,"key":"Letter Opener"}],"event_choices":[{"damage_healed":0,"gold_gain":75,"player_choice":"Gather Gold","damage_taken":11,"max_hp_gain":0,"max_hp_loss":0,"event_name":"World of Goop","floor":10,"gold_loss":0},{"damage_healed":0,"gold_gain":0,"player_choice":"Take Wound","damage_taken":0,"relics_obtained":["Golden Idol"],"max_hp_gain":0,"max_hp_loss":0,"event_name":"Golden Idol","floor":11,"gold_loss":0,"cards_obtained":["Injury"]},{"damage_healed":0,"gold_gain":0,"player_choice":"Ignored","damage_taken":0,"max_hp_gain":0,"max_hp_loss":0,"event_name":"Golden Wing","floor":14,"gold_loss":0}],"is_beta":false,"boss_relics":[{"not_picked":["Tiny House","Cursed Key"],"picked":"Snecko Eye"}],"items_purged_floors":[12,21],"is_endless":false,"potions_floor_spawned":[1,3,5,16,18,19],"killed_by":"Slavers","ascension_level":0}