{"gold_per_floor":[118,118,118,130,144,144,209,209,209,228,239,256,272,285,285,381,381,349,349,363,363,363,390,407,407,407,407,418,428,528,58,58,160,160,178,278,294,14,14],"floor_reached":39,"playtime":4360,"items_purged":[],"score":420,"play_id":"22c3bc44-b122-4b1e-bcfc-a966c2958503","local_time":"20190313220236","is_ascension_mode":false,"campfire_choices":[{"data":"Self Repair","floor":6,"key":"SMITH"},{"floor":15,"key":"REST"},{"floor":25,"key":"REST"},{"data":"Capacitor","floor":27,"key":"SMITH"},{"floor":32,"key":"REST"}],"neow_cost":"NONE","seed_source_timestamp":7371614308717,"circlet_count":0,"master_deck":["Strike_B","Strike_B","Strike_B","Strike_B","Defend_B","Defend_B","Defend_B","Defend_B","Zap","Dualcast","Reprogram","Stack","Redo+1","Self Repair+1","Go for the Eyes","BootSequence","Cold Snap","Glacier","Ball Lightning","Beam Cell","Electrodynamics","Double Energy+1","Capacitor+1","Go for the Eyes+1","Ball Lightning+1","Melter+1","White Noise+1","Barrage","FTL","Discovery+1","All For One","Cold Snap","Conserve Battery+1","Thunder Strike","Ball Lightning+1","Barrage+1","Go for the Eyes","Coolheaded+1"],"relics":["FrozenCore","Regal Pillow","Mango","Question Card","Singing Bowl","Toxic Egg 2","Letter Opener","Torii","Matryoshka","Vajra","Inserter","Strange Spoon"],"potions_floor_usage":[7,12,16,24,28,30],"damage_taken":[{"damage":5,"enemies":"Small Slimes","floor":1,"turns":3},{"damage":8,"enemies":"2 Louse","floor":4,"turns":2},{"damage":11,"enemies":"Jaw Worm","floor":5,"turns":3},{"damage":40,"enemies":"3 Sentries","floor":7,"turns":6},{"damage":7,"enemies":"Blue Slaver","floor":10,"turns":4},{"damage":22,"enemies":"Gremlin Gang","floor":11,"turns":5},{"damage":3,"enemies":"Looter","floor":12,"turns":3},{"damage":4,"enemies":"Exordium Wildlife","floor":13,"turns":4},{"damage":13,"enemies":"Lots of Slimes","floor":14,"turns":4},{"damage":54,"enemies":"Hexaghost","floor":16,"turns":14},{"damage":6,"enemies":"2 Thieves","floor":18,"turns":5},{"damage":20,"enemies":"Spheric Guardian","floor":20,"turns":6},{"damage":71,"enemies":"Book of Stabbing","floor":23,"turns":10},{"damage":3,"enemies":"Snake Plant","floor":24,"turns":5},{"damage":14,"enemies":"Centurion and Healer","floor":28,"turns":6},{"damage":30,"enemies":"3 Cultists","floor":29,"turns":5},{"damage":0,"enemies":"Colosseum Slavers","floor":30,"turns":3},{"damage":18,"enemies":"Colosseum Nobs","floor":30,"turns":5},{"damage":31,"enemies":"Champ","floor":33,"turns":13},{"damage":31,"enemies":"3 Shapes","floor":35,"turns":7},{"damage":17,"enemies":"3 Darklings","floor":37,"turns":5},{"damage":57,"enemies":"Maw","floor":39,"turns":9}],"seed_played":"5311425537809626730","potions_obtained":[{"floor":1,"key":"AttackPotion"},{"floor":7,"key":"Ancient Potion"},{"floor":11,"key":"FocusPotion"},{"floor":18,"key":"Explosive Potion"},{"floor":23,"key":"Regen Potion"},{"floor":24,"key":"Weak Potion"}],"is_trial":false,"path_per_floor":["M","?","?","M","M","R","?","?","T","M","M","M","M","M","R","B",null,"M","?","M","?","T","E","M","R","T","R","M","M","?","$","R","B",null,"M","?","M","$","M"],"character_chosen":"DEFECT","items_purchased":["Discovery+1","All For One","Cold Snap","Vajra","Conserve Battery+1","Strange Spoon","Go for the Eyes","Coolheaded+1"],"campfire_rested":3,"item_purchase_floors":[31,31,31,31,31,38,38,38],"current_hp_per_floor":[70,70,58,50,39,39,23,23,23,26,14,21,27,24,65,21,89,89,89,79,79,79,18,39,80,80,80,76,56,58,58,89,68,89,68,68,51,51,0],"gold":14,"neow_bonus":"THREE_CARDS","is_prod":false,"is_daily":false,"chose_seed":false,"campfire_upgraded":2,"win_rate":0.0,"timestamp":1552539756,"path_taken":["M","?","?","M","M","R","?","?","T","M","M","M","M","M","R","BOSS","M","?","M","?","?","E","M","R","T","R","M","?","?","$","R","BOSS","M","?","M","$","M"],"build_version":"2019-01-23","purchased_purges":0,"victory":false,"max_hp_per_floor":[75,75,75,75,75,75,89,89,89,89,89,89,89,89,89,89,89,89,89,89,89,89,89,89,89,89,89,89,89,89,89,89,89,89,89,89,89,89,89],"card_choices":[{"not_picked":["Compile Driver","Skim"],"picked":"Reprogram","floor":0},{"not_picked":["Auto Shields","Barrage"],"picked":"Stack","floor":1},{"not_picked":["Reprogram","Scrape"],"picked":"Redo","floor":4},{"not_picked":["Conserve Battery","Go for the Eyes"],"picked":"Self Repair","floor":5},{"not_picked":["Steam","Compile Driver"],"picked":"Go for the Eyes","floor":7},{"not_picked":["Steam","Compile Driver","Amplify"],"picked":"BootSequence","floor":10},{"not_picked":["Redo","Scrape","Reprogram"],"picked":"Cold Snap","floor":11},{"not_picked":["Barrage","Skim","Steam"],"picked":"Glacier","floor":12},{"not_picked":["Stack","Steam Power","Hologram"],"picked":"Ball Lightning","floor":13},{"not_picked":["Leap","Coolheaded","Steam Power"],"picked":"Beam Cell","floor":14},{"not_picked":["Thunder Strike","Fission","Reboot"],"picked":"Electrodynamics","floor":16},{"not_picked":["Cold Snap","Force Field+1","Leap+1"],"picked":"Double Energy+1","floor":18},{"not_picked":["Reinforced Body+1","Redo+1","Cold Snap"],"picked":"Go for the Eyes+1","floor":20},{"not_picked":["Reprogram+1","Melter","Leap"],"picked":"Ball Lightning+1","floor":23},{"not_picked":["Barrage","Steam+1","Multi-Cast+1"],"picked":"Melter+1","floor":24},{"not_picked":["Conserve Battery+1","Barrage","Hologram+1"],"picked":"White Noise+1","floor":28},{"not_picked":["Go for the Eyes","Compile Driver","Steam+1"],"picked":"Barrage","floor":29},{"not_picked":["Ball Lightning+1","Heatsinks","Skim+1"],"picked":"FTL","floor":30},{"not_picked":["Machine Learning","Reboot+1","Buffer"],"picked":"Thunder Strike","floor":33},{"not_picked":["Tempest+1","Conserve Battery+1","Beam Cell+1"],"picked":"Ball Lightning+1","floor":35},{"not_picked":["Steam Power+1","Chill+1","Scrape"],"picked":"Barrage+1","floor":37}],"player_experience":55850,"relics_obtained":[{"floor":9,"key":"Question Card"},{"floor":22,"key":"Singing Bowl"},{"floor":23,"key":"Toxic Egg 2"},{"floor":26,"key":"Letter Opener"},{"floor":30,"key":"Torii"},{"floor":30,"key":"Matryoshka"}],"event_choices":[{"damage_healed":0,"gold_gain":0,"player_choice":"Ignored","damage_taken":0,"max_hp_gain":0,"max_hp_loss":0,"event_name":"Liars Game","floor":2,"gold_loss":0},{"damage_healed":0,"gold_gain":0,"player_choice":"Success","damage_taken":12,"relics_obtained":["Regal Pillow"],"max_hp_gain":0,"max_hp_loss":0,"event_name":"Scrap Ooze","floor":3,"gold_loss":0},{"damage_healed":0,"gold_gain":0,"player_choice":"Searched \u00273\u0027 times","damage_taken":0,"relics_obtained":["Mango"],"max_hp_gain":0,"max_hp_loss":0,"event_name":"Dead Adventurer","floor":7,"gold_loss":0},{"damage_healed":0,"gold_gain":0,"player_choice":"Grow","damage_taken":0,"max_hp_gain":0,"max_hp_loss":0,"event_name":"Living Wall","floor":8,"gold_loss":0,"cards_upgraded":["Redo"]},{"damage_healed":0,"gold_gain":0,"player_choice":"Read","damage_taken":0,"max_hp_gain":0,"max_hp_loss":0,"event_name":"The Library","floor":19,"gold_loss":0,"cards_obtained":["Capacitor"]},{"damage_healed":0,"gold_gain":0,"player_choice":"Ignored","damage_taken":0,"max_hp_gain":0,"max_hp_loss":0,"event_name":"Ghosts","floor":21,"gold_loss":0},{"damage_healed":0,"gold_gain":0,"player_choice":"Fight","damage_taken":0,"max_hp_gain":0,"max_hp_loss":0,"event_name":"Colosseum","floor":30,"gold_loss":0},{"damage_healed":0,"gold_gain":0,"player_choice":"Fought Nobs","damage_taken":0,"max_hp_gain":0,"max_hp_loss":0,"event_name":"Colosseum","floor":30,"gold_loss":0},{"damage_healed":0,"gold_gain":100,"player_choice":"Pray","damage_taken":0,"max_hp_gain":0,"max_hp_loss":0,"event_name":"Golden Shrine","floor":36,"gold_loss":0}],"is_beta":false,"boss_relics":[{"not_picked":["Runic Pyramid","White Beast Statue"],"picked":"FrozenCore"},{"not_picked":["Astrolabe","Nuclear Battery"],"picked":"Inserter"}],"items_purged_floors":[],"is_endless":false,"potions_floor_spawned":[1,7,11,18,23,24,30],"killed_by":"Maw","ascension_level":0}