{"gold_per_floor":[119,194,212,230,28,28,53,53,53,53,53,80,80,92,92,169,169,183,203,403,413,218,218,133,133,133,146,146,25,35,55,55,131,131,151,163,163,175,175,1174,78,78],"floor_reached":42,"playtime":1302,"items_purged":["Strike_B","Strike_B","Normality"],"score":736,"play_id":"3c36f936-2ffd-4968-90b8-1b8324ab2565","local_time":"20190311001451","is_ascension_mode":true,"campfire_choices":[{"floor":6,"key":"REST"},{"data":"Defragment","floor":8,"key":"SMITH"},{"floor":13,"key":"REST"},{"data":"Sunder","floor":15,"key":"SMITH"},{"floor":23,"key":"REST"},{"floor":25,"key":"REST"},{"data":"Zap","floor":28,"key":"SMITH"},{"floor":32,"key":"REST"}],"neow_cost":"NONE","seed_source_timestamp":1850658851746342,"circlet_count":0,"master_deck":["AscendersBane","Strike_B","Defend_B","Defend_B","Defend_B","Defend_B","Zap+1","Dualcast","Streamline","Ball Lightning","Defragment+1","Cold Snap","Cold Snap","Genetic Algorithm+1","Sunder+1","All For One","Auto Shields+1","Consume+1","Self Repair","Panacea+1","Redo+1","Fission+1","Hologram+1","Biased Cognition","Gash","Conserve Battery+1","Normality","Loop","Capacitor","Defragment","Biased Cognition"],"relics":["Philosopher\u0027s Stone","Sundial","Toxic Egg 2","Bronze Scales","Runic Pyramid","The Courier","Incense Burner","Fusion Hammer","Mummified Hand","Gambling Chip","Medical Kit","Bag of Marbles"],"potions_floor_usage":[3,12,16,18,31,38],"damage_taken":[{"damage":6,"enemies":"2 Louse","floor":1,"turns":2},{"damage":8,"enemies":"Jaw Worm","floor":3,"turns":3},{"damage":3,"enemies":"Small Slimes","floor":4,"turns":4},{"damage":22,"enemies":"3 Sentries","floor":7,"turns":10},{"damage":18,"enemies":"Gremlin Nob","floor":12,"turns":4},{"damage":0,"enemies":"Exordium Thugs","floor":14,"turns":4},{"damage":8,"enemies":"Slime Boss","floor":16,"turns":7},{"damage":17,"enemies":"2 Thieves","floor":18,"turns":4},{"damage":0,"enemies":"Spheric Guardian","floor":19,"turns":3},{"damage":32,"enemies":"Snake Plant","floor":21,"turns":4},{"damage":20,"enemies":"Shelled Parasite and Fungi","floor":27,"turns":6},{"damage":14,"enemies":"Snecko","floor":30,"turns":7},{"damage":5,"enemies":"Snake Plant","floor":31,"turns":5},{"damage":17,"enemies":"Collector","floor":33,"turns":10},{"damage":0,"enemies":"3 Darklings","floor":35,"turns":4},{"damage":7,"enemies":"Orb Walker","floor":36,"turns":4},{"damage":24,"enemies":"4 Shapes","floor":38,"turns":6},{"damage":72,"enemies":"Reptomancer","floor":42,"turns":5}],"seed_played":"8201138476399534902","potions_obtained":[{"floor":1,"key":"FearPotion"},{"floor":4,"key":"GamblersBrew"},{"floor":14,"key":"Poison Potion"},{"floor":16,"key":"Weak Potion"},{"floor":18,"key":"SneckoOil"},{"floor":21,"key":"Explosive Potion"},{"floor":27,"key":"SkillPotion"}],"is_trial":false,"path_per_floor":["M","?","M","M","$","R","E","R","T","?","?","E","R","M","R","B",null,"M","M","?","M","$","R","?","R","T","M","R","$","M","M","R","B",null,"M","M","$","M","$","?","$","E"],"character_chosen":"DEFECT","items_purchased":["Defragment","Cold Snap","Panacea+1","Fission+1","Mummified Hand","Gambling Chip","Medical Kit","Bag of Marbles","Loop","Capacitor","Defragment","Biased Cognition"],"campfire_rested":5,"item_purchase_floors":[5,5,22,29,41,41,41,41,41,41,41,41],"current_hp_per_floor":[58,47,39,36,36,57,35,35,35,35,28,10,31,31,31,23,59,42,42,42,10,10,31,31,52,52,39,39,39,32,34,55,45,65,71,71,71,54,54,54,54,0],"gold":78,"neow_bonus":"BOSS_RELIC","is_prod":false,"is_daily":false,"chose_seed":false,"campfire_upgraded":3,"win_rate":0,"timestamp":1552277691,"path_taken":["M","?","M","M","$","R","E","R","T","?","?","E","R","?","R","BOSS","M","M","?","?","?","R","?","R","T","M","R","$","M","M","R","BOSS","M","M","$","M","$","?","$","E"],"build_version":"2019-02-06","purchased_purges":3,"victory":false,"max_hp_per_floor":[71,71,71,71,71,71,71,71,71,71,71,71,71,71,71,71,71,71,71,71,71,71,71,71,71,71,71,71,71,71,71,71,71,71,71,71,71,71,71,71,71,71],"card_choices":[{"not_picked":["Tempest","Rebound","Aggregate"],"picked":"SKIP","floor":1},{"not_picked":["Loop","Barrage"],"picked":"Streamline","floor":3},{"not_picked":["Rebound","Turbo"],"picked":"Ball Lightning","floor":4},{"not_picked":["Lockon","Loop"],"picked":"Cold Snap","floor":7},{"not_picked":["Blizzard","Aggregate+1"],"picked":"Genetic Algorithm+1","floor":12},{"not_picked":["Loop","Fusion+1"],"picked":"Sunder","floor":14},{"not_picked":["Machine Learning","Rainbow+1"],"picked":"All For One","floor":16},{"not_picked":["Compile Driver","Turbo+1"],"picked":"Auto Shields+1","floor":18},{"not_picked":["Leap+1","Cold Snap"],"picked":"Consume+1","floor":19},{"not_picked":["Blizzard","Gash"],"picked":"Self Repair","floor":21},{"not_picked":["Sunder+1","Go for the Eyes"],"picked":"Redo+1","floor":27},{"not_picked":["Stack+1","BootSequence+1"],"picked":"Hologram+1","floor":30},{"not_picked":["Rebound","Beam Cell","Barrage"],"picked":"SKIP","floor":31},{"not_picked":["Fission+1","Creative AI"],"picked":"Biased Cognition","floor":33},{"not_picked":["Genetic Algorithm+1","Rebound"],"picked":"Gash","floor":35},{"not_picked":["Darkness+1","Consume+1"],"picked":"Conserve Battery+1","floor":36},{"not_picked":["Sunder","Ball Lightning","Cold Snap"],"picked":"SKIP","floor":38}],"player_experience":2149033,"relics_obtained":[{"floor":7,"key":"Sundial"},{"floor":9,"key":"Toxic Egg 2"},{"floor":12,"key":"Bronze Scales"},{"floor":26,"key":"Incense Burner"}],"event_choices":[{"damage_healed":0,"gold_gain":75,"player_choice":"Gather Gold","damage_taken":11,"max_hp_gain":0,"max_hp_loss":0,"event_name":"World of Goop","floor":2,"gold_loss":0},{"damage_healed":0,"gold_gain":0,"player_choice":"Ignored","damage_taken":0,"max_hp_gain":0,"max_hp_loss":0,"event_name":"Liars Game","floor":10,"gold_loss":0},{"cards_removed":["Strike_B"],"damage_healed":0,"gold_gain":0,"player_choice":"Card Removal","damage_taken":7,"max_hp_gain":0,"max_hp_loss":0,"event_name":"Golden Wing","floor":11,"gold_loss":0},{"damage_healed":0,"gold_gain":200,"player_choice":"Gold","damage_taken":0,"max_hp_gain":0,"max_hp_loss":0,"event_name":"Wheel of Change","floor":20,"gold_loss":0},{"damage_healed":0,"gold_gain":0,"player_choice":"Obtained Relic","damage_taken":0,"relics_obtained":["The Courier"],"max_hp_gain":0,"max_hp_loss":0,"event_name":"Addict","floor":24,"gold_loss":85},{"damage_healed":0,"gold_gain":999,"player_choice":"Gold","damage_taken":0,"max_hp_gain":0,"max_hp_loss":0,"event_name":"MindBloom","floor":40,"gold_loss":0,"cards_obtained":["Normality","Normality"]}],"is_beta":true,"boss_relics":[{"not_picked":["White Beast Statue","Black Star"],"picked":"Runic Pyramid"},{"not_picked":["Coffee Dripper","Nuclear Battery"],"picked":"Fusion Hammer"}],"items_purged_floors":[5,22,41],"is_endless":false,"potions_floor_spawned":[1,4,14,16,18,21,27,30],"killed_by":"Reptomancer","ascension_level":15}