{"path_per_floor":["M","?","?","M","T","E","R","M","T","R","M","M","?","M","R"],"character_chosen":"THE_SILENT","items_purchased":[],"gold_per_floor":[16,16,16,26,26,51,51,66,66,66,83,101,125,143,143,143],"floor_reached":16,"campfire_rested":0,"playtime":648,"item_purchase_floors":[],"current_hp_per_floor":[69,69,69,69,69,24,24,24,24,24,24,24,19,19,19,0],"items_purged":[],"gold":143,"score":102,"play_id":"8fae0054-3689-4afc-a78c-749b2a0a6d3c","local_time":"20180610222216","is_prod":false,"is_daily":false,"chose_seed":false,"is_ascension_mode":false,"campfire_upgraded":3,"win_rate":0,"timestamp":1528658536,"campfire_choices":[{"data":"Dagger Spray","floor":7,"key":"SMITH"},{"data":"Dagger Spray","floor":10,"key":"SMITH"},{"data":"Deadly Poison","floor":15,"key":"SMITH"}],"path_taken":["M","?","?","M","?","E","R","M","T","R","M","M","?","?","R","BOSS"],"build_version":"2018-06-08","seed_source_timestamp":99578919749222,"purchased_purges":0,"victory":false,"master_deck":["Defend_G","Defend_G","Defend_G","Defend_G","Defend_G","Strike_G","Strike_G","Strike_G","Strike_G","Strike_G","Survivor","Neutralize","Doppelganger","Dagger Spray+1","Dagger Spray+1","Outmaneuver","Distraction","Blade Dance","Slice","Dodge and Roll","Deadly Poison+1"],"max_hp_per_floor":[70,70,70,70,70,70,70,70,70,70,70,70,70,70,70,70],"relics":["Ring of the Snake","Bag of Marbles","Turnip","Thread and Needle","Calipers","Odd Mushroom"],"card_choices":[{"not_picked":["Tools of the Trade","Venomology"],"picked":"Doppelganger","floor":0},{"not_picked":["Flying Knee","Quick Slash"],"picked":"Dagger Spray","floor":1},{"not_picked":["Choke","Flying Knee"],"picked":"Dagger Spray","floor":4},{"not_picked":["Accuracy","Underhanded Strike"],"picked":"Outmaneuver","floor":6},{"not_picked":["Expertise","Poisoned Stab"],"picked":"Distraction","floor":8},{"not_picked":["Concentrate","Underhanded Strike"],"picked":"Blade Dance","floor":11},{"not_picked":["Expertise","All Out Attack"],"picked":"Slice","floor":12},{"not_picked":["Quick Slash","Acrobatics"],"picked":"Dodge and Roll","floor":13},{"not_picked":["Bouncing Flask","Crippling Poison"],"picked":"Deadly Poison","floor":14}],"player_experience":493189,"potions_floor_usage":[16,16],"damage_taken":[{"damage":1,"enemies":"Small Slimes","floor":1,"turns":3},{"damage":0,"enemies":"Cultist","floor":4,"turns":5},{"damage":45,"enemies":"Lagavulin","floor":6,"turns":9},{"damage":0,"enemies":"Jaw Worm","floor":8,"turns":2},{"damage":0,"enemies":"Looter","floor":11,"turns":1},{"damage":0,"enemies":"Large Slime","floor":12,"turns":4},{"damage":5,"floor":13,"turns":2},{"damage":0,"enemies":"Blue Slaver","floor":14,"turns":3},{"damage":22,"enemies":"Hexaghost","floor":16,"turns":12}],"relics_obtained":[{"floor":5,"key":"Turnip"},{"floor":6,"key":"Thread and Needle"},{"floor":9,"key":"Calipers"},{"floor":13,"key":"Odd Mushroom"}],"event_choices":[{"event_name":"Wheel of Change","player_choice":"Relic","floor":2,"damage_taken":0},{"event_name":"The Cleric","player_choice":"Leave","floor":3,"damage_taken":0},{"event_name":"Mushrooms","player_choice":"Fought Mushrooms","floor":13,"damage_taken":0}],"boss_relics":[],"items_purged_floors":[],"potions_floor_spawned":[12,14],"seed_played":"-2245127182031430884","killed_by":"Hexaghost","ascension_level":0,"potions_obtained":[{"floor":12,"key":"GhostInAJar"},{"floor":14,"key":"Explosive Potion"}],"is_trial":false}