{"path_per_floor":["M","?","M","?","M","E","R","M","T","R","M","M","$","T","R","B",null,"M","?","$","M","?","R","E","M","T","R","M","$","M","E","R"],"character_chosen":"THE_SILENT","items_purchased":["Panache","Prepared","Dodge and Roll"],"gold_per_floor":[110,110,123,123,133,159,159,178,201,201,212,227,14,14,14,112,112,132,132,31,45,45,45,76,94,117,117,137,37,47,80,80,80],"floor_reached":33,"campfire_rested":1,"playtime":2037,"current_hp_per_floor":[33,33,33,33,33,2,23,23,23,23,22,22,22,22,22,15,70,66,66,66,66,53,53,47,47,47,47,40,40,32,32,32,0],"items_purged":["Injury","Pain"],"gold":80,"score":312,"play_id":"7495fbe2-11e1-401c-b564-7c8db48f9ce8","local_time":"20180513074050","is_prod":false,"is_daily":false,"chose_seed":false,"is_ascension_mode":false,"campfire_upgraded":5,"timestamp":1526186450,"path_taken":["M","?","M","?","M","E","R","M","T","R","?","?","$","?","R","BOSS","M","?","?","?","?","R","E","M","T","R","M","$","M","E","R","BOSS"],"build_version":"2018-05-12v2","seed_source_timestamp":63830864290960,"purchased_purges":2,"victory":false,"master_deck":["Defend_G","Defend_G","Defend_G","Defend_G","Defend_G","Strike_G","Strike_G","Strike_G","Strike_G","Survivor","Neutralize+1","Dash+1","Quick Slash","Quick Slash","PiercingWail","Heel Hook","Riddle With Holes","Backstab+1","Panache","Prepared","Adrenaline+1","Leg Sweep+1","Dodge and Roll","Endless Agony+1","Dagger Throw+1","Blade Dance+1","Adrenaline+1","Deflect","Blur"],"max_hp_per_floor":[70,70,70,70,70,70,70,70,70,70,70,70,70,70,70,70,70,70,70,70,70,75,75,75,75,75,75,75,75,75,75,75,75],"relics":["Ring of the Snake","Calipers","Bag of Preparation","Singing Bowl","Tough Bandages","Cursed Key","Bronze Scales","Shovel","Regal Pillow","Dead Branch"],"card_choices":[{"not_picked":["Outmaneuver","Well Laid Plans"],"picked":"Dash","floor":1},{"not_picked":["Poisoned Stab","Bane"],"picked":"Quick Slash","floor":3},{"not_picked":["Deadly Poison","Accuracy"],"picked":"Quick Slash","floor":5},{"not_picked":["Riddle With Holes","Deadly Poison"],"picked":"PiercingWail","floor":6},{"not_picked":["Slice","Underhanded Strike"],"picked":"Heel Hook","floor":8},{"not_picked":["Poisoned Stab","Catalyst"],"picked":"Riddle With Holes","floor":11},{"not_picked":["Noxious Fumes","Bouncing Flask"],"picked":"Backstab","floor":12},{"not_picked":["Storm of Steel","Tools of the Trade"],"picked":"Adrenaline","floor":16},{"not_picked":["Prepared","Bane"],"picked":"Leg Sweep+1","floor":18},{"not_picked":["PiercingWail","Eviscerate+1"],"picked":"Endless Agony+1","floor":21},{"not_picked":["Acrobatics","Terror+1"],"picked":"Dagger Throw+1","floor":24},{"not_picked":["Dagger Spray","Flying Knee"],"picked":"Blade Dance","floor":25},{"not_picked":["Expertise","Setup"],"picked":"Adrenaline","floor":28},{"not_picked":["Poisoned Stab","Quick Slash"],"picked":"Deflect","floor":30},{"not_picked":["Deadly Poison","Noxious Fumes"],"picked":"Blur","floor":31}],"player_experience":423706,"potions_floor_usage":[6,11,16,31,31],"damage_taken":[{"damage":2,"enemies":"Jaw Worm","floor":1,"turns":4},{"damage":0,"enemies":"Cultist","floor":3,"turns":4},{"damage":0,"enemies":"Small Slimes","floor":5,"turns":3},{"damage":31,"enemies":"Lagavulin","floor":6,"turns":8},{"damage":0,"enemies":"Exordium Thugs","floor":8,"turns":6},{"damage":1,"enemies":"Exordium Wildlife","floor":11,"turns":4},{"damage":0,"enemies":"Red Slaver","floor":12,"turns":2},{"damage":7,"enemies":"Slime Boss","floor":16,"turns":14},{"damage":4,"enemies":"Chosen","floor":18,"turns":4},{"damage":0,"enemies":"Spheric Guardian","floor":21,"turns":2},{"damage":6,"enemies":"Book of Stabbing","floor":24,"turns":5},{"damage":0,"enemies":"Snake Plant","floor":25,"turns":3},{"damage":7,"enemies":"Slaver and Parasite","floor":28,"turns":3},{"damage":8,"enemies":"Centurion and Healer","floor":30,"turns":3},{"damage":0,"enemies":"Slavers","floor":31,"turns":4},{"damage":55,"enemies":"Automaton","floor":33,"turns":12}],"event_choices":[{"event_name":"Bonfire Elementals","player_choice":"BASIC","floor":2,"damage_taken":0},{"event_name":"Accursed Blacksmith","player_choice":"Forge","floor":4,"damage_taken":0},{"event_name":"The Mausoleum","player_choice":"Yes","floor":19,"damage_taken":0},{"event_name":"Forgotten Altar","player_choice":"Shed Blood","floor":22,"damage_taken":0}],"boss_relics":[{"not_picked":["Tiny House","Velvet Choker"],"picked":"Cursed Key"}],"potions_floor_spawned":[5,6,12,28,30],"seed_played":"-1788179566072133338","killed_by":"Automaton","ascension_level":0,"is_trial":false}