{"gold_per_floor":[110,110,110,126,150,150,165,189,189,220,235,265,265,265,265,390,390,414,414,329,7,7,7,20,20,70,70,70,104,127,127,127,247,247,263,0,0,19,32,32,32,32,32,66,122,19,34,48,48,48],"floor_reached":51,"playtime":2528,"items_purged":[],"score":843,"play_id":"bc099973-e341-4ba4-bd1a-995442540d8d","local_time":"20180726004559","is_ascension_mode":false,"campfire_choices":[{"data":"Dualcast","floor":6,"key":"SMITH"},{"floor":13,"key":"REST"},{"data":"Hologram","floor":15,"key":"SMITH"},{"data":"Enlightenment","floor":23,"key":"SMITH"},{"data":"Turbo","floor":25,"key":"SMITH"},{"data":"Streamline","floor":27,"key":"SMITH"},{"data":"Beam Cell","floor":32,"key":"SMITH"},{"data":"Gash","floor":42,"key":"SMITH"},{"data":"Conserve Battery","floor":49,"key":"SMITH"}],"neow_cost":"NONE","seed_source_timestamp":83771972660690,"circlet_count":0,"master_deck":["Strike_B+1","Strike_B+1","Strike_B+1","Strike_B+1","Defend_B+1","Defend_B+1","Defend_B+1","Defend_B+1","Zap+1","Dualcast+1","Streamline+1","Turbo+1","Beam Cell+1","Hologram+1","All For One","Rebound","Gash+1","Echo Form","FTL+1","Defragment","Enlightenment+1","Reinforced Body","Go for the Eyes","Parasite","Doubt","Streamline+1","Capacitor","Double Energy+1","Chaos+1","Hologram+1","Decay","Conserve Battery+1","Redo+1","Flash of Steel","Beam Cell+1","Coolheaded"],"relics":["Cracked Core","Bronze Scales","Golden Idol","Bottled Flame","Symbiotic Virus","Matryoshka","Cursed Key","Enchiridion","Centennial Puzzle","Oddly Smooth Stone","Strawberry","Anchor","Sundial","Letter Opener","White Beast Statue","Red Mask","Ice Cream","Pear","Pantograph","Mango"],"potions_floor_usage":[10,16,29,33,33,33,47,50,50],"damage_taken":[{"damage":3,"enemies":"2 Louse","floor":1,"turns":2},{"damage":0,"enemies":"Cultist","floor":4,"turns":3},{"damage":6,"enemies":"Jaw Worm","floor":5,"turns":2},{"damage":5,"enemies":"Looter","floor":7,"turns":2},{"damage":11,"enemies":"Exordium Wildlife","floor":8,"turns":3},{"damage":12,"enemies":"3 Sentries","floor":10,"turns":5},{"damage":16,"enemies":"Exordium Thugs","floor":11,"turns":3},{"damage":0,"enemies":"Slime Boss","floor":16,"turns":5},{"damage":10,"enemies":"Chosen","floor":18,"turns":2},{"damage":5,"enemies":"Spheric Guardian","floor":24,"turns":3},{"damage":2,"enemies":"Book of Stabbing","floor":29,"turns":3},{"damage":0,"enemies":"Snecko","floor":30,"turns":3},{"damage":43,"enemies":"Collector","floor":33,"turns":6},{"damage":1,"enemies":"3 Shapes","floor":35,"turns":3},{"damage":12,"floor":37,"turns":3},{"damage":16,"enemies":"Flame Bruiser 1 Orb","floor":38,"turns":3},{"damage":5,"enemies":"3 Darklings","floor":39,"turns":4},{"damage":44,"enemies":"Giant Head","floor":44,"turns":7},{"damage":0,"floor":45,"turns":4},{"damage":16,"enemies":"Spire Growth","floor":47,"turns":3},{"damage":0,"enemies":"Transient","floor":48,"turns":5},{"damage":62,"enemies":"Donu and Deca","floor":50,"turns":9}],"seed_played":"-1818275398615986379","potions_obtained":[{"floor":1,"key":"AttackPotion"},{"floor":8,"key":"Block Potion"},{"floor":16,"key":"Weak Potion"},{"floor":24,"key":"PowerPotion"},{"floor":29,"key":"Poison Potion"},{"floor":30,"key":"AttackPotion"},{"floor":35,"key":"Ancient Potion"},{"floor":37,"key":"FairyPotion"},{"floor":38,"key":"Dexterity Potion"},{"floor":39,"key":"Energy Potion"},{"floor":44,"key":"Swift Potion"},{"floor":47,"key":"FairyPotion"}],"is_trial":false,"path_per_floor":["M","?","?","M","M","R","M","M","T","E","M","?","R","?","R","B",null,"M","?","?","$","?","R","M","R","T","R","T","E","M","?","R","B",null,"M","?","?","M","M","?","$","R","T","E","?","$","M","M","R","B"],"character_chosen":"DEFECT","items_purchased":["Defragment","Enlightenment","Reinforced Body","Flash of Steel"],"campfire_rested":1,"item_purchase_floors":[21,21,21,46],"current_hp_per_floor":[72,72,54,54,48,48,43,32,32,20,4,4,26,51,51,51,75,65,49,49,49,49,49,44,44,51,51,51,49,49,49,49,6,82,81,81,69,53,48,92,92,92,102,65,79,79,63,63,63,26],"gold":48,"neow_bonus":"RANDOM_COMMON_RELIC","is_prod":false,"is_daily":false,"chose_seed":false,"campfire_upgraded":8,"win_rate":0,"timestamp":1532555159,"path_taken":["M","?","?","M","M","R","M","M","T","E","M","?","R","?","R","BOSS","M","?","?","$","?","R","M","R","T","R","?","E","M","?","R","BOSS","M","?","?","?","M","?","$","R","T","E","?","$","M","M","R","BOSS"],"build_version":"2018-07-24","purchased_purges":0,"victory":true,"max_hp_per_floor":[75,75,75,75,75,75,75,75,75,75,75,75,75,75,75,75,75,75,75,75,75,75,75,75,75,82,82,82,82,82,82,82,82,82,82,82,82,82,82,92,92,92,102,102,116,116,116,116,116,116],"card_choices":[{"not_picked":["Chill","Conserve Battery"],"picked":"Streamline","floor":1},{"not_picked":["Ball Lightning","Coolheaded"],"picked":"Turbo","floor":4},{"not_picked":["Rebound","Sweeping Beam"],"picked":"Beam Cell","floor":5},{"not_picked":["Auto Shields","Undo"],"picked":"Hologram","floor":7},{"not_picked":["Barrage","Hello World"],"picked":"All For One","floor":8},{"not_picked":["Beam Cell","Streamline"],"picked":"Rebound","floor":10},{"not_picked":["Beam Cell","Loop"],"picked":"Gash","floor":11},{"not_picked":["Core Surge","Fission"],"picked":"Echo Form","floor":16},{"not_picked":["Turbo+1","Heatsinks"],"picked":"FTL+1","floor":18},{"not_picked":["Beam Cell","Stack"],"picked":"Go for the Eyes","floor":24},{"not_picked":["Ball Lightning","Hello World"],"picked":"Streamline+1","floor":29},{"not_picked":["Rebound","Barrage"],"picked":"Capacitor","floor":30},{"not_picked":["Hyperbeam","Amplify"],"picked":"Reboot","floor":33},{"not_picked":["Coolheaded","Compile Driver"],"picked":"Double Energy+1","floor":35},{"not_picked":["Stack+1","Rip and Tear"],"picked":"Chaos+1","floor":37},{"not_picked":["Streamline+1","Fusion+1","Heatsinks+1"],"picked":"SKIP","floor":38},{"not_picked":["Beam Cell","Leap"],"picked":"Hologram+1","floor":39},{"not_picked":["Hologram+1","Beam Cell"],"picked":"Conserve Battery","floor":44},{"not_picked":["Aggregate+1","Gash"],"picked":"Redo+1","floor":45},{"not_picked":["Recycle+1","Consume"],"picked":"Beam Cell+1","floor":47},{"not_picked":["Redo+1","Ball Lightning"],"picked":"Coolheaded","floor":48}],"player_experience":563145,"relics_obtained":[{"floor":9,"key":"Bottled Flame"},{"floor":10,"key":"Symbiotic Virus"},{"floor":19,"key":"Enchiridion"},{"floor":26,"key":"Oddly Smooth Stone"},{"floor":26,"key":"Strawberry"},{"floor":28,"key":"Anchor"},{"floor":28,"key":"Sundial"},{"floor":29,"key":"Letter Opener"},{"floor":37,"key":"Ice Cream"},{"floor":43,"key":"Pear"},{"floor":44,"key":"Pantograph"},{"floor":45,"key":"Mango"}],"event_choices":[{"event_name":"Accursed Blacksmith","player_choice":"Forge","floor":2,"damage_taken":0},{"event_name":"Golden Idol","player_choice":"Take Damage","floor":3,"damage_taken":0},{"event_name":"Dead Adventurer","player_choice":"Searched \u00272\u0027 times","floor":12,"damage_taken":0},{"event_name":"Big Fish","player_choice":"Banana","floor":14,"damage_taken":0},{"event_name":"Cursed Tome","player_choice":"Obtained Book","floor":19,"damage_taken":0},{"event_name":"Addict","player_choice":"Obtained Relic","floor":20,"damage_taken":0},{"event_name":"Drug Dealer","player_choice":"Ignored","floor":22,"damage_taken":0},{"event_name":"Back to Basics","player_choice":"Simplicity","floor":31,"damage_taken":0},{"event_name":"Tomb of Lord Red Mask","player_choice":"Paid","floor":36,"damage_taken":0},{"event_name":"MindBloom","player_choice":"Fight","floor":37,"damage_taken":0},{"event_name":"Bonfire Elementals","player_choice":"RARE","floor":40,"damage_taken":0},{"event_name":"Mysterious Sphere","player_choice":"Fight","floor":45,"damage_taken":0}],"is_beta":true,"boss_relics":[{"not_picked":["FrozenCore","Tiny House"],"picked":"Cursed Key"},{"not_picked":["Nuclear Battery","Velvet Choker"],"picked":"White Beast Statue"}],"items_purged_floors":[],"is_endless":false,"potions_floor_spawned":[1,8,16,24,29,30,35,37,38,39,44,45,47,48],"ascension_level":0}