{"gold_per_floor":[110,129,141,152,152,182,182,132,159,185,197,223,235,279,291,407,419,454,741,770,932,904,916,938,950,1008,61,86,96,106,141,141,242,242,258,11,11,11,11,38,88,118,118,151,165,165,9,29,29,29],"floor_reached":51,"playtime":2641,"items_purged":["Regret","Strike_B"],"score":1098,"play_id":"27dcb3f6-3407-4e4a-8869-4c7881ec5cf0","local_time":"20190331141023","is_ascension_mode":true,"campfire_choices":[{"data":"Zap","floor":11.0,"key":"SMITH"},{"data":"Hologram","floor":13.0,"key":"SMITH"},{"data":"Self Repair","floor":15.0,"key":"SMITH"},{"data":"strawberrySpire:Compressor","floor":23.0,"key":"SMITH"},{"data":"Rip and Tear","floor":25.0,"key":"SMITH"},{"data":"Madness","floor":32.0,"key":"SMITH"},{"data":"Panache","floor":46,"key":"SMITH"},{"data":"Madness","floor":49,"key":"SMITH"}],"neow_cost":"","seed_source_timestamp":0,"circlet_count":0,"master_deck":["Strike_B","Defend_B","Defend_B","Defend_B","Defend_B","Zap+1","Dualcast","Rip and Tear+1","Self Repair+1","Hologram+1","Steam","Clumsy","Sweeping Beam","Cold Snap","Ball Lightning","strawberrySpire:Compressor+1","Multi-Cast","Redo+1","Undo","strawberrySpire:BlasterWyrm","Compile Driver","Melter","Madness+1","Beam Cell","All For One","Darkness","Echo Form","Double Energy","Madness+1","Madness","Madness","Panache+1","Finesse","Enlightenment","Aggregate+1","Stack+1","Conserve Battery","Glacier+1"],"special_seed":0,"relics":["Cracked Core","Ice Cream","Art of War","strawberrySpire:MawJerky","strawberrySpire:Icefruit","MawBank","Oddly Smooth Stone","strawberrySpire:SolarisEssence","strawberrySpire:ElefentMask","TheAbacus","Juzu Bracelet","Letter Opener","Meat on the Bone","Centennial Puzzle","Coffee Dripper","Bag of Preparation","strawberrySpire:Flakhammer","FossilizedHelix","Cables","strawberrySpire:ElectricRodnt","strawberrySpire:Treaders"],"potions_floor_usage":[48],"damage_taken":[{"damage":1.0,"enemies":"Jaw Worm","floor":1.0,"turns":3.0},{"damage":0.0,"enemies":"2 Louse","floor":2.0,"turns":2.0},{"damage":5.0,"enemies":"Small Slimes","floor":3.0,"turns":3.0},{"damage":14.0,"enemies":"Blue Slaver","floor":4.0,"turns":3.0},{"damage":29.0,"enemies":"Gremlin Nob","floor":6.0,"turns":5.0},{"damage":1.0,"enemies":"Large Slime","floor":10.0,"turns":5.0},{"damage":0.0,"enemies":"2 Fungi Beasts","floor":12.0,"turns":3.0},{"damage":8.0,"enemies":"3 Sentries","floor":14.0,"turns":4.0},{"damage":14.0,"enemies":"The Guardian","floor":16.0,"turns":10.0},{"damage":8.0,"enemies":"theJungle:GiantWrat","floor":18.0,"turns":4.0},{"damage":10.0,"enemies":"theJungle:MUSHROOMGANG","floor":20.0,"turns":4.0},{"damage":11.0,"enemies":"theJungle:SlimyTreeVines","floor":24.0,"turns":6.0},{"damage":1.0,"enemies":"theJungle:Cassacara","floor":28.0,"turns":6.0},{"damage":15.0,"enemies":"theJungle:Snecko_Cultist_And_Trap","floor":29.0,"turns":4.0},{"damage":4.0,"enemies":"theJungle:2_Flameangoes","floor":30.0,"turns":5.0},{"damage":3.0,"enemies":"theJungle:MamaSnecko","floor":31.0,"turns":7.0},{"damage":77.0,"enemies":"theJungle:TotemBoss","floor":33.0,"turns":8.0},{"damage":3.0,"enemies":"3 Shapes","floor":35.0,"turns":5.0},{"damage":22.0,"enemies":"2 Orb Walkers","floor":41.0,"turns":4.0},{"damage":12.0,"enemies":"Reptomancer","floor":42.0,"turns":3.0},{"damage":53,"enemies":"strawberrySpire:EssenceStones","floor":44,"turns":6},{"damage":18,"enemies":"3 Darklings","floor":45,"turns":3},{"damage":15,"enemies":"Jaw Worm Horde","floor":48,"turns":2},{"damage":3,"enemies":"Time Eater","floor":50,"turns":8}],"seed_played":"-2233830969370340173","potions_obtained":[{"floor":3.0,"key":"SkillPotion"},{"floor":4.0,"key":"SteroidPotion"},{"floor":10.0,"key":"FairyPotion"},{"floor":12.0,"key":"LiquidBronze"},{"floor":20.0,"key":"Fire Potion"},{"floor":22.0,"key":"EntropicBrew"},{"floor":29.0,"key":"Swift Potion"},{"floor":31.0,"key":"Energy Potion"},{"floor":41.0,"key":"PowerPotion"},{"floor":44,"key":"Explosive Potion"},{"floor":45,"key":"FearPotion"}],"is_trial":false,"path_per_floor":["M","M","M","M","?","E","R","?","T","M","R","M","R","E","R","B",null,"M","?","M","?","?","R","M","R","T","$","E","M","M","E","R","B",null,"M","$","?","?","?","T","?","E","T","E","M","R","$","M","R","B",null],"character_chosen":"DEFECT","items_purchased":["Ice Cream","Art of War","strawberrySpire:BlasterWyrm","TheAbacus","Juzu Bracelet","Letter Opener","Compile Driver","Melter","Madness","Madness","AttackPotion","strawberrySpire:Treaders"],"campfire_rested":0,"item_purchase_floors":[0,0,27,27,27,27,27,27,27,36,36,47],"current_hp_per_floor":[74,74,75,68,68,46,46,46,46,52,52,59,59,62,62,58,79,79,79,79,79,79,79,79,79,79,79,83,78,83,87,87,32,87,87,87,87,76,66,66,64,66,66,49,53,53,53,50,50,79],"gold":29,"neow_bonus":"","is_prod":false,"is_daily":false,"chose_seed":false,"campfire_upgraded":8,"win_rate":0,"timestamp":1554030623,"path_taken":["M","M","M","M","?","E","R","?","T","M","R","?","R","E","R","BOSS","M","?","?","?","?","R","?","R","T","$","E","M","M","E","R","BOSS","M","$","?","?","?","?","?","E","T","E","M","R","$","M","R","BOSS"],"build_version":"2019-03-15","purchased_purges":2,"victory":true,"max_hp_per_floor":[75,75,75,75,75,75,75,75,75,75,75,75,75,79,79,79,79,79,79,79,79,79,79,79,79,79,79,83,83,83,87,87,87,87,87,87,87,87,87,87,87,91,91,95,95,95,95,95,95,95],"card_choices":[{"not_picked":["Rip and Tear","strawberrySpire:NeonFlight","Force Field"],"picked":"SKIP","floor":1.0},{"not_picked":["strawberrySpire:NeonFlight","Force Field"],"picked":"Rip and Tear","floor":1.0},{"not_picked":["Chill","Cold Snap"],"picked":"Self Repair","floor":2.0},{"not_picked":["strawberrySpire:Compressor","Compile Driver"],"picked":"Hologram","floor":3.0},{"not_picked":["strawberrySpire:Package","Reprogram"],"picked":"Steam","floor":4.0},{"not_picked":["strawberrySpire:Disconnect","Hello World"],"picked":"Sweeping Beam","floor":6.0},{"not_picked":["Leap","strawberrySpire:Refactor"],"picked":"Cold Snap","floor":10.0},{"not_picked":["Hologram","Chaos"],"picked":"Ball Lightning","floor":12.0},{"not_picked":["BootSequence","Cold Snap"],"picked":"strawberrySpire:Compressor","floor":14.0},{"not_picked":["Reboot","Rainbow"],"picked":"Multi-Cast","floor":16.0},{"not_picked":["strawberrySpire:NeonFlight","Scrape"],"picked":"Redo+1","floor":18.0},{"not_picked":["strawberrySpire:Adapter+1","Lockon"],"picked":"Undo","floor":20.0},{"not_picked":["Tempest","Rip and Tear","FTL"],"picked":"SKIP","floor":24.0},{"not_picked":["Ball Lightning","Barrage"],"picked":"Beam Cell","floor":28.0},{"not_picked":["Sweeping Beam","strawberrySpire:GearCrunch","Reinforced Body"],"picked":"SKIP","floor":29.0},{"not_picked":["Steam","Beam Cell"],"picked":"All For One","floor":30.0},{"not_picked":["strawberrySpire:AngeryBot","strawberrySpire:DataDump+1"],"picked":"Darkness","floor":31.0},{"not_picked":["Core Surge","All For One"],"picked":"Echo Form","floor":33.0},{"not_picked":["Scrape","strawberrySpire:THEL+1"],"picked":"Double Energy","floor":35.0},{"not_picked":["Impatience","Swift Strike"],"picked":"Panache","floor":39.0},{"not_picked":["strawberrySpire:Disreguard","Dramatic Entrance"],"picked":"Finesse","floor":39.0},{"not_picked":["Purity","Impatience"],"picked":"Enlightenment","floor":39.0},{"not_picked":["strawberrySpire:ReturnNull+1","Gash"],"picked":"Aggregate+1","floor":42.0},{"not_picked":["Gash+1","Multi-Cast"],"picked":"Stack+1","floor":44},{"not_picked":["strawberrySpire:NeonFlight","Darkness"],"picked":"Conserve Battery","floor":45},{"not_picked":["BootSequence+1","Stack"],"picked":"Glacier+1","floor":48}],"player_experience":1197598,"relics_obtained":[{"floor":6.0,"key":"strawberrySpire:MawJerky"},{"floor":7.0,"key":"strawberrySpire:Icefruit"},{"floor":9.0,"key":"MawBank"},{"floor":14.0,"key":"Oddly Smooth Stone"},{"floor":26.0,"key":"strawberrySpire:ElefentMask"},{"floor":28.0,"key":"Meat on the Bone"},{"floor":31.0,"key":"Centennial Puzzle"},{"floor":40.0,"key":"Bag of Preparation"},{"floor":41.0,"key":"strawberrySpire:Flakhammer"},{"floor":42.0,"key":"FossilizedHelix"},{"floor":43.0,"key":"Cables"},{"floor":44,"key":"strawberrySpire:ElectricRodnt"}],"event_choices":[{"cards_removed":["Strike_B"],"damage_healed":0.0,"max_hp_gain":0.0,"max_hp_loss":0.0,"gold_gain":0.0,"event_name":"The Cleric","player_choice":"Card Removal","floor":8.0,"gold_loss":50.0,"damage_taken":0.0},{"damage_healed":0.0,"max_hp_gain":0.0,"max_hp_loss":0.0,"gold_gain":275.0,"event_name":"Golden Shrine","player_choice":"Desecrate","floor":19.0,"gold_loss":0.0,"damage_taken":0.0,"cards_obtained":["Regret"]},{"damage_healed":0.0,"max_hp_gain":0.0,"max_hp_loss":0.0,"gold_gain":0.0,"event_name":"The Woman in Blue","player_choice":"Bought 3 Potions","floor":22.0,"gold_loss":0.0,"damage_taken":0.0},{"cards_removed":["Strike_B"],"damage_healed":0.0,"max_hp_gain":0.0,"max_hp_loss":0.0,"gold_gain":0.0,"event_name":"Falling","player_choice":"Removed Attack","floor":37.0,"gold_loss":0.0,"damage_taken":0.0},{"damage_healed":0.0,"max_hp_gain":0.0,"max_hp_loss":0.0,"gold_gain":0.0,"event_name":"Winding Halls","player_choice":"Embrace Madness","floor":38.0,"gold_loss":0.0,"damage_taken":11.0,"cards_obtained":["Madness","Madness"]},{"damage_healed":0.0,"max_hp_gain":0.0,"max_hp_loss":0.0,"gold_gain":0.0,"event_name":"SensoryStone","player_choice":"Memory 3","floor":39.0,"gold_loss":0.0,"damage_taken":10.0},{"damage_healed":0.0,"max_hp_gain":0.0,"max_hp_loss":0.0,"gold_gain":0.0,"event_name":"Mysterious Sphere","player_choice":"Fight","floor":41.0,"gold_loss":0.0,"damage_taken":0.0}],"is_beta":true,"boss_relics":[{"not_picked":["energizedSpire:DeadBattery","Black Star"],"picked":"strawberrySpire:SolarisEssence"},{"not_picked":["Astrolabe","White Beast Statue"],"picked":"Coffee Dripper"}],"items_purged_floors":[27,36],"is_endless":false,"potions_floor_spawned":[3,4,10,12,20,29,31,41,44,45],"ascension_level":1}