{"path_per_floor":["M","?","?","M","M","R","M","R","T","M","M","$","M","M","R","B",null,"M","M","?","?","?","R","M","M","T","M","R","$","T","M","R"],"character_chosen":"THE_SILENT","items_purchased":["Orichalcum","Snake Skull","Acrobatics"],"gold_per_floor":[109,109,184,199,214,214,224,224,248,265,283,55,71,86,86,188,188,207,224,149,149,149,149,169,182,182,192,192,0,0,19,19],"floor_reached":33,"campfire_rested":2,"playtime":2072,"current_hp_per_floor":[70,63,52,52,52,52,49,49,49,51,49,49,44,46,46,23,70,62,41,41,41,25,46,41,26,26,27,48,48,48,53,53],"items_purged":["Defend_G"],"gold":19,"play_id":"634ed596-ad12-4972-a97a-864dfd895314","is_prod":false,"is_daily":false,"is_ascension_mode":false,"campfire_upgraded":1,"path_taken":["M","?","?","M","?","R","M","R","T","?","M","?","M","M","R","BOSS","M","?","?","?","?","R","M","M","T","M","R","$","?","?","R","BOSS"],"build_version":"2018-02-02-BETA1","purchased_purges":1,"victory":false,"master_deck":["Defend_G","Defend_G","Defend_G","Defend_G","Strike_G","Strike_G","Strike_G","Survivor","Neutralize","Prepared","Quick Slash","Dash+1","Burst","Crippling Poison","Cloak And Dagger","Footwork","After Image","Leg Sweep","Poisoned Stab+1","Storm of Steel","Necronomicurse","Acrobatics","Dagger Spray+1"],"max_hp_per_floor":[70,70,70,70,70,70,70,70,70,70,70,70,70,70,70,70,70,70,70,70,70,70,70,70,70,70,70,70,70,70,70,70],"relics":["Ring of the Snake","Anchor","Girya","Blood Vial","Orichalcum","The Specimen","Necronomicon","Torii","Snake Skull","Bird Faced Urn"],"card_choices":[{"not_picked":["Heel Hook","Outmaneuver"],"picked":"Prepared"},{"not_picked":["Outmaneuver","Eviscerate"],"picked":"Quick Slash"},{"not_picked":["Escape Plan","Cloak And Dagger"],"picked":"Dash"},{"not_picked":["Poisoned Stab","Acrobatics"],"picked":"Burst"},{"not_picked":["Heel Hook","Prepared"],"picked":"Crippling Poison"},{"not_picked":["Underhanded Strike","Dagger Throw"],"picked":"Cloak And Dagger"},{"not_picked":["PiercingWail","Endless Agony"],"picked":"Footwork"},{"not_picked":["Die Die Die","Grand Finale"],"picked":"After Image"},{"not_picked":["Bane","Dagger Throw"],"picked":"Leg Sweep"},{"not_picked":["Skewer","Acrobatics"],"picked":"Poisoned Stab"},{"not_picked":["Quick Slash","Outmaneuver"],"picked":"Dagger Spray"}],"player_experience":170514,"potions_floor_usage":[10,16,16,16,24,31,31,33,33],"damage_taken":[{"damage":0,"enemies":"Jaw Worm","floor":1,"turns":4},{"damage":0,"enemies":"Small Slimes","floor":4,"turns":3},{"damage":0,"enemies":"2 Louse","floor":5,"turns":3},{"damage":3,"enemies":"Large Slime","floor":7,"turns":5},{"damage":0,"enemies":"Red Slaver","floor":10,"turns":2},{"damage":4,"enemies":"Exordium Thugs","floor":11,"turns":7},{"damage":7,"enemies":"Gremlin Gang","floor":13,"turns":4},{"damage":0,"enemies":"2 Fungi Beasts","floor":14,"turns":4},{"damage":25,"enemies":"Slime Boss","floor":16,"turns":6},{"damage":8,"enemies":"Spheric Guardian","floor":18,"turns":6},{"damage":23,"enemies":"3 Byrds","floor":19,"turns":12},{"damage":7,"enemies":"3 Cultists","floor":24,"turns":5},{"damage":17,"enemies":"Snake Plant","floor":25,"turns":5},{"damage":1,"enemies":"Slaver and Parasite","floor":27,"turns":8},{"damage":1,"enemies":"Cultist and Chosen","floor":31,"turns":8},{"damage":66,"enemies":"Automaton","floor":33,"turns":12}],"event_choices":[{"event_name":"Scrap Ooze","player_choice":"success","floor":2,"damage_taken":7},{"event_name":"World of Goop","player_choice":"Gather Gold","floor":3,"damage_taken":0},{"event_name":"Beggar","player_choice":"Gave Gold","floor":20,"damage_taken":0},{"event_name":"Transmorgrifier","player_choice":"Transform","floor":21,"damage_taken":0},{"event_name":"Cursed Tome","player_choice":"Obtained Book","floor":22,"damage_taken":0}],"boss_relics":[{"not_picked":["Philosopher\u0027s Stone","Ectoplasm"],"picked":"The Specimen"}],"potions_floor_spawned":[1,11,13,14,16,19,24,27,31],"seed_played":"4920714213191672061","killed_by":"Automaton","ascension_level":0,"is_trial":false}