{"path_per_floor":["M","M","M","M","?","E","R","E","T","R","E","R","M","M","R","B",null,"M","M","M","M","?","E","$","T","T","M","R","M","M","M","R","B",null,"M","M","?","?","T","R","M","M","T","?","R","$","E","M","R","B"],"character_chosen":"IRONCLAD","items_purchased":["Magic Flower","Madness","Enlightenment"],"gold_per_floor":[20,35,49,63,63,89,89,120,120,120,149,149,168,184,184,282,282,301,321,336,355,355,383,2,2,26,37,37,54,73,89,89,194,194,204,224,224,274,274,274,288,301,301,301,301,35,64,79,79,79],"floor_reached":51,"campfire_rested":1,"playtime":6196,"current_hp_per_floor":[95,96,96,75,75,67,67,45,45,45,27,27,33,33,33,27,96,95,90,95,95,95,74,74,74,74,72,72,78,65,65,65,53,96,77,76,76,67,67,67,74,68,68,68,68,68,40,44,72,15],"items_purged":["Writhe"],"gold":79,"score":723,"play_id":"bd8bb1eb-f848-4bf5-87e3-0618ee78a3ec","local_time":"20180516161455","is_prod":false,"is_daily":false,"chose_seed":false,"is_ascension_mode":false,"campfire_upgraded":8,"timestamp":1526476495,"path_taken":["M","M","M","M","?","E","R","E","T","R","E","R","M","M","R","BOSS","M","M","M","?","?","E","?","?","T","?","R","M","M","M","R","BOSS","M","?","?","?","?","R","?","M","T","?","R","$","E","M","R","BOSS"],"build_version":"2018-05-15","seed_source_timestamp":349691081556898,"purchased_purges":1,"victory":true,"master_deck":["Strike_R","Strike_R","Strike_R","Strike_R","Defend_R","Defend_R","Defend_R","Defend_R","Bash","Iron Wave+1","Shrug It Off+1","Whirlwind+1","Wild Strike","Sword Boomerang","Disarm+1","Juggernaut","Anger","Dropkick","Demon Form+1","Flame Barrier+1","Headbutt","Clash","Clothesline+1","Infernal Blade","Madness+1","Parasite","Parasite","Intimidate","Heavy Blade+1","Double Tap+1","Clothesline+1","Berserk","Shrug It Off+1","Entrench+1","Iron Wave+1","Clumsy","Flex+1","Enlightenment","Shockwave","Warcry+1"],"max_hp_per_floor":[96,96,96,96,96,96,96,96,96,96,96,96,96,96,96,96,96,96,96,96,96,96,96,96,96,96,96,96,96,96,96,96,96,96,96,96,96,96,96,96,96,96,96,96,96,96,96,96,96,96],"relics":["Burning Blood","Anchor","Vajra","Kunai","Self Forming Clay","Cursed Key","Art of War","Magic Flower","Mercury Hourglass","Bronze Scales","White Beast Statue","Charon\u0027s Ashes","Bottled Lightning","Ginger","Torii"],"card_choices":[{"not_picked":["Anger","Perfected Strike"],"picked":"Iron Wave","floor":1},{"not_picked":["Anger","Cleave"],"picked":"Shrug It Off","floor":2},{"not_picked":["Clothesline","Thunderclap"],"picked":"Whirlwind","floor":3},{"not_picked":["Havoc","Armaments"],"picked":"Wild Strike","floor":4},{"not_picked":["Twin Strike","Dual Wield"],"picked":"Sword Boomerang","floor":6},{"not_picked":["Power Through","Anger"],"picked":"Disarm","floor":8},{"not_picked":["Brutality","Perfected Strike"],"picked":"Juggernaut","floor":11},{"not_picked":["Rage","Blood for Blood"],"picked":"Anger","floor":13},{"not_picked":["Heavy Blade","Flame Barrier"],"picked":"Dropkick","floor":14},{"not_picked":["Berserk","Exhume"],"picked":"Demon Form","floor":16},{"not_picked":["Burning Pact","True Grit"],"picked":"Flame Barrier+1","floor":18},{"not_picked":["Battle Trance","Evolve+1"],"picked":"Headbutt","floor":19},{"not_picked":["Iron Wave+1","Perfected Strike"],"picked":"Clash","floor":20},{"not_picked":["Dual Wield","Metallicize"],"picked":"Clothesline+1","floor":21},{"not_picked":["Power Through","Rampage+1"],"picked":"Infernal Blade","floor":23},{"not_picked":["Anger","Sentinel+1"],"picked":"Intimidate","floor":27},{"not_picked":["Pommel Strike+1","Clash+1"],"picked":"Heavy Blade","floor":29},{"not_picked":["Heavy Blade+1","Havoc"],"picked":"Double Tap","floor":30},{"not_picked":["Anger","True Grit"],"picked":"Clothesline+1","floor":31},{"not_picked":["Fiend Fire","Demon Form"],"picked":"Berserk","floor":33},{"not_picked":["Entrench","Sword Boomerang"],"picked":"Shrug It Off","floor":35},{"not_picked":["Cleave+1","True Grit"],"picked":"Entrench+1","floor":36},{"not_picked":["Heavy Blade+1","Headbutt+1"],"picked":"Iron Wave+1","floor":38},{"not_picked":["Anger+1","Body Slam+1"],"picked":"True Grit+1","floor":41},{"not_picked":["Carnage","Twin Strike+1"],"picked":"Flex+1","floor":42},{"not_picked":["Anger+1","Second Wind+1"],"picked":"Shockwave","floor":47},{"not_picked":["Feel No Pain","Sword Boomerang+1"],"picked":"Warcry+1","floor":48}],"player_experience":429175,"potions_floor_usage":[6,8,29,36,38,38,47,48,50,50,50,50,50],"damage_taken":[{"damage":7,"enemies":"2 Louse","floor":1,"turns":3},{"damage":0,"enemies":"Cultist","floor":2,"turns":4},{"damage":2,"enemies":"Small Slimes","floor":3,"turns":5},{"damage":27,"enemies":"Gremlin Gang","floor":4,"turns":5},{"damage":14,"enemies":"3 Sentries","floor":6,"turns":5},{"damage":28,"enemies":"Lagavulin","floor":8,"turns":4},{"damage":24,"enemies":"3 Sentries","floor":11,"turns":5},{"damage":0,"enemies":"Exordium Wildlife","floor":13,"turns":3},{"damage":6,"enemies":"Exordium Thugs","floor":14,"turns":3},{"damage":12,"enemies":"The Guardian","floor":16,"turns":11},{"damage":7,"enemies":"Shell Parasite","floor":18,"turns":5},{"damage":11,"enemies":"Spheric Guardian","floor":19,"turns":4},{"damage":1,"enemies":"Snake Plant","floor":20,"turns":4},{"damage":6,"enemies":"Centurion and Healer","floor":21,"turns":5},{"damage":27,"enemies":"Gremlin Leader","floor":23,"turns":6},{"damage":11,"enemies":"Slaver and Parasite","floor":27,"turns":5},{"damage":3,"enemies":"3 Cultists","floor":29,"turns":3},{"damage":22,"enemies":"Snake Plant","floor":30,"turns":3},{"damage":9,"enemies":"Centurion and Healer","floor":31,"turns":5},{"damage":21,"enemies":"Collector","floor":33,"turns":6},{"damage":28,"enemies":"3 Darklings","floor":35,"turns":4},{"damage":10,"enemies":"3 Shapes","floor":36,"turns":3},{"damage":18,"enemies":"Mysterious Sphere","floor":38,"turns":4},{"damage":2,"enemies":"Sphere and 2 Shapes","floor":41,"turns":4},{"damage":15,"enemies":"Spire Growth","floor":42,"turns":4},{"damage":37,"enemies":"Nemesis","floor":47,"turns":9},{"damage":19,"enemies":"Maw","floor":48,"turns":7},{"damage":66,"enemies":"Time Eater","floor":50,"turns":14}],"relics_obtained":[{"floor":6,"key":"Anchor"},{"floor":8,"key":"Vajra"},{"floor":9,"key":"Kunai"},{"floor":11,"key":"Self Forming Clay"},{"floor":23,"key":"Art of War"},{"floor":25,"key":"Mercury Hourglass"},{"floor":26,"key":"Bronze Scales"},{"floor":38,"key":"Charon\u0027s Ashes"},{"floor":39,"key":"Bottled Lightning"},{"floor":43,"key":"Ginger"},{"floor":47,"key":"Torii"}],"event_choices":[{"event_name":"Wheel of Change","player_choice":"Card Removal","floor":5,"damage_taken":0},{"event_name":"The Lab","player_choice":"Got Potions","floor":22,"damage_taken":0},{"event_name":"Upgrade Shrine","player_choice":"Upgraded","floor":37,"damage_taken":0},{"event_name":"Mysterious Sphere","player_choice":"Fight","floor":38,"damage_taken":0}],"boss_relics":[{"not_picked":["Runic Dome","Runic Pyramid"],"picked":"Cursed Key"},{"not_picked":["Lizard Tail","Black Blood"],"picked":"White Beast Statue"}],"potions_floor_spawned":[2,4,13,16,19,27,30,31,33,35,36,38,41,42,47,48],"seed_played":"-4664042025224337793","ascension_level":0,"potions_obtained":[{"floor":2,"key":"FearPotion"},{"floor":4,"key":"SteroidPotion"},{"floor":13,"key":"Dexterity Potion"},{"floor":16,"key":"Energy Potion"},{"floor":19,"key":"FearPotion"},{"floor":22,"key":"Strength Potion"},{"floor":30,"key":"Dexterity Potion"},{"floor":33,"key":"EntropicBrew"},{"floor":36,"key":"LiquidBronze"},{"floor":38,"key":"FearPotion"},{"floor":41,"key":"Swift Potion"},{"floor":42,"key":"Block Potion"},{"floor":47,"key":"BloodPotion"},{"floor":48,"key":"Dexterity Potion"}],"is_trial":false}