{"gold_per_floor":[119,134,84,104,118,118,146,146,227,227,18,18,18,32,32,129,179,199,199,122,197,147,109,109,11,64,75,0,28,42,59,59,155,155,168,183,183,24,38,38,113,113,113,113,167,177,189,206,206,206],"floor_reached":51,"playtime":3509,"items_purged":["Strike_B"],"score":715,"play_id":"66d93901-08f4-4bd4-9d12-2b8079e775e6","local_time":"20180727234711","is_ascension_mode":false,"campfire_choices":[{"data":"Zap","floor":6.0,"key":"SMITH"},{"data":"Dualcast","floor":10.0,"key":"SMITH"},{"data":"Hologram","floor":15.0,"key":"SMITH"},{"data":"Turbo","floor":24.0,"key":"SMITH"},{"floor":32.0,"key":"REST"},{"data":"Defragment","floor":40,"key":"SMITH"},{"data":"Reboot","floor":42,"key":"SMITH"},{"data":"Hologram","floor":44,"key":"SMITH"},{"data":"Buffer","floor":49,"key":"SMITH"}],"neow_cost":"FIFTY_PERCENT_DAMAGE","seed_source_timestamp":0,"circlet_count":0,"master_deck":["Strike_B","Defend_B","Defend_B","Defend_B+1","Defend_B+1","Zap+1","Dualcast+1","Self Repair","Hologram+1","Ball Lightning","Sunder","Streamline","Seek+1","Go for the Eyes","Iron Wave","FTL","Steam","Electrodynamics","Turbo+1","Beam Cell","Rebound+1","J.A.X.","Reinforced Body","Swift Strike","Chill+1","Hologram+1","Glacier","Conserve Battery","Defragment+1","Reboot+1","Streamline+1","Static Discharge","All For One","Turbo","Conserve Battery","Double Energy","Darkness+1","Go for the Eyes+1","Echo Form","Buffer+1","Static Discharge+1","Glacier","Storm+1","Redo+1","Gash","Defragment+1","Turbo","Static Discharge+1"],"special_seed":0,"relics":["Cracked Core","StoneCalendar","Prayer Wheel","Gremlin Horn","War Paint","Tiny House","Dream Catcher","Ginger","Sozu","Thread and Needle","Letter Opener","Frozen Egg 2","Mango"],"potions_floor_usage":[39,39,50],"damage_taken":[{"damage":6.0,"enemies":"Jaw Worm","floor":1.0,"turns":4.0},{"damage":0.0,"enemies":"Small Slimes","floor":2.0,"turns":2.0},{"damage":1.0,"enemies":"Cultist","floor":4.0,"turns":3.0},{"damage":4.0,"enemies":"Exordium Wildlife","floor":5.0,"turns":2.0},{"damage":11.0,"enemies":"Lagavulin","floor":7.0,"turns":7.0},{"damage":0.0,"enemies":"Gremlin Gang","floor":14.0,"turns":2.0},{"damage":14.0,"enemies":"Hexaghost","floor":16.0,"turns":7.0},{"damage":4.0,"enemies":"Shell Parasite","floor":18.0,"turns":4.0},{"damage":0.0,"enemies":"Chosen","floor":27.0,"turns":4.0},{"damage":56.0,"enemies":"Gremlin Leader","floor":29.0,"turns":6.0},{"damage":6.0,"enemies":"Centurion and Healer","floor":30.0,"turns":6.0},{"damage":3.0,"enemies":"Cultist and Chosen","floor":31.0,"turns":6.0},{"damage":21.0,"enemies":"Champ","floor":33.0,"turns":11.0},{"damage":0,"enemies":"Orb Walker","floor":35,"turns":3},{"damage":15,"enemies":"3 Darklings","floor":36,"turns":5},{"damage":24,"floor":37,"turns":7},{"damage":0,"enemies":"4 Shapes","floor":39,"turns":7},{"damage":0,"floor":45,"turns":5},{"damage":0,"enemies":"Maw","floor":46,"turns":5},{"damage":10,"enemies":"Spire Growth","floor":47,"turns":4},{"damage":0,"enemies":"4 Shapes","floor":48,"turns":5},{"damage":62,"enemies":"Donu and Deca","floor":50,"turns":7}],"seed_played":"1599907360190038758","potions_obtained":[{"floor":2.0,"key":"PowerPotion"},{"floor":4.0,"key":"GamblersBrew"},{"floor":5.0,"key":"PowerPotion"},{"floor":17.0,"key":"Fruit Juice"},{"floor":18.0,"key":"GamblersBrew"},{"floor":31.0,"key":"Fire Potion"}],"is_trial":false,"path_per_floor":["M","M","?","M","M","R","E","?","T","R","$","?","?","M","R","B",null,"M","?","?","?","?","$","R","$","T","M","$","E","M","M","R","B",null,"M","M","?","$","M","R","T","R","T","R","?","M","M","M","R","B"],"character_chosen":"DEFECT","items_purchased":["Streamline","Seek","Go for the Eyes","Reinforced Body","Swift Strike","Echo Form"],"campfire_rested":1,"item_purchase_floors":[11,11,11,23,25,38],"current_hp_per_floor":[32,32,32,38,41,41,37,37,37,37,37,37,37,44,44,37,80,85,69,69,60,60,60,60,60,60,60,60,11,12,16,43,29,90,90,75,58,58,65,65,65,65,65,65,79,86,83,90,90,28],"gold":206,"neow_bonus":"ONE_RARE_RELIC","is_prod":false,"is_daily":false,"chose_seed":false,"campfire_upgraded":8,"win_rate":0,"timestamp":1532724431,"path_taken":["M","M","?","M","?","R","E","?","T","R","$","?","?","?","R","BOSS","M","?","?","?","?","$","R","$","T","?","?","E","M","M","R","BOSS","M","M","?","?","M","R","?","R","T","R","?","?","M","M","R","BOSS"],"build_version":"2018-07-26","purchased_purges":1,"victory":true,"max_hp_per_floor":[75,75,75,75,75,75,75,75,75,75,75,75,75,75,75,75,80,85,90,90,90,90,90,90,90,90,90,90,90,90,90,90,90,90,90,90,90,90,90,90,90,90,90,90,104,104,104,104,104,104],"card_choices":[{"not_picked":["Redo","Undo"],"picked":"Turbo","floor":1.0},{"not_picked":["Reinforced Body","Fusion"],"picked":"Self Repair","floor":2.0},{"not_picked":["Stack","Conserve Battery"],"picked":"Hologram","floor":4.0},{"not_picked":["Stack","Turbo"],"picked":"Ball Lightning","floor":5.0},{"not_picked":["Reprogram","Recycle"],"picked":"Sunder","floor":7.0},{"not_picked":["Loop","Defragment"],"picked":"FTL","floor":14.0},{"not_picked":["Sweeping Beam","Capacitor"],"picked":"Steam","floor":14.0},{"not_picked":["Buffer","Machine Learning"],"picked":"Electrodynamics","floor":16.0},{"not_picked":["Storm","Steam"],"picked":"Turbo","floor":17.0},{"not_picked":["Coolheaded","Chaos"],"picked":"Beam Cell","floor":18.0},{"not_picked":["Reinforced Body","Skim"],"picked":"Rebound+1","floor":18.0},{"not_picked":["Compile Driver+1","Coolheaded"],"picked":"Chill+1","floor":27.0},{"not_picked":["Genetic Algorithm+1","Steam"],"picked":"Hologram","floor":27.0},{"not_picked":["Self Repair","Buffer"],"picked":"Glacier","floor":29.0},{"not_picked":["Reprogram","Loop"],"picked":"Conserve Battery","floor":30.0},{"not_picked":["Double Energy","Barrage+1"],"picked":"Defragment","floor":30.0},{"not_picked":["Steam","Streamline+1"],"picked":"Reboot","floor":31.0},{"not_picked":["Redo","Heatsinks"],"picked":"Streamline+1","floor":31.0},{"not_picked":["Skim","Rip and Tear"],"picked":"Static Discharge","floor":32.0},{"not_picked":["Electrodynamics","Hyperbeam"],"picked":"All For One","floor":33.0},{"not_picked":["Streamline+1","Scrape+1"],"picked":"Turbo","floor":35},{"not_picked":["Barrage","Melter"],"picked":"Conserve Battery","floor":35},{"not_picked":["Beam Cell+1","Force Field"],"picked":"Double Energy","floor":36},{"not_picked":["Tempest","Coolheaded+1"],"picked":"Darkness+1","floor":36},{"not_picked":["Streamline","Stack+1"],"picked":"Go for the Eyes+1","floor":37},{"not_picked":["Coolheaded+1","Leap"],"picked":"Buffer","floor":39},{"not_picked":["Streamline+1","Go for the Eyes+1"],"picked":"Static Discharge+1","floor":39},{"not_picked":["Sunder+1","Static Discharge+1"],"picked":"Glacier","floor":45},{"not_picked":["Heatsinks+1","Coolheaded+1"],"picked":"Storm+1","floor":46},{"not_picked":["Double Energy","Heatsinks+1"],"picked":"Redo+1","floor":46},{"not_picked":["FTL","Stack"],"picked":"Gash","floor":47},{"not_picked":["Sunder+1","Go for the Eyes"],"picked":"Defragment+1","floor":47},{"not_picked":["Barrage","Conserve Battery+1"],"picked":"Turbo","floor":48},{"not_picked":["Sunder","Thunder Strike"],"picked":"Static Discharge+1","floor":48}],"player_experience":569958,"relics_obtained":[{"floor":7.0,"key":"Prayer Wheel"},{"floor":9.0,"key":"Gremlin Horn"},{"floor":26.0,"key":"Dream Catcher"},{"floor":29.0,"key":"Ginger"},{"floor":37,"key":"Thread and Needle"},{"floor":41,"key":"Letter Opener"},{"floor":43,"key":"Frozen Egg 2"},{"floor":45,"key":"Mango"}],"event_choices":[{"event_name":"The Cleric","player_choice":"Card Removal","floor":3.0,"damage_taken":0.0},{"event_name":"Purifier","player_choice":"One Purge","floor":8.0,"damage_taken":0.0},{"event_name":"NoteForYourself","player_choice":"Took Card","floor":12.0,"damage_taken":0.0},{"event_name":"WeMeetAgain","player_choice":"Potion","floor":13.0,"damage_taken":0.0},{"event_name":"Forgotten Altar","player_choice":"Shed Blood","floor":19.0,"damage_taken":0.0},{"event_name":"Drug Dealer","player_choice":"Got JAXXED","floor":20.0,"damage_taken":0.0},{"event_name":"FaceTrader","player_choice":"Touch","floor":21.0,"damage_taken":0.0},{"event_name":"The Joust","player_choice":"Bet on Owner","floor":22.0,"damage_taken":0.0},{"event_name":"MindBloom","player_choice":"Fight","floor":37,"damage_taken":0},{"event_name":"Mysterious Sphere","player_choice":"Fight","floor":45,"damage_taken":0}],"is_beta":true,"boss_relics":[{"not_picked":["Astrolabe","Velvet Choker"],"picked":"Tiny House"},{"not_picked":["Busted Crown","Inserter"],"picked":"Sozu"}],"items_purged_floors":[28],"is_endless":false,"potions_floor_spawned":[2,4,5,18,31,33,37,39,46],"ascension_level":0}