{"gold_per_floor":[16,36,51,51,51,51,84,104,104,115,145,145,10,26,26,123,123,134,74,91,101,301,301,312,312,312,312,322,421,431,446,446,549,579,589,589,606,606,621,654,654,669,692,692,3,19,66,78,78,78],"floor_reached":51,"playtime":2058,"items_purged":["Perfected Strike"],"score":767,"play_id":"229a979d-e959-495a-9641-1c457ba23d87","local_time":"20180717202752","is_ascension_mode":false,"campfire_choices":[{"data":"Havoc","floor":6,"key":"SMITH"},{"data":"Demon Form","floor":12,"key":"SMITH"},{"floor":15,"key":"REST"},{"data":"Disarm","floor":23,"key":"SMITH"},{"data":"Flex","floor":25,"key":"SMITH"},{"data":"Havoc","floor":27,"key":"SMITH"},{"floor":32,"key":"REST"},{"floor":41,"key":"REST"},{"floor":49,"key":"REST"}],"neow_cost":"NO_GOLD","seed_source_timestamp":291712863707017,"circlet_count":0,"master_deck":["Bash+1","Demon Form+1","Carnage+1","Wild Strike+1","Havoc+1","Disarm+1","Cleave","Offering","Flex+1","Clothesline","Immolate","Sever Soul","Clothesline","Ghostly Armor","Iron Wave","Havoc+1","Havoc","Twin Strike","Flex+1","Havoc+1","Shrug It Off+1","Spot Weakness+1","Double Tap+1","Headbutt+1","Headbutt+1","Bandage Up+1","Master of Strategy+1","Disarm+1","True Grit+1","True Grit+1","True Grit+1","Infernal Blade+1"],"relics":["Burning Blood","Spirit Poop","Singing Bowl","The Courier","Shuriken","Orichalcum","Pandora\u0027s Box","Toxic Egg 2","Tiny House","Champion Belt","Vajra","Blood Vial","Whetstone","Peace Pipe"],"potions_floor_usage":[11,16,28,33,33,33,42,47,48,50,50,50],"damage_taken":[{"damage":0,"enemies":"2 Louse","floor":1,"turns":2},{"damage":10,"enemies":"Cultist","floor":2,"turns":4},{"damage":11,"enemies":"Jaw Worm","floor":3,"turns":2},{"damage":26,"enemies":"Gremlin Nob","floor":7,"turns":4},{"damage":3,"enemies":"Red Slaver","floor":8,"turns":2},{"damage":5,"enemies":"Blue Slaver","floor":10,"turns":3},{"damage":16,"enemies":"3 Sentries","floor":11,"turns":6},{"damage":17,"enemies":"Gremlin Gang","floor":14,"turns":5},{"damage":35,"enemies":"The Guardian","floor":16,"turns":9},{"damage":32,"enemies":"2 Thieves","floor":18,"turns":3},{"damage":6,"enemies":"Shell Parasite","floor":20,"turns":4},{"damage":16,"enemies":"Snake Plant","floor":21,"turns":4},{"damage":11,"enemies":"Centurion and Healer","floor":24,"turns":4},{"damage":11,"enemies":"3 Cultists","floor":28,"turns":3},{"damage":3,"enemies":"Snake Plant","floor":30,"turns":3},{"damage":14,"enemies":"Centurion and Healer","floor":31,"turns":4},{"damage":17,"enemies":"Champ","floor":33,"turns":9},{"damage":13,"enemies":"Orb Walker","floor":35,"turns":4},{"damage":20,"enemies":"3 Shapes","floor":37,"turns":3},{"damage":8,"enemies":"Sphere and 2 Shapes","floor":39,"turns":3},{"damage":57,"enemies":"2 Orb Walkers","floor":40,"turns":5},{"damage":48,"enemies":"3 Darklings","floor":42,"turns":5},{"damage":3,"enemies":"Spire Growth","floor":46,"turns":3},{"damage":18,"floor":47,"turns":3},{"damage":4,"enemies":"Transient","floor":48,"turns":5},{"damage":68,"enemies":"Awakened One","floor":50,"turns":14}],"seed_played":"-4996629199074031626","potions_obtained":[{"floor":1,"key":"PowerPotion"},{"floor":3,"key":"Ancient Potion"},{"floor":8,"key":"SteroidPotion"},{"floor":11,"key":"Explosive Potion"},{"floor":14,"key":"SkillPotion"},{"floor":18,"key":"Poison Potion"},{"floor":20,"key":"Poison Potion"},{"floor":24,"key":"BloodPotion"},{"floor":28,"key":"Swift Potion"},{"floor":34,"key":"Explosive Potion"},{"floor":37,"key":"BloodPotion"},{"floor":44,"key":"Dexterity Potion"},{"floor":44,"key":"SteroidPotion"},{"floor":44,"key":"SteroidPotion"},{"floor":46,"key":"PowerPotion"},{"floor":47,"key":"Energy Potion"},{"floor":48,"key":"Fire Potion"}],"is_trial":false,"path_per_floor":["M","M","M","?","?","R","E","M","T","M","E","R","$","M","R","B",null,"M","$","M","M","?","R","M","R","T","R","M","?","M","M","R","B",null,"M","?","M","?","M","E","R","M","T","?","$","M","?","M","R","B"],"character_chosen":"IRONCLAD","items_purchased":["Orichalcum","Flex","Blood Vial","Whetstone","Bandage Up+1","Master of Strategy+1","Disarm+1","True Grit+1","True Grit+1","True Grit+1"],"campfire_rested":4,"item_purchase_floors":[13,13,45,45,45,45,45,45,45,45],"current_hp_per_floor":[80,76,71,71,71,71,51,56,56,57,47,47,47,36,60,31,82,58,58,60,52,52,52,47,47,47,47,50,50,53,45,71,60,93,86,93,81,81,81,32,61,30,30,30,30,37,33,45,76,22],"gold":78,"neow_bonus":"THREE_RARE_CARDS","is_prod":false,"is_daily":false,"chose_seed":false,"campfire_upgraded":5,"win_rate":0,"timestamp":1531848472,"path_taken":["M","M","M","?","?","R","E","M","T","?","E","R","?","M","R","BOSS","M","?","M","M","?","R","M","R","T","R","?","?","M","M","R","BOSS","M","?","?","?","M","E","R","?","T","?","$","M","?","M","R","BOSS"],"build_version":"2018-07-16","purchased_purges":1,"victory":true,"max_hp_per_floor":[80,80,80,80,80,80,80,82,82,82,82,82,82,82,82,82,82,84,84,86,88,88,88,88,88,88,88,88,88,88,88,88,88,93,93,93,95,95,97,99,99,101,101,101,101,103,103,105,105,105],"card_choices":[{"not_picked":["Bludgeon","Reaper"],"picked":"Demon Form","floor":0},{"not_picked":["Fire Breathing","Heavy Blade"],"picked":"Carnage","floor":1},{"not_picked":["Havoc","Second Wind"],"picked":"Wild Strike","floor":2},{"not_picked":["Twin Strike","Corruption"],"picked":"Havoc","floor":3},{"not_picked":["Headbutt","Searing Blow"],"picked":"Disarm","floor":7},{"not_picked":["Pummel","Second Wind","Heavy Blade"],"picked":"Singing Bowl","floor":8},{"not_picked":["Pommel Strike","True Grit"],"picked":"Cleave","floor":10},{"not_picked":["Impervious","Perfected Strike"],"picked":"Offering","floor":11},{"not_picked":["Body Slam","True Grit"],"picked":"Clothesline","floor":14},{"not_picked":["Berserk","Brutality"],"picked":"Immolate","floor":16},{"not_picked":["Twin Strike","Body Slam","Entrench+1"],"picked":"Singing Bowl","floor":18},{"not_picked":["Anger+1","Armaments","Uppercut"],"picked":"Singing Bowl","floor":20},{"not_picked":["Sword Boomerang","Blood for Blood","Battle Trance"],"picked":"Singing Bowl","floor":21},{"not_picked":["Power Through","Feel No Pain+1"],"picked":"Flex+1","floor":24},{"not_picked":["Juggernaut","Clash"],"picked":"Havoc+1","floor":28},{"not_picked":["Cleave","Rupture"],"picked":"Shrug It Off+1","floor":30},{"not_picked":["Flex+1","Pommel Strike+1"],"picked":"Spot Weakness+1","floor":31},{"not_picked":["Barricade","Reaper"],"picked":"Double Tap+1","floor":33},{"not_picked":["Flame Barrier+1","Twin Strike+1"],"picked":"Headbutt+1","floor":34},{"not_picked":["Heavy Blade+1","Cleave"],"picked":"Headbutt+1","floor":35},{"not_picked":["Havoc+1","Thunderclap","True Grit+1"],"picked":"Singing Bowl","floor":37},{"not_picked":["Iron Wave+1","Havoc+1","Rage+1"],"picked":"Singing Bowl","floor":39},{"not_picked":["Searing Blow+1","Anger+1","Wild Strike"],"picked":"Singing Bowl","floor":40},{"not_picked":["Evolve+1","Shrug It Off+1","Fire Breathing"],"picked":"Singing Bowl","floor":42},{"not_picked":["Spot Weakness+1","Uppercut","Cleave+1"],"picked":"Singing Bowl","floor":46},{"not_picked":["Perfected Strike+1","Thunderclap+1"],"picked":"Infernal Blade+1","floor":47},{"not_picked":["Searing Blow+1","Headbutt","Pommel Strike+1"],"picked":"Singing Bowl","floor":48}],"player_experience":552812,"relics_obtained":[{"floor":7,"key":"Singing Bowl"},{"floor":9,"key":"The Courier"},{"floor":11,"key":"Shuriken"},{"floor":26,"key":"Toxic Egg 2"},{"floor":40,"key":"Champion Belt"},{"floor":43,"key":"Vajra"},{"floor":47,"key":"Peace Pipe"}],"event_choices":[{"event_name":"Wheel of Change","player_choice":"Curse","floor":4,"damage_taken":0},{"event_name":"Bonfire Elementals","player_choice":"CURSE","floor":5,"damage_taken":0},{"event_name":"Wheel of Change","player_choice":"Gold","floor":22,"damage_taken":0},{"event_name":"Nest","player_choice":"Stole From Cult","floor":29,"damage_taken":0},{"event_name":"Wheel of Change","player_choice":"Full Heal","floor":36,"damage_taken":0},{"event_name":"Falling","player_choice":"Removed Skill","floor":38,"damage_taken":0},{"event_name":"The Lab","player_choice":"Got Potions","floor":44,"damage_taken":0},{"event_name":"Mysterious Sphere","player_choice":"Fight","floor":47,"damage_taken":0}],"boss_relics":[{"not_picked":["Busted Crown","Philosopher\u0027s Stone"],"picked":"Pandora\u0027s Box"},{"not_picked":["Snecko Eye","Black Star"],"picked":"Tiny House"}],"items_purged_floors":[19],"is_endless":false,"potions_floor_spawned":[1,3,8,11,14,18,20,24,28,37,46,47,48],"ascension_level":0}