{"gold_per_floor":[124,154,154,227,262,350,428,508,508,508,593,671,43,71,71,329,329,359,281,293,348,20,103,103,103,103,103,188,263,263,343,343,601,601,634,594,594,40,40,40,128,201,201,289,354,13,13,61,61,61],"floor_reached":51,"playtime":3523,"items_purged":["Pain","Thunder Strike","Leap"],"score":1271,"play_id":"84e6c8af-3f62-4ba4-81ad-3d38fc3cfb94","local_time":"20181006065241","daily_mods":["SealedDeck","Shiny","Specialized","Vintage","Allstar","Heirloom","Time Dilation","Flight","DeadlyEvents","MonsterHunter"],"is_ascension_mode":false,"campfire_choices":[{"floor":10,"key":"REST"},{"floor":15,"key":"REST"},{"data":"Fission","floor":24,"key":"SMITH"},{"data":"1","floor":25,"key":"LIFT"},{"data":"2","floor":27,"key":"LIFT"},{"data":"3","floor":30,"key":"LIFT"},{"data":"Echo Form","floor":32,"key":"SMITH"},{"data":"Redo","floor":40,"key":"SMITH"},{"data":"Gash","floor":47,"key":"SMITH"},{"data":"Reboot","floor":49,"key":"SMITH"}],"neow_cost":"","seed_source_timestamp":0,"circlet_count":0,"master_deck":["Multi-Cast","Machine Learning","Electrodynamics","Buffer","Rainbow+1","Seek","Meteor Strike","Echo Form+1","All For One","Reboot+1","Amplify","Creative AI","Fission+1","Core Surge","Redo+1","Conserve Battery","Ball Lightning","Go for the Eyes","Gash","Turbo+1","Beam Cell","Go for the Eyes","Steam","FTL","Leap","Stack+1","All For One","Steam Power+1","Mayhem","Jack Of All Trades+1","Steam+1","Heatsinks","Turbo+1","Echo Form+1","Gash+1","Redo+1","Gash","Chill+1","Defragment+1","Fission+1","Sadistic Nature+1","Dramatic Entrance","Defragment+1","Madness+1","Madness+1","Loop+1","Gash","Sweeping Beam+1","Static Discharge+1","Flash of Steel+1","Echo Form+1"],"relics":["Cracked Core","Bird Faced Urn","Letter Opener","Dodecahedron","WarpedTongs","Sundial","Kunai","War Paint","Bottled Flame","Omamori","Toxic Egg 2","Regal Pillow","Ornamental Fan","Dream Catcher","Question Card","Frozen Egg 2","Philosopher\u0027s Stone","MawBank","Anchor","Membership Card","Bottled Lightning","Girya","Bottled Tornado","Gremlin Horn","Pear","Dead Branch","Cables","Black Star","Bag of Marbles","Happy Flower","Blood Vial","Strange Spoon","Vajra","Smiling Mask","Shuriken","Matryoshka","Strawberry","Blue Candle","Pantograph","Molten Egg 2","Symbiotic Virus","Meat on the Bone","Gambling Chip","Mercury Hourglass"],"potions_floor_usage":[14,23,28,29,38,41,44,50,50,50],"damage_taken":[{"damage":0,"enemies":"Cultist","floor":1,"turns":4},{"damage":6,"enemies":"2 Louse","floor":2,"turns":2},{"damage":0,"enemies":"Jaw Worm","floor":5,"turns":2},{"damage":18,"enemies":"Lagavulin","floor":6,"turns":6},{"damage":32,"enemies":"Gremlin Nob","floor":7,"turns":5},{"damage":17,"enemies":"Lagavulin","floor":8,"turns":4},{"damage":12,"enemies":"Gremlin Nob","floor":11,"turns":5},{"damage":17,"enemies":"3 Sentries","floor":12,"turns":4},{"damage":1,"enemies":"Exordium Thugs","floor":14,"turns":3},{"damage":0,"enemies":"The Guardian","floor":16,"turns":5},{"damage":12,"enemies":"Chosen","floor":18,"turns":4},{"damage":0,"enemies":"Spheric Guardian","floor":21,"turns":3},{"damage":13,"enemies":"Slavers","floor":23,"turns":3},{"damage":23,"enemies":"Gremlin Leader","floor":28,"turns":4},{"damage":28,"enemies":"Slavers","floor":29,"turns":4},{"damage":0,"enemies":"Gremlin Leader","floor":31,"turns":4},{"damage":0,"enemies":"Automaton","floor":33,"turns":4},{"damage":0,"enemies":"Orb Walker","floor":35,"turns":3},{"damage":0,"enemies":"Giant Head","floor":41,"turns":3},{"damage":0,"enemies":"2 Orb Walkers","floor":42,"turns":2},{"damage":0,"enemies":"Nemesis","floor":44,"turns":3},{"damage":3,"enemies":"Giant Head","floor":45,"turns":3},{"damage":6,"enemies":"3 Darklings","floor":48,"turns":2},{"damage":3,"enemies":"Awakened One","floor":50,"turns":5}],"seed_played":"367428878834831735","potions_obtained":[{"floor":6,"key":"Block Potion"},{"floor":8,"key":"Explosive Potion"},{"floor":11,"key":"Weak Potion"},{"floor":23,"key":"FearPotion"},{"floor":28,"key":"AttackPotion"},{"floor":29,"key":"Strength Potion"},{"floor":33,"key":"PowerPotion"},{"floor":35,"key":"PowerPotion"},{"floor":42,"key":"Poison Potion"}],"is_trial":true,"path_per_floor":["M","M","?","T","M","E","E","E","T","R","E","E","$","M","R","B",null,"M","?","?","M","$","E","R","R","T","R","E","E","R","E","R","B",null,"M","?","?","$","?","R","E","E","T","E","E","$","R","M","R","B"],"character_chosen":"DEFECT","items_purchased":["Dream Catcher","Mayhem","Jack Of All Trades+1","Steam+1","Heatsinks","Membership Card","Bottled Lightning","Gash","Happy Flower","Sadistic Nature+1","Fruit Juice","Blood Vial","Dramatic Entrance","Strange Spoon","Energy Potion","Defragment+1","Flash of Steel+1","Echo Form+1","Gambling Chip","Energy Potion"],"campfire_rested":2,"item_purchase_floors":[13,13,13,13,13,22,22,22,38,38,38,38,38,38,38,38,46,46,46,46],"current_hp_per_floor":[75,71,71,71,75,63,37,30,30,52,52,37,37,44,75,75,75,67,67,67,75,75,70,70,70,70,70,64,62,62,85,85,85,85,85,85,85,90,79,79,90,90,97,97,97,97,97,95,95,97],"gold":61,"neow_bonus":"","is_prod":false,"is_daily":false,"chose_seed":false,"campfire_upgraded":5,"win_rate":0,"timestamp":1538797961,"path_taken":["M","?","?","?","?","E","E","E","T","R","?","E","$","M","R","BOSS","M","?","?","?","$","E","R","R","T","R","E","E","R","E","R","BOSS","M","?","?","$","?","R","E","E","T","?","E","$","R","?","R","BOSS"],"build_version":"2018-10-04","purchased_purges":3,"victory":true,"max_hp_per_floor":[75,75,75,75,75,75,75,75,75,75,75,75,75,75,75,75,75,75,75,75,75,75,75,75,75,75,75,75,85,85,85,85,85,85,85,85,85,90,90,90,90,90,97,97,97,97,97,97,97,97],"card_choices":[{"not_picked":["White Noise","Compile Driver"],"picked":"FTL","floor":6},{"not_picked":["Go for the Eyes","Beam Cell"],"picked":"Leap","floor":7},{"not_picked":["Leap","Compile Driver"],"picked":"Stack","floor":8},{"not_picked":["Sunder","Barrage"],"picked":"All For One","floor":11},{"not_picked":["Rip and Tear","Leap+1"],"picked":"Steam Power+1","floor":12},{"not_picked":["Stack+1","Steam+1","Barrage"],"picked":"Turbo+1","floor":15},{"not_picked":["Multi-Cast+1","Reboot+1","Creative AI"],"picked":"Echo Form","floor":16},{"not_picked":["Ball Lightning","Stack+1","Turbo+1"],"picked":"Redo+1","floor":23},{"not_picked":["Amplify+1","Streamline","Hologram+1"],"picked":"Gash","floor":28},{"not_picked":["Recycle+1","Sunder","Hologram+1"],"picked":"Chill+1","floor":29},{"not_picked":["Heatsinks+1","Rainbow+1","Streamline"],"picked":"Defragment+1","floor":31},{"not_picked":["Meteor Strike","Biased Cognition+1","Rainbow+1"],"picked":"Fission+1","floor":33},{"not_picked":["BootSequence+1","Redo+1","Beam Cell+1"],"picked":"Loop+1","floor":41},{"not_picked":["Hologram+1","Loop+1","Capacitor+1"],"picked":"Gash","floor":42},{"not_picked":["Compile Driver","Amplify+1","Beam Cell+1"],"picked":"Sweeping Beam+1","floor":44},{"not_picked":["Auto Shields+1","Defragment+1","Barrage+1"],"picked":"Static Discharge+1","floor":45}],"player_experience":741615,"relics_obtained":[{"floor":1,"key":"Letter Opener"},{"floor":2,"key":"Dodecahedron"},{"floor":4,"key":"Sundial"},{"floor":5,"key":"Kunai"},{"floor":6,"key":"War Paint"},{"floor":7,"key":"Bottled Flame"},{"floor":8,"key":"Omamori"},{"floor":9,"key":"Toxic Egg 2"},{"floor":11,"key":"Regal Pillow"},{"floor":12,"key":"Ornamental Fan"},{"floor":14,"key":"Question Card"},{"floor":16,"key":"Frozen Egg 2"},{"floor":18,"key":"MawBank"},{"floor":21,"key":"Anchor"},{"floor":23,"key":"Girya"},{"floor":26,"key":"Bottled Tornado"},{"floor":28,"key":"Gremlin Horn"},{"floor":29,"key":"Pear"},{"floor":31,"key":"Dead Branch"},{"floor":33,"key":"Cables"},{"floor":35,"key":"Bag of Marbles"},{"floor":41,"key":"Vajra"},{"floor":41,"key":"Smiling Mask"},{"floor":42,"key":"Shuriken"},{"floor":42,"key":"Matryoshka"},{"floor":43,"key":"Strawberry"},{"floor":43,"key":"Blue Candle"},{"floor":44,"key":"Pantograph"},{"floor":44,"key":"Molten Egg 2"},{"floor":45,"key":"Symbiotic Virus"},{"floor":45,"key":"Meat on the Bone"},{"floor":48,"key":"Mercury Hourglass"}],"event_choices":[{"event_name":"Accursed Blacksmith","player_choice":"Rummage","floor":3,"damage_taken":0},{"event_name":"Designer","player_choice":"Full Service","floor":19,"damage_taken":0},{"event_name":"Purifier","player_choice":"One Purge","floor":20,"damage_taken":0},{"event_name":"The Woman in Blue","player_choice":"Bought 3 Potions","floor":36,"damage_taken":0},{"event_name":"Tomb of Lord Red Mask","player_choice":"Ignored","floor":37,"damage_taken":0},{"event_name":"Winding Halls","player_choice":"Embrace Madness","floor":39,"damage_taken":0}],"is_beta":true,"boss_relics":[{"not_picked":["Coffee Dripper","Velvet Choker"],"picked":"Philosopher\u0027s Stone"},{"not_picked":["White Beast Statue","Eternal Feather"],"picked":"Black Star"}],"items_purged_floors":[13,38,46],"is_endless":false,"potions_floor_spawned":[6,8,11,23,28,29,33,35,42,48],"ascension_level":0}