{"gold_per_floor":[111,123,398,411,30,30,61,84,96,108,120,160,186,212,224,332,344,374,485,512,524,8,40,40,71,139,139,139,158,158,170,170,269,269,289,18,32,32],"floor_reached":38,"playtime":1856,"items_purged":["Regret","Strike_B","Strike_B"],"score":470,"play_id":"ca85998e-47aa-47a0-a731-fe58f23aa486","local_time":"20181227002101","is_ascension_mode":true,"campfire_choices":[{"data":"Beam Cell","floor":6,"key":"SMITH"},{"data":"Zap","floor":11,"key":"SMITH"},{"data":"Ball Lightning","floor":15,"key":"SMITH"},{"data":"Echo Form","floor":28,"key":"SMITH"},{"data":"Consume","floor":30,"key":"SMITH"},{"data":"Capacitor","floor":32,"key":"SMITH"}],"neow_cost":"NONE","seed_source_timestamp":1130287095195842,"circlet_count":0,"master_deck":["Strike_B","Strike_B","Defend_B","Defend_B","Defend_B","Defend_B","Zap+1","Dualcast","Finesse","Streamline","Beam Cell+1","Stack","Leap","Rebound","Hologram+1","Core Surge","Ball Lightning+1","Genetic Algorithm","Echo Form+1","Steam+1","Auto Shields+1","Undo","Ball Lightning","Capacitor+1","Conserve Battery","Conserve Battery","Consume+1","Cold Snap","Seek","Loop","Leap+1"],"relics":["Cracked Core","Pantograph","MawBank","Meat on the Bone","StoneCalendar","Eternal Feather","Torii","Anchor","Nilry\u0027s Codex","Thread and Needle","Emotion Chip","Inserter","PreservedInsect"],"potions_floor_usage":[12,14,16,18,25,38],"damage_taken":[{"damage":0,"enemies":"Small Slimes","floor":1,"turns":3},{"damage":1,"enemies":"Cultist","floor":2,"turns":3},{"damage":3,"enemies":"2 Louse","floor":4,"turns":2},{"damage":23,"enemies":"3 Sentries","floor":7,"turns":7},{"damage":11,"enemies":"2 Fungi Beasts","floor":8,"turns":3},{"damage":20,"enemies":"Lagavulin","floor":12,"turns":6},{"damage":1,"enemies":"Looter","floor":13,"turns":3},{"damage":7,"enemies":"Exordium Thugs","floor":14,"turns":3},{"damage":35,"enemies":"Hexaghost","floor":16,"turns":8},{"damage":5,"enemies":"Spheric Guardian","floor":18,"turns":3},{"damage":10,"enemies":"Chosen","floor":20,"turns":4},{"damage":41,"enemies":"Gremlin Leader","floor":23,"turns":8},{"damage":18,"enemies":"Book of Stabbing","floor":25,"turns":7},{"damage":10,"enemies":"3 Cultists","floor":29,"turns":6},{"damage":1,"enemies":"Snecko","floor":31,"turns":5},{"damage":57,"enemies":"Collector","floor":33,"turns":10},{"damage":7,"enemies":"Orb Walker","floor":35,"turns":5},{"damage":41,"enemies":"3 Darklings","floor":37,"turns":7},{"damage":47,"enemies":"Transient","floor":38,"turns":5}],"seed_played":"6682185253780167658","potions_obtained":[{"floor":1,"key":"SteroidPotion"},{"floor":4,"key":"Weak Potion"},{"floor":8,"key":"Energy Potion"},{"floor":14,"key":"Block Potion"},{"floor":18,"key":"Fruit Juice"},{"floor":20,"key":"Block Potion"},{"floor":35,"key":"Strength Potion"},{"floor":37,"key":"Swift Potion"}],"is_trial":false,"path_per_floor":["M","M","?","M","$","R","E","M","T","?","R","E","M","M","R","B",null,"M","?","M","?","$","E","?","E","T","T","R","M","R","M","R","B",null,"M","$","M","M"],"character_chosen":"DEFECT","items_purchased":["Pantograph","Leap","Torii","Ball Lightning","Capacitor","PreservedInsect"],"campfire_rested":0,"item_purchase_floors":[5,5,22,22,22,36],"current_hp_per_floor":[75,74,74,71,71,71,48,37,37,37,37,29,40,45,45,47,75,75,75,65,65,65,36,20,14,14,14,29,31,46,45,60,35,80,73,73,44,0],"gold":32,"neow_bonus":"RANDOM_COLORLESS","is_prod":false,"is_daily":false,"chose_seed":false,"campfire_upgraded":6,"win_rate":0,"timestamp":1545859261,"path_taken":["M","M","?","M","?","R","E","?","T","?","R","E","M","M","R","BOSS","M","?","M","?","$","E","?","E","T","?","R","?","R","?","R","BOSS","M","$","M","?"],"build_version":"2018-12-25","purchased_purges":3,"victory":false,"max_hp_per_floor":[75,75,75,75,75,75,75,75,75,75,75,75,75,75,75,75,75,80,80,80,80,80,80,80,80,80,80,80,80,80,80,80,80,80,80,80,80,80],"card_choices":[{"not_picked":["Compile Driver","Redo"],"picked":"Streamline","floor":1},{"not_picked":["Redo","Streamline"],"picked":"Beam Cell","floor":2},{"not_picked":["Streamline","Hello World"],"picked":"Stack","floor":4},{"not_picked":["Gash","Beam Cell"],"picked":"Rebound","floor":7},{"not_picked":["All For One","FTL"],"picked":"Hologram","floor":8},{"not_picked":["Go for the Eyes","Blizzard"],"picked":"Core Surge","floor":12},{"not_picked":["Barrage","Self Repair"],"picked":"Ball Lightning","floor":13},{"not_picked":["Leap","Turbo"],"picked":"Genetic Algorithm","floor":14},{"not_picked":["Buffer","Thunder Strike"],"picked":"Echo Form","floor":16},{"not_picked":["Genetic Algorithm","Leap"],"picked":"Steam+1","floor":18},{"not_picked":["Leap","Gash"],"picked":"Auto Shields+1","floor":20},{"not_picked":["Self Repair","BootSequence"],"picked":"Conserve Battery","floor":23},{"not_picked":["Chill+1","Rebound+1"],"picked":"Conserve Battery","floor":25},{"not_picked":["Barrage","Reprogram"],"picked":"Consume","floor":29},{"not_picked":["Force Field+1","Double Energy"],"picked":"Cold Snap","floor":31},{"not_picked":["All For One","Machine Learning"],"picked":"Seek","floor":33},{"not_picked":["Sunder","Static Discharge+1"],"picked":"Loop","floor":35},{"not_picked":["Doom and Gloom","Beam Cell"],"picked":"Leap+1","floor":37}],"player_experience":1018174,"relics_obtained":[{"floor":7,"key":"MawBank"},{"floor":9,"key":"Meat on the Bone"},{"floor":12,"key":"StoneCalendar"},{"floor":23,"key":"Anchor"},{"floor":24,"key":"Nilry\u0027s Codex"},{"floor":25,"key":"Thread and Needle"},{"floor":27,"key":"Emotion Chip"}],"event_choices":[{"damage_healed":0,"gold_gain":275,"player_choice":"Desecrate","damage_taken":0,"max_hp_gain":0,"max_hp_loss":0,"event_name":"Golden Shrine","floor":3,"gold_loss":0,"cards_obtained":["Regret"]},{"damage_healed":0,"gold_gain":0,"player_choice":"Grow","damage_taken":0,"max_hp_gain":0,"max_hp_loss":0,"event_name":"Living Wall","floor":10,"gold_loss":0,"cards_upgraded":["Hologram"]},{"damage_healed":0,"gold_gain":99,"player_choice":"Stole From Cult","damage_taken":0,"max_hp_gain":0,"max_hp_loss":0,"event_name":"Nest","floor":19,"gold_loss":0},{"damage_healed":0,"gold_gain":0,"player_choice":"Read","damage_taken":0,"max_hp_gain":0,"max_hp_loss":0,"event_name":"The Library","floor":21,"gold_loss":0,"cards_obtained":["Undo"]},{"damage_healed":0,"gold_gain":0,"player_choice":"Obtained Book","damage_taken":16,"max_hp_gain":0,"max_hp_loss":0,"event_name":"Cursed Tome","floor":24,"gold_loss":0}],"is_beta":true,"boss_relics":[{"not_picked":["Philosopher\u0027s Stone","Busted Crown"],"picked":"Eternal Feather"},{"not_picked":["Black Star","Fusion Hammer"],"picked":"Inserter"}],"items_purged_floors":[5,22,36],"is_endless":false,"potions_floor_spawned":[1,4,8,14,18,20,35,37],"killed_by":"Transient","ascension_level":1}