{"gold_per_floor":[112,130,140,17,17,17,35,47,47,79,95,95,108,120,120,220,220,239,149,168,181,181,181,18,28,52,52,52,52],"floor_reached":29,"playtime":1025,"items_purged":["Strike_B"],"score":279,"play_id":"4cdb1fbe-c72e-43a8-9496-941ab59f4c9b","local_time":"20190116204345","is_ascension_mode":false,"campfire_choices":[{"data":"strawberrySpire:AngeryBot","floor":6,"key":"SMITH"},{"data":"strawberrySpire:AngeryBot","floor":12,"key":"SMITH"},{"floor":15,"key":"REST"},{"data":"Fission","floor":23,"key":"SMITH"},{"data":"strawberrySpire:HateBit","floor":27,"key":"SMITH"}],"neow_cost":"NONE","seed_source_timestamp":1204087127630225,"circlet_count":0,"master_deck":["Strike_B","Strike_B","Defend_B","Defend_B","Defend_B","Defend_B","Zap","Dualcast","Genetic Algorithm","Rebound+1","strawberrySpire:AngeryBot+1","Fission+1","Steam","Loop","strawberrySpire:AngeryBot+1","All For One","Ball Lightning","White Noise","Coolheaded","Machine Learning+1","Coolheaded+1","Stack","Hologram+1","Self Repair+1","Leap","strawberrySpire:HateBit+1","Doubt"],"relics":["Cracked Core","NeowsBlessing","Mercury Hourglass","Frozen Egg 2","Cursed Key","Blood Vial"],"potions_floor_usage":[11,16,21,25,29],"damage_taken":[{"damage":0,"enemies":"Cultist","floor":1,"turns":1},{"damage":0,"enemies":"Small Slimes","floor":2,"turns":1},{"damage":0,"enemies":"Jaw Worm","floor":3,"turns":1},{"damage":6,"enemies":"Blue Slaver","floor":7,"turns":4},{"damage":16,"enemies":"Large Slime","floor":8,"turns":5},{"damage":15,"enemies":"Lagavulin","floor":10,"turns":6},{"damage":13,"enemies":"Exordium Wildlife","floor":11,"turns":4},{"damage":10,"enemies":"Looter","floor":13,"turns":3},{"damage":3,"enemies":"Red Slaver","floor":14,"turns":3},{"damage":0,"enemies":"Hexaghost","floor":16,"turns":5},{"damage":27,"enemies":"3 Byrds","floor":18,"turns":4},{"damage":4,"enemies":"Chosen","floor":20,"turns":3},{"damage":0,"enemies":"3 Cultists","floor":21,"turns":4},{"damage":24,"enemies":"Shelled Parasite and Fungi","floor":25,"turns":4},{"damage":27,"enemies":"Slavers","floor":29,"turns":1}],"seed_played":"-3585520663311612024","potions_obtained":[{"floor":1,"key":"Weak Potion"},{"floor":2,"key":"Explosive Potion"},{"floor":3,"key":"PowerPotion"},{"floor":10,"key":"EssenceOfSteel"},{"floor":13,"key":"Ancient Potion"},{"floor":18,"key":"AttackPotion"}],"is_trial":false,"path_per_floor":["M","M","M","$","$","R","M","M","T","E","M","R","M","M","R","B",null,"M","?","M","M","?","R","$","M","T","R","?","E"],"character_chosen":"DEFECT","items_purchased":["Fission","Steam","Self Repair+1","Leap"],"campfire_rested":1,"item_purchase_floors":[4,4,24,24],"current_hp_per_floor":[75,75,75,75,75,75,69,53,53,38,25,25,15,12,34,34,75,48,48,44,44,30,30,30,16,16,16,16,0],"gold":52,"neow_bonus":"THREE_ENEMY_KILL","is_prod":false,"is_daily":false,"chose_seed":false,"campfire_upgraded":4,"win_rate":0,"timestamp":1547660625,"path_taken":["M","?","M","?","$","R","?","M","T","E","M","R","M","M","R","BOSS","M","?","?","M","?","R","$","M","T","R","?","E"],"build_version":"2019-01-14v2","purchased_purges":1,"victory":false,"max_hp_per_floor":[75,75,75,75,75,75,75,75,75,75,75,75,75,75,75,75,75,75,75,75,75,80,80,80,80,80,80,80,80],"card_choices":[{"not_picked":["Reprogram","strawberrySpire:SearchEngine"],"picked":"Genetic Algorithm","floor":1},{"not_picked":["Recycle","Coolheaded"],"picked":"Rebound","floor":2},{"not_picked":["Compile Driver","Recycle"],"picked":"strawberrySpire:AngeryBot","floor":3},{"not_picked":["Coolheaded","strawberrySpire:DataDump"],"picked":"Loop","floor":7},{"not_picked":["strawberrySpire:NeonFlight","Loop"],"picked":"strawberrySpire:AngeryBot","floor":8},{"not_picked":["Recycle","Sweeping Beam"],"picked":"All For One","floor":10},{"not_picked":["strawberrySpire:Disconnect","strawberrySpire:DataDump"],"picked":"Ball Lightning","floor":11},{"not_picked":["strawberrySpire:DataDump","Ball Lightning"],"picked":"White Noise","floor":13},{"not_picked":["Streamline","strawberrySpire:DataDump","Coolheaded"],"picked":"SKIP","floor":14},{"not_picked":["Streamline","strawberrySpire:DataDump"],"picked":"Coolheaded","floor":14},{"not_picked":["Multi-Cast","strawberrySpire:BiBeamBolt"],"picked":"Machine Learning+1","floor":16},{"not_picked":["Go for the Eyes+1","Stack"],"picked":"Coolheaded+1","floor":18},{"not_picked":["strawberrySpire:Disconnect","Blizzard+1"],"picked":"Stack","floor":20},{"not_picked":["Steam+1","Rebound"],"picked":"Hologram+1","floor":21},{"not_picked":["Ball Lightning","Stack"],"picked":"strawberrySpire:HateBit","floor":25}],"player_experience":1074660,"relics_obtained":[{"floor":9,"key":"Mercury Hourglass"},{"floor":10,"key":"Frozen Egg 2"},{"floor":26,"key":"Blood Vial"}],"event_choices":[{"cards_removed":["Strike_B"],"damage_healed":0,"gold_gain":0,"player_choice":"Upgrade and Remove","damage_taken":0,"max_hp_gain":0,"max_hp_loss":0,"event_name":"Designer","floor":19,"gold_loss":90,"cards_upgraded":["Rebound"]},{"damage_healed":0,"gold_gain":0,"player_choice":"Shed Blood","damage_taken":19,"max_hp_gain":5,"max_hp_loss":0,"event_name":"Forgotten Altar","floor":22,"gold_loss":0},{"damage_healed":0,"gold_gain":0,"player_choice":"Ignored","damage_taken":0,"max_hp_gain":0,"max_hp_loss":0,"event_name":"Vampires","floor":28,"gold_loss":0}],"is_beta":true,"boss_relics":[{"not_picked":["Velvet Choker","strawberrySpire:CapacitorDischarge"],"picked":"Cursed Key"}],"items_purged_floors":[24],"is_endless":false,"potions_floor_spawned":[1,2,3,10,13,18],"killed_by":"Slavers","ascension_level":0}