{"gold_per_floor":[114,13,13,13,13,13,46,66,66,241,273,288,288,301,301,403,403,418,431,431,431,58,58,84,97,97,97,127,127,162,162,162,261,261,277,352,362,380,400,400],"floor_reached":40,"playtime":1670,"items_purged":[],"score":605,"play_id":"4aab076f-11bd-46f4-a727-7b0bc863b648","local_time":"20190126114306","is_ascension_mode":true,"campfire_choices":[{"data":"Iron Wave","floor":6,"key":"SMITH"},{"data":"Searing Blow","floor":13,"key":"SMITH"},{"data":"Searing Blow+1","floor":15,"key":"SMITH"},{"data":"Searing Blow+2","floor":23,"key":"SMITH"},{"data":"Searing Blow+3","floor":29,"key":"SMITH"},{"data":"Searing Blow+4","floor":32,"key":"SMITH"}],"neow_cost":"NONE","seed_source_timestamp":60148015207734,"circlet_count":0,"master_deck":["Strike_R","Strike_R","Defend_R","Defend_R","Defend_R","Defend_R","Bash","Iron Wave+1","Impervious","Carnage","Doubt","Searing Blow+5","strawberrySpire:Overwork","Cleave","strawberrySpire:Hellbender","Armaments","Clothesline+1","strawberrySpire:GettingOverIt","Apotheosis","Flame Barrier","Headbutt","Headbutt+1","Juggernaut","strawberrySpire:FortFortyFour+1","strawberrySpire:DebrisPile+1","Power Through+1","Dual Wield+1"],"relics":["Burning Blood","NeowsBlessing","Torii","StoneCalendar","Ginger","Boot","strawberrySpire:RottenAvocado","theJungle:BirthdayCake","Ornamental Fan","Happy Flower","Bottled Lightning","Nunchaku","theJungle:SpiritDisease","Toxic Egg 2","PreservedInsect","theJungle:WildPear","Philosopher\u0027s Stone"],"potions_floor_usage":[7,14,25,25,28,33,39,39,39],"damage_taken":[{"damage":0,"enemies":"Jaw Worm","floor":1,"turns":1},{"damage":0,"enemies":"3 Sentries","floor":7,"turns":1},{"damage":0,"enemies":"2 Louse","floor":8,"turns":1},{"damage":42,"enemies":"Lagavulin","floor":11,"turns":7},{"damage":2,"enemies":"Small Slimes","floor":12,"turns":3},{"damage":1,"enemies":"Looter","floor":14,"turns":2},{"damage":43,"enemies":"The Guardian","floor":16,"turns":10},{"damage":8,"enemies":"theJungle:Flameango_and_Byrd","floor":18,"turns":6},{"damage":26,"enemies":"Shell Parasite","floor":19,"turns":7},{"damage":39,"enemies":"JungleHuntersEvent","floor":21,"turns":10},{"damage":30,"enemies":"theJungle:Cassacara","floor":24,"turns":6},{"damage":0,"enemies":"Snake Plant","floor":25,"turns":4},{"damage":0,"enemies":"theJungle:MamaSnecko","floor":28,"turns":5},{"damage":16,"enemies":"theJungle:2_Phrogs","floor":30,"turns":6},{"damage":0,"enemies":"theJungle:QueenSpyder","floor":33,"turns":8},{"damage":18,"enemies":"3 Shapes","floor":35,"turns":7},{"damage":14,"enemies":"Orb Walker","floor":37,"turns":3},{"damage":33,"enemies":"Jaw Worm Horde","floor":38,"turns":5},{"damage":2,"enemies":"Transient","floor":39,"turns":5},{"damage":51,"enemies":"strawberrySpire:EssenceStones","floor":40,"turns":3}],"seed_played":"8409573381221802933","potions_obtained":[{"floor":11,"key":"SkillPotion"},{"floor":12,"key":"GamblersBrew"},{"floor":16,"key":"SpeedPotion"},{"floor":25,"key":"SneckoOil"},{"floor":28,"key":"Explosive Potion"},{"floor":30,"key":"Energy Potion"},{"floor":33,"key":"PowerPotion"},{"floor":37,"key":"EssenceOfSteel"}],"is_trial":false,"path_per_floor":["M","$","?","?","$","R","E","M","T","?","E","M","R","M","R","B",null,"M","M","?","?","$","R","E","M","T","?","E","R","E","?","R","B",null,"M","?","M","M","M","E"],"character_chosen":"IRONCLAD","items_purchased":["Fruit Juice","Apotheosis","Flame Barrier","Happy Flower"],"campfire_rested":0,"item_purchase_floors":[2,22,22,22],"current_hp_per_floor":[80,80,68,73,73,73,84,90,90,90,54,58,58,63,63,26,90,87,67,87,54,54,54,30,36,36,36,42,42,32,42,42,48,103,90,80,72,45,49,0],"gold":400,"neow_bonus":"THREE_ENEMY_KILL","is_prod":false,"is_daily":false,"chose_seed":false,"campfire_upgraded":6,"win_rate":0,"timestamp":1548492186,"path_taken":["M","$","?","?","?","R","E","M","T","?","E","M","R","M","R","BOSS","M","M","?","?","$","R","E","?","T","?","E","R","E","?","R","BOSS","M","?","?","M","M","E"],"build_version":"2019-01-23","purchased_purges":0,"victory":false,"max_hp_per_floor":[80,80,80,85,85,85,90,90,90,90,90,90,90,90,90,90,90,89,88,107,106,105,104,103,102,101,100,99,98,97,106,105,104,103,102,101,100,99,98,97],"card_choices":[{"not_picked":["Clash","strawberrySpire:DebrisPile"],"picked":"Iron Wave","floor":1},{"not_picked":["strawberrySpire:FireDrill","Pommel Strike"],"picked":"Impervious","floor":7},{"not_picked":["Clash","Feel No Pain"],"picked":"Carnage","floor":8},{"not_picked":["strawberrySpire:Overwork","strawberrySpire:FireDrill"],"picked":"Searing Blow","floor":11},{"not_picked":["strawberrySpire:DangerMountain","strawberrySpire:PumpUp"],"picked":"strawberrySpire:Overwork","floor":12},{"not_picked":["strawberrySpire:Spite","Entrench"],"picked":"Cleave","floor":14},{"not_picked":["Bludgeon","strawberrySpire:FortFortyFour"],"picked":"strawberrySpire:Hellbender","floor":16},{"not_picked":["Twin Strike","strawberrySpire:Aggression"],"picked":"Armaments","floor":18},{"not_picked":["strawberrySpire:Spite+1","Burning Pact"],"picked":"Clothesline+1","floor":19},{"not_picked":["Blood for Blood","Bloodletting"],"picked":"strawberrySpire:GettingOverIt","floor":21},{"not_picked":["Infernal Blade","strawberrySpire:FireDrill"],"picked":"Headbutt","floor":24},{"not_picked":["strawberrySpire:Spite","True Grit"],"picked":"Headbutt+1","floor":25},{"not_picked":["Corruption+1","Body Slam","Rampage+1"],"picked":"SKIP","floor":28},{"not_picked":["Havoc+1","Clothesline+1"],"picked":"Juggernaut","floor":30},{"not_picked":["Berserk","Bludgeon"],"picked":"strawberrySpire:FortFortyFour+1","floor":33},{"not_picked":["Carnage","Sever Soul"],"picked":"strawberrySpire:DebrisPile+1","floor":35},{"not_picked":["Havoc+1","Warcry+1"],"picked":"Power Through+1","floor":37},{"not_picked":["Anger+1","Havoc+1"],"picked":"Dual Wield+1","floor":38},{"not_picked":["Flex+1","Feed","Clothesline+1"],"picked":"SKIP","floor":39}],"player_experience":1096893,"relics_obtained":[{"floor":7,"key":"StoneCalendar"},{"floor":9,"key":"Ginger"},{"floor":11,"key":"Boot"},{"floor":21,"key":"Ornamental Fan"},{"floor":24,"key":"Bottled Lightning"},{"floor":26,"key":"Nunchaku"},{"floor":28,"key":"Toxic Egg 2"},{"floor":30,"key":"PreservedInsect"}],"event_choices":[{"damage_healed":0,"gold_gain":0,"player_choice":"Success","damage_taken":12,"relics_obtained":["Torii"],"max_hp_gain":0,"max_hp_loss":0,"event_name":"Scrap Ooze","floor":3,"gold_loss":0},{"damage_healed":0,"gold_gain":0,"player_choice":"Donut","damage_taken":0,"max_hp_gain":5,"max_hp_loss":0,"event_name":"Big Fish","floor":4,"gold_loss":0},{"damage_healed":0,"gold_gain":175,"player_choice":"AGREE","damage_taken":0,"max_hp_gain":0,"max_hp_loss":0,"event_name":"Liars Game","floor":10,"gold_loss":0,"cards_obtained":["Doubt"]},{"damage_healed":0,"gold_gain":75,"player_choice":"Touch","damage_taken":10,"max_hp_gain":0,"max_hp_loss":0,"event_name":"FaceTrader","floor":36,"gold_loss":0}],"is_beta":true,"boss_relics":[{"not_picked":["Runic Cube","Runic Pyramid"],"picked":"strawberrySpire:RottenAvocado"},{"not_picked":["Snecko Eye","Empty Cage"],"picked":"Philosopher\u0027s Stone"}],"items_purged_floors":[],"is_endless":false,"potions_floor_spawned":[11,12,16,25,28,30,33,37,38],"killed_by":"strawberrySpire:EssenceStones","ascension_level":1}