{"gold_per_floor":[110,110,110,129,129,129,155,155,206,235,235,260,275,291,291,391,391,409,334,349,349,30,30,50,50,75,75,101,113,113,142,142,245,245,258,258,258,269,281,308,13,39,87,98,98,98,131,131],"floor_reached":48,"playtime":4789,"items_purged":["Defend_G"],"score":1038,"play_id":"91c30f9e-233d-4eb6-95fb-dc3fdd6fd506","local_time":"20190401120431","is_ascension_mode":true,"campfire_choices":[{"data":"Riddle With Holes","floor":6,"key":"SMITH"},{"data":"strawberrySpire:Insectonator","floor":8,"key":"SMITH"},{"data":"Finisher","floor":11,"key":"SMITH"},{"data":"strawberrySpire:Rummage","floor":15,"key":"SMITH"},{"data":"Infinite Blades","floor":23,"key":"SMITH"},{"data":"Blur","floor":25,"key":"SMITH"},{"data":"Skewer","floor":27,"key":"SMITH"},{"data":"Cloak And Dagger","floor":30,"key":"SMITH"},{"data":"Die Die Die","floor":32,"key":"SMITH"}],"neow_cost":"","seed_source_timestamp":1160688983473435,"circlet_count":0,"master_deck":["Defend_G","Defend_G","Defend_G","Strike_G","Strike_G+1","Strike_G","Survivor","Neutralize","Escape Plan","Cloak And Dagger+1","Riddle With Holes+1","strawberrySpire:DreamfoilDart+1","Crippling Poison","PiercingWail","strawberrySpire:Insectonator+1","Finisher+1","Die Die Die+1","Skewer+1","strawberrySpire:Rummage+1","Tools of the Trade","strawberrySpire:Trickbox","Blur+1","Die Die Die+1","Infinite Blades+1","Cloak And Dagger+1","strawberrySpire:Slide","A Thousand Cuts+1","Poisoned Stab+1","strawberrySpire:Insectonator+1","Blade Dance+1","Adrenaline","Flash of Steel+1","Slice","Noxious Fumes+1","Sucker Punch+1","Adrenaline","Adrenaline","Defend_G","Defend_G","Defend_G","Defend_G","Defend_G","Defend_G","Strike_G+1","Strike_G+1","Strike_G+1","Strike_G+1","Strike_G+1","Strike_G+1","Survivor","Survivor","Neutralize+1","Neutralize+1","Escape Plan","Escape Plan","Cloak And Dagger+1","Cloak And Dagger+1","Riddle With Holes+1","Riddle With Holes+1","strawberrySpire:DreamfoilDart+1","strawberrySpire:DreamfoilDart+1","Crippling Poison","Crippling Poison","PiercingWail","PiercingWail","strawberrySpire:Insectonator+1","strawberrySpire:Insectonator+1","Finisher+1","Finisher+1","Die Die Die+1","Die Die Die+1","Skewer+1","Skewer+1","strawberrySpire:Rummage+1","strawberrySpire:Rummage+1","Tools of the Trade","Tools of the Trade","strawberrySpire:Trickbox","strawberrySpire:Trickbox","Blur+1","Blur+1","Die Die Die+1","Die Die Die+1","Infinite Blades+1","Infinite Blades+1","Cloak And Dagger+1","Cloak And Dagger+1","strawberrySpire:Slide","strawberrySpire:Slide","A Thousand Cuts+1","A Thousand Cuts+1","Poisoned Stab+1","Poisoned Stab+1","strawberrySpire:Insectonator+1","strawberrySpire:Insectonator+1","Blade Dance+1","Blade Dance+1","Adrenaline","Adrenaline","Flash of Steel+1","Flash of Steel+1","Slice+1","Slice+1","Noxious Fumes+1","Noxious Fumes+1","Sucker Punch+1","Sucker Punch+1","Adrenaline","Adrenaline","Adrenaline","Adrenaline","PiercingWail+1"],"relics":["Ring of the Snake","Gremlin Horn","ClockworkSouvenir","strawberrySpire:CharschorBlot","strawberrySpire:DirtyLipstick","strawberrySpire:PoopsieRoll","Ancient Tea Set","Lantern","Art of War","Pantograph","strawberrySpire:BonfireDress","Eternal Feather","DollysMirror","Boot","Bottled Flame","Potion Belt","Philosopher\u0027s Stone","Matryoshka","Snake Skull","Molten Egg 2","strawberrySpire:MawJerky","Whetstone","Blood Vial","The Courier","Pear"],"potions_floor_usage":[12,16,16,28,33,39,42,48],"damage_taken":[{"damage":0,"enemies":"2 Louse","floor":1,"turns":2},{"damage":0,"enemies":"Jaw Worm","floor":4,"turns":3},{"damage":14,"enemies":"Gremlin Nob","floor":7,"turns":4},{"damage":6,"enemies":"strawberrySpire:EnergyPylons","floor":10,"turns":2},{"damage":13,"enemies":"Lagavulin","floor":12,"turns":4},{"damage":0,"enemies":"Cultist","floor":13,"turns":2},{"damage":0,"enemies":"2 Fungi Beasts","floor":14,"turns":1},{"damage":25,"enemies":"Slime Boss","floor":16,"turns":6},{"damage":13,"enemies":"Spheric Guardian","floor":18,"turns":4},{"damage":9,"enemies":"2 Thieves","floor":20,"turns":3},{"damage":15,"enemies":"Snake Plant","floor":24,"turns":3},{"damage":4,"enemies":"Slavers","floor":28,"turns":3},{"damage":7,"enemies":"Cultist and Chosen","floor":29,"turns":4},{"damage":0,"enemies":"Gremlin Leader","floor":31,"turns":5},{"damage":53,"enemies":"Collector","floor":33,"turns":8},{"damage":1,"enemies":"3 Shapes","floor":35,"turns":2},{"damage":6,"enemies":"3 Darklings","floor":38,"turns":3},{"damage":0,"enemies":"Jaw Worm Horde","floor":39,"turns":2},{"damage":0,"enemies":"Nemesis","floor":40,"turns":5},{"damage":8,"enemies":"Giant Head","floor":42,"turns":6},{"damage":6,"enemies":"4 Shapes","floor":44,"turns":2},{"damage":23,"enemies":"strawberrySpire:EssenceStones","floor":47,"turns":3},{"damage":21,"enemies":"Writhing Mass","floor":48,"turns":3}],"seed_played":"-3075100816175920887","potions_obtained":[{"floor":7,"key":"GamblersBrew"},{"floor":10,"key":"LiquidBronze"},{"floor":12,"key":"Strength Potion"},{"floor":14,"key":"SkillPotion"},{"floor":20,"key":"FearPotion"},{"floor":33,"key":"AttackPotion"},{"floor":38,"key":"FearPotion"},{"floor":40,"key":"SneckoOil"},{"floor":44,"key":"LiquidBronze"}],"is_trial":false,"path_per_floor":["M","?","?","M","?","R","E","R","T","E","R","E","M","M","R","B",null,"M","?","M","?","$","R","M","R","T","R","E","M","R","E","R","B",null,"M","?","?","M","M","E","$","E","T","M","?","T","E","M"],"character_chosen":"THE_SILENT","items_purchased":["Gremlin Horn","Escape Plan","Cloak And Dagger","Riddle With Holes","ClockworkSouvenir","strawberrySpire:CharschorBlot","strawberrySpire:DirtyLipstick","strawberrySpire:PoopsieRoll","Crippling Poison","DollysMirror","Infinite Blades","Snake Skull","Flash of Steel","Slice"],"campfire_rested":0,"item_purchase_floors":[0,0,0,0,0,0,0,0,0,22,22,41,41,41],"current_hp_per_floor":[70,56,56,56,49,49,35,35,35,29,29,16,16,16,16,16,70,57,57,48,48,48,60,45,57,57,69,65,58,70,70,70,17,70,69,69,69,63,63,63,63,55,55,49,26,26,19,0],"gold":131,"neow_bonus":"","is_prod":false,"is_daily":false,"chose_seed":false,"campfire_upgraded":9,"win_rate":0,"timestamp":1554109471,"path_taken":["M","?","?","?","?","R","E","R","T","E","R","E","M","M","R","BOSS","M","?","M","?","$","R","M","R","T","R","E","M","R","E","R","BOSS","M","?","?","?","M","E","$","E","T","M","?","?","E","M"],"build_version":"2019-03-15","purchased_purges":1,"victory":false,"max_hp_per_floor":[70,70,70,70,70,70,70,70,70,70,70,70,70,70,70,70,70,70,70,70,70,70,70,70,70,70,70,70,70,70,70,70,70,70,70,70,70,70,70,70,70,70,70,70,70,70,84,84],"card_choices":[{"not_picked":["strawberrySpire:Slide","strawberrySpire:SideSwipe"],"picked":"PiercingWail","floor":1},{"not_picked":["strawberrySpire:HopSkipAndJump","Distraction","All Out Attack"],"picked":"SKIP","floor":4},{"not_picked":["Sucker Punch","strawberrySpire:Trickbox"],"picked":"strawberrySpire:Insectonator","floor":7},{"not_picked":["strawberrySpire:Urgency","Reflex"],"picked":"Finisher","floor":10},{"not_picked":["Quick Slash","strawberrySpire:Rummage"],"picked":"Die Die Die","floor":12},{"not_picked":["Eviscerate","Sucker Punch"],"picked":"Skewer","floor":13},{"not_picked":["strawberrySpire:DeltaFlow","Dagger Throw"],"picked":"strawberrySpire:Rummage","floor":14},{"not_picked":["Wraith Form v2","strawberrySpire:Marathoner"],"picked":"Tools of the Trade","floor":16},{"not_picked":["Setup","strawberrySpire:HopSkipAndJump+1"],"picked":"strawberrySpire:Trickbox","floor":18},{"not_picked":["Sucker Punch","Quick Slash"],"picked":"Blur","floor":20},{"not_picked":["Reflex+1","strawberrySpire:Pant+1","strawberrySpire:Grapple"],"picked":"SKIP","floor":24},{"not_picked":["Poisoned Stab","Flying Knee+1","strawberrySpire:SideSwipe"],"picked":"SKIP","floor":28},{"not_picked":["Acrobatics","strawberrySpire:Pant+1"],"picked":"Cloak And Dagger","floor":29},{"not_picked":["Tactician","Bane+1"],"picked":"strawberrySpire:Slide","floor":31},{"not_picked":["Phantasmal Killer","Grand Finale"],"picked":"A Thousand Cuts","floor":33},{"not_picked":["Acrobatics+1","Deadly Poison+1"],"picked":"Poisoned Stab+1","floor":35},{"not_picked":["strawberrySpire:DeltaFlow+1","Cloak And Dagger"],"picked":"strawberrySpire:Insectonator+1","floor":38},{"not_picked":["Reflex+1","Flying Knee"],"picked":"Blade Dance+1","floor":39},{"not_picked":["Dash","Skewer+1"],"picked":"Adrenaline","floor":40},{"not_picked":["strawberrySpire:SpinKick","strawberrySpire:Pant+1"],"picked":"Noxious Fumes+1","floor":42},{"not_picked":["All Out Attack+1","Quick Slash+1"],"picked":"Sucker Punch+1","floor":44},{"not_picked":["Eviscerate+1","Slice+1"],"picked":"PiercingWail+1","floor":47}],"player_experience":1200239,"relics_obtained":[{"floor":7,"key":"Lantern"},{"floor":9,"key":"Art of War"},{"floor":10,"key":"Pantograph"},{"floor":12,"key":"strawberrySpire:BonfireDress"},{"floor":26,"key":"Boot"},{"floor":28,"key":"Bottled Flame"},{"floor":31,"key":"Potion Belt"},{"floor":40,"key":"Matryoshka"},{"floor":42,"key":"Molten Egg 2"},{"floor":43,"key":"strawberrySpire:MawJerky"},{"floor":43,"key":"Whetstone"},{"floor":46,"key":"Blood Vial"},{"floor":46,"key":"The Courier"},{"floor":47,"key":"Pear"}],"event_choices":[{"damage_healed":0,"gold_gain":0,"player_choice":"Entered Light","damage_taken":14,"max_hp_gain":0,"max_hp_loss":0,"event_name":"Shining Light","floor":2,"gold_loss":0,"cards_upgraded":["Strike_G","Cloak And Dagger"]},{"cards_removed":["Strike_G"],"damage_healed":0,"gold_gain":0,"player_choice":"Purged","damage_taken":0,"max_hp_gain":0,"max_hp_loss":0,"event_name":"Purifier","floor":3,"gold_loss":0},{"damage_healed":0,"gold_gain":0,"player_choice":"Success","damage_taken":7,"relics_obtained":["Ancient Tea Set"],"max_hp_gain":0,"max_hp_loss":0,"event_name":"Scrap Ooze","floor":5,"gold_loss":0},{"cards_removed":["Defend_G"],"damage_healed":0,"gold_gain":0,"player_choice":"Gave Gold","damage_taken":0,"max_hp_gain":0,"max_hp_loss":0,"event_name":"Beggar","floor":19,"gold_loss":75},{"damage_healed":0,"gold_gain":0,"player_choice":"Ignored","damage_taken":0,"max_hp_gain":0,"max_hp_loss":0,"event_name":"Vampires","floor":21,"gold_loss":0},{"damage_healed":0,"gold_gain":0,"player_choice":"Ignored","damage_taken":0,"max_hp_gain":0,"max_hp_loss":0,"event_name":"Tomb of Lord Red Mask","floor":36,"gold_loss":0},{"damage_healed":0,"gold_gain":0,"player_choice":"Upgraded","damage_taken":0,"max_hp_gain":0,"max_hp_loss":0,"event_name":"Upgrade Shrine","floor":37,"gold_loss":0,"cards_upgraded":["A Thousand Cuts"]}],"is_beta":true,"boss_relics":[{"not_picked":["strawberrySpire:SolarisEssence","Busted Crown"],"picked":"Eternal Feather"},{"not_picked":["Empty Cage","energizedSpire:RedRose"],"picked":"Philosopher\u0027s Stone"}],"items_purged_floors":[22],"is_endless":false,"potions_floor_spawned":[7,10,12,14,20,33,38,40,44],"killed_by":"Writhing Mass","ascension_level":1}