{"gold_per_floor":[110,130,145,162,162,174,202,214,251,324,352,390,29,41,41,139,139,155,175,175,90,108,108],"floor_reached":23,"playtime":1209,"items_purged":[],"score":195,"play_id":"26480422-54f4-4883-bb70-a41dbeb2bc26","local_time":"20181011130634","is_ascension_mode":false,"campfire_choices":[{"floor":6,"key":"REST"},{"data":"Blade Dance","floor":8,"key":"SMITH"},{"data":"Cloak And Dagger","floor":15,"key":"SMITH"}],"neow_cost":"PERCENT_DAMAGE","seed_source_timestamp":1534120987714799,"circlet_count":0,"master_deck":["Defend_G","Defend_G","Defend_G","Defend_G","Defend_G","Strike_G","Strike_G","Strike_G","Strike_G+1","Strike_G","Survivor","Neutralize","After Image","Terror","Poisoned Stab","Predator","Blade Dance+1","Flying Knee+1","Deflect","Well Laid Plans","Infinite Blades","Cloak And Dagger+1","Blade Dance","Infinite Blades","Bullet Time","Dagger Spray","Dash","Sucker Punch"],"relics":["Ring of the Snake","MawBank","Whetstone","Strawberry","Dream Catcher","Tiny Chest","Happy Flower","Black Star","Smiling Mask","Blood Vial"],"potions_floor_usage":[4,10,10,23],"damage_taken":[{"damage":1,"enemies":"Jaw Worm","floor":1,"turns":6},{"damage":2,"enemies":"2 Louse","floor":2,"turns":3},{"damage":4,"enemies":"Small Slimes","floor":3,"turns":4},{"damage":8,"enemies":"Looter","floor":4,"turns":3},{"damage":0,"enemies":"Red Slaver","floor":7,"turns":4},{"damage":4,"enemies":"3 Sentries","floor":10,"turns":6},{"damage":0,"enemies":"2 Fungi Beasts","floor":11,"turns":3},{"damage":7,"enemies":"Gremlin Nob","floor":12,"turns":4},{"damage":4,"enemies":"Looter","floor":14,"turns":3},{"damage":8,"enemies":"Slime Boss","floor":16,"turns":10},{"damage":15,"enemies":"Shell Parasite","floor":18,"turns":5},{"damage":3,"enemies":"Chosen","floor":19,"turns":5},{"damage":39,"enemies":"Snake Plant","floor":22,"turns":5},{"damage":44,"enemies":"Gremlin Leader","floor":23,"turns":6}],"seed_played":"-4297441456013996376","potions_obtained":[{"floor":2,"key":"Dexterity Potion"},{"floor":3,"key":"Energy Potion"},{"floor":4,"key":"SkillPotion"},{"floor":11,"key":"FairyPotion"},{"floor":12,"key":"Ancient Potion"}],"is_trial":false,"path_per_floor":["M","M","M","M","?","R","M","R","T","?","M","E","$","M","R","B",null,"M","M","?","?","M"],"character_chosen":"THE_SILENT","items_purchased":["Cloak And Dagger","Tiny Chest","Blade Dance","Happy Flower"],"campfire_rested":1,"item_purchase_floors":[13,13,13,13],"current_hp_per_floor":[48,46,42,34,22,43,43,43,43,46,46,39,39,35,35,27,77,62,59,59,59,22,0],"gold":108,"neow_bonus":"THREE_RARE_CARDS","is_prod":false,"is_daily":false,"chose_seed":false,"campfire_upgraded":2,"win_rate":0,"timestamp":1539252394,"path_taken":["M","M","M","M","?","R","M","R","T","?","M","E","$","M","R","BOSS","M","M","?","?","M","E"],"build_version":"2018-10-10","purchased_purges":0,"victory":false,"max_hp_per_floor":[70,70,70,70,70,70,70,70,70,77,77,77,77,77,77,77,77,77,77,77,77,77,77],"card_choices":[{"not_picked":["Grand Finale","Tools of the Trade"],"picked":"After Image","floor":0},{"not_picked":["Sucker Punch","Footwork"],"picked":"Terror","floor":1},{"not_picked":["Acrobatics","Distraction"],"picked":"Poisoned Stab","floor":2},{"not_picked":["Flechettes","Backflip"],"picked":"Predator","floor":3},{"not_picked":["Reflex","Leg Sweep"],"picked":"Blade Dance","floor":4},{"not_picked":["Poisoned Stab","PiercingWail"],"picked":"Flying Knee","floor":7},{"not_picked":["Dodge and Roll","Grand Finale"],"picked":"Deflect","floor":10},{"not_picked":["Acrobatics","Deflect"],"picked":"Well Laid Plans","floor":11},{"not_picked":["Dagger Throw","Eviscerate"],"picked":"Infinite Blades","floor":12},{"not_picked":["Venomology","Acrobatics"],"picked":"Infinite Blades","floor":14},{"not_picked":["Wraith Form v2","Venomology"],"picked":"Bullet Time","floor":16},{"not_picked":["Poisoned Stab","Caltrops"],"picked":"Dagger Spray","floor":18},{"not_picked":["Outmaneuver+1","Dagger Spray"],"picked":"Dash","floor":19},{"not_picked":["Flechettes+1","Acrobatics"],"picked":"Sucker Punch","floor":22}],"player_experience":767439,"relics_obtained":[{"floor":9,"key":"Whetstone"},{"floor":10,"key":"Strawberry"},{"floor":12,"key":"Dream Catcher"}],"event_choices":[{"event_name":"Scrap Ooze","player_choice":"success","floor":5,"damage_taken":12},{"event_name":"Dead Adventurer","player_choice":"Searched \u00271\u0027 times","floor":10,"damage_taken":0},{"event_name":"The Mausoleum","player_choice":"Yes","floor":20,"damage_taken":0},{"event_name":"Addict","player_choice":"Obtained Relic","floor":21,"damage_taken":0}],"is_beta":true,"boss_relics":[{"not_picked":["Empty Cage","Runic Pyramid"],"picked":"Black Star"}],"items_purged_floors":[],"is_endless":false,"potions_floor_spawned":[2,3,4,11,12],"killed_by":"Gremlin Leader","ascension_level":0}