{"gold_per_floor":[119,132,132,151,151,151,4,4,4,4,35,60,25,43,43,171,171,190,315,328,351,450,450],"floor_reached":23,"playtime":2033,"items_purged":["Strike_G"],"score":191,"play_id":"1ab712ec-db1f-4088-9e17-19cdd79bf5b7","local_time":"20180927204703","is_ascension_mode":false,"campfire_choices":[{"data":"Dagger Spray","floor":6,"key":"SMITH"},{"floor":8,"key":"REST"},{"data":"Cloak And Dagger","floor":10,"key":"SMITH"},{"data":"Cloak And Dagger","floor":15,"key":"SMITH"}],"neow_cost":"PERCENT_DAMAGE","seed_source_timestamp":351307863364859,"circlet_count":0,"master_deck":["Defend_G","Defend_G","Defend_G","Defend_G","Defend_G","Strike_G","Strike_G","Strike_G","Survivor","Neutralize","Quick Slash","Dagger Spray+1","Night Terror","Cloak And Dagger+1","Escape Plan","Cloak And Dagger+1","Blade Dance","Flying Knee","Bullet Time","Blade Dance+1","Cloak And Dagger","Escape Plan+1","Dash+1"],"relics":["Ring of the Serpent","Golden Idol","Unceasing Top","Boot","FossilizedHelix","Dodecahedron"],"potions_floor_usage":[16,16,19],"damage_taken":[{"damage":2,"enemies":"Small Slimes","floor":1,"turns":4},{"damage":0,"enemies":"Cultist","floor":2,"turns":4},{"damage":5,"enemies":"Jaw Worm","floor":4,"turns":5},{"damage":23,"enemies":"3 Sentries","floor":11,"turns":6},{"damage":0,"enemies":"Exordium Wildlife","floor":12,"turns":2},{"damage":0,"enemies":"Looter","floor":14,"turns":2},{"damage":19,"enemies":"Slime Boss","floor":16,"turns":13},{"damage":3,"enemies":"Shell Parasite","floor":18,"turns":5},{"damage":15,"enemies":"Colosseum Slavers","floor":19,"turns":4},{"damage":48,"enemies":"Colosseum Nobs","floor":19,"turns":5},{"damage":0,"enemies":"3 Byrds","floor":20,"turns":3},{"damage":22,"enemies":"Snake Plant","floor":21,"turns":5},{"damage":12,"enemies":"Snecko","floor":23,"turns":4}],"seed_played":"-4841024057648384707","potions_obtained":[{"floor":4,"key":"FairyPotion"},{"floor":11,"key":"GhostInAJar"},{"floor":14,"key":"Block Potion"},{"floor":16,"key":"AttackPotion"}],"is_trial":false,"path_per_floor":["M","M","?","M","?","R","$","R","T","R","E","M","?","M","R","B",null,"M","?","M","M","?"],"character_chosen":"THE_SILENT","items_purchased":["Escape Plan"],"campfire_rested":1,"item_purchase_floors":[7],"current_hp_per_floor":[58,58,58,53,32,32,32,57,57,57,34,34,55,55,55,36,84,81,18,18,8,8,0],"gold":450,"neow_bonus":"TWENTY_PERCENT_HP_BONUS","is_prod":false,"is_daily":false,"chose_seed":false,"campfire_upgraded":3,"win_rate":0,"timestamp":1538070423,"path_taken":["M","M","?","M","?","R","$","R","T","R","E","?","?","M","R","BOSS","M","?","?","M","?","M"],"build_version":"2018-09-26v2","purchased_purges":1,"victory":false,"max_hp_per_floor":[84,84,84,84,84,84,84,84,84,84,84,84,84,84,84,84,84,84,84,84,84,84,84],"card_choices":[{"not_picked":["Acrobatics","Dagger Throw"],"picked":"Quick Slash","floor":1},{"not_picked":["Catalyst","Well Laid Plans"],"picked":"Dagger Spray","floor":2},{"not_picked":["Slice","Sucker Punch"],"picked":"Cloak And Dagger","floor":4},{"not_picked":["Calculated Gamble","Concentrate"],"picked":"Cloak And Dagger","floor":11},{"not_picked":["Catalyst","Sucker Punch"],"picked":"Blade Dance","floor":12},{"not_picked":["Blur","Catalyst"],"picked":"Flying Knee","floor":14},{"not_picked":["Tools of the Trade","Wraith Form v2"],"picked":"Bullet Time","floor":16},{"not_picked":["Crippling Poison","Prepared+1"],"picked":"Blade Dance+1","floor":18},{"not_picked":["Quick Slash","All Out Attack+1"],"picked":"Cloak And Dagger","floor":19},{"not_picked":["Sucker Punch","Dodge and Roll"],"picked":"Escape Plan+1","floor":20},{"not_picked":["Riddle With Holes","Flying Knee+1"],"picked":"Dash+1","floor":21}],"player_experience":723349,"relics_obtained":[{"floor":9,"key":"Unceasing Top"},{"floor":11,"key":"Boot"},{"floor":19,"key":"FossilizedHelix"},{"floor":19,"key":"Dodecahedron"}],"event_choices":[{"event_name":"Transmorgrifier","player_choice":"Transform","floor":3,"damage_taken":0},{"event_name":"Golden Idol","player_choice":"Take Damage","floor":5,"damage_taken":0},{"event_name":"The Cleric","player_choice":"Healed","floor":13,"damage_taken":0},{"event_name":"Colosseum","player_choice":"Fight","floor":19,"damage_taken":0},{"event_name":"Colosseum","player_choice":"Fought Nobs","floor":19,"damage_taken":0},{"event_name":"Nest","player_choice":"Stole From Cult","floor":22,"damage_taken":0}],"is_beta":true,"boss_relics":[{"not_picked":["Snecko Eye","Pandora\u0027s Box"],"picked":"Ring of the Serpent"}],"items_purged_floors":[7],"is_endless":false,"potions_floor_spawned":[4,11,14,16,19],"killed_by":"Snecko","ascension_level":0}