{"path_per_floor":["M","$","?","M","?","R","M","R","T","E","R","?","?","M","R","B",null,"M","$","M","?","?","R","?","R","T","?","R","M","?","T","R"],"character_chosen":"DEFECT","items_purchased":["Juzu Bracelet","Cold Snap","Happy Flower","Kunai","Art of War"],"gold_per_floor":[369,20,195,207,207,207,221,221,293,325,325,325,325,341,341,440,440,460,9,28,28,28,28,28,28,28,278,278,292,292,340,340,340],"floor_reached":33,"campfire_rested":1,"playtime":1136,"current_hp_per_floor":[37,37,37,37,37,37,37,37,37,39,39,36,36,21,43,14,75,61,61,58,58,58,58,58,58,58,58,58,42,42,42,42,0],"items_purged":["Doubt"],"gold":340,"score":264,"play_id":"8b79e05a-4a20-42a2-9661-4b7ca5f8c339","local_time":"20180507085248","is_prod":false,"is_daily":false,"chose_seed":false,"is_ascension_mode":false,"campfire_upgraded":7,"timestamp":1525672368,"path_taken":["M","$","?","M","?","R","M","R","T","E","R","?","?","M","R","BOSS","M","$","M","?","?","R","?","R","T","?","R","M","?","?","R","BOSS"],"build_version":"2018-05-03","seed_source_timestamp":645782610476775,"purchased_purges":1,"victory":false,"master_deck":["Strike_B","Strike_B","Strike_B","Defend_B","Defend_B","Defend_B","Defend_B","Zap+1","Dualcast+1","Rebound","Cold Snap","Loop+1","Axe Kick","Leap+1","Genetic Algorithm","Go for the Eyes","Reboot","Coolheaded","Streamline+1","Rebound","Sunder+1","Chill","Hologram+1","Chaos+1","Loop+1","Reinforced Body"],"max_hp_per_floor":[75,75,75,75,75,75,75,75,75,75,75,75,75,75,75,75,75,75,75,75,75,75,75,75,75,75,75,75,75,75,75,75,75],"relics":["Cracked Core","Juzu Bracelet","Happy Flower","Blue Candle","Smiling Mask","Singing Bowl","Orrery","Kunai","Art of War","Bottled Tornado","Omamori"],"card_choices":[{"not_picked":["Go for the Eyes","Double Energy"],"picked":"Rebound","floor":1},{"not_picked":["Go for the Eyes","Rebound"],"picked":"Loop","floor":4},{"not_picked":["Capacitor","Skim"],"picked":"Axe Kick","floor":7},{"not_picked":["Turbo","Genetic Algorithm"],"picked":"Leap","floor":10},{"not_picked":["Machine Learning","Chill"],"picked":"Go for the Eyes","floor":14},{"not_picked":["Biased Cognition","Redo"],"picked":"Reboot","floor":16},{"not_picked":["Axe Kick","Skim"],"picked":"Coolheaded","floor":17},{"not_picked":["Turbo","Capacitor"],"picked":"Streamline","floor":17},{"not_picked":["Rip and Tear","Scrape"],"picked":"Rebound","floor":17},{"not_picked":["Skim","Impulse"],"picked":"Sunder","floor":17},{"not_picked":["Turbo","Beam Cell"],"picked":"Chill","floor":17},{"not_picked":["Chill","Leap"],"picked":"Hologram","floor":18},{"not_picked":["BootSequence","Heatsinks"],"picked":"Chaos","floor":20},{"not_picked":["Ball Lightning","Coolheaded"],"picked":"Reinforced Body","floor":29}],"player_experience":406624,"potions_floor_usage":[10,16,33,33],"damage_taken":[{"damage":1,"enemies":"Cultist","floor":1,"turns":4},{"damage":0,"enemies":"Small Slimes","floor":4,"turns":3},{"damage":0,"enemies":"2 Louse","floor":7,"turns":2},{"damage":13,"enemies":"3 Sentries","floor":10,"turns":8},{"damage":15,"enemies":"Exordium Wildlife","floor":14,"turns":6},{"damage":29,"enemies":"Slime Boss","floor":16,"turns":11},{"damage":14,"enemies":"Chosen","floor":18,"turns":7},{"damage":3,"enemies":"Shell Parasite","floor":20,"turns":7},{"damage":16,"enemies":"Snake Plant","floor":29,"turns":4},{"damage":56,"enemies":"Collector","floor":33,"turns":10}],"event_choices":[{"event_name":"Liars Game","player_choice":"agreed","floor":3,"damage_taken":0},{"event_name":"Living Wall","player_choice":"Grow","floor":5,"damage_taken":0},{"event_name":"Scrap Ooze","player_choice":"success","floor":12,"damage_taken":3},{"event_name":"Transmorgrifier","player_choice":"Transform","floor":13,"damage_taken":0},{"event_name":"Duplicator","player_choice":"One dupe","floor":21,"damage_taken":0},{"event_name":"Beggar","player_choice":"Ignored","floor":22,"damage_taken":0},{"event_name":"Drug Dealer","player_choice":"Ignored","floor":24,"damage_taken":0},{"event_name":"Golden Shrine","player_choice":"Desecrate","floor":27,"damage_taken":0},{"event_name":"Fountain of Cleansing","player_choice":"Removed Curse","floor":30,"damage_taken":0}],"boss_relics":[{"not_picked":["Runic Pyramid","Cursed Key"],"picked":"Orrery"}],"potions_floor_spawned":[4,7,20,29],"seed_played":"476567736411355550","killed_by":"Collector","ascension_level":0,"is_trial":false}