{"path_per_floor":["M","M","?","?","?","?","R","M","T","R","$","M","T","E","R","B",null,"M","?","M","M","?","R","$","M","T","?","M","R","M","E","R","B",null,"M","?","M","M","M","R","E","?","T","?","R","E","R","M","R","B"],"character_chosen":"IRONCLAD","items_purchased":["Oddly Smooth Stone","Inflame"],"gold_per_floor":[13,33,208,208,208,208,208,224,224,224,39,54,54,88,88,214,214,214,214,154,154,154,154,79,79,79,79,79,79,79,79,79,79,79,79,79,79,79,79,79,79,79,79,79,79,79,79,79,79,79],"floor_reached":51,"campfire_rested":1,"playtime":2017,"current_hp_per_floor":[96,96,96,96,71,47,47,49,49,49,49,30,30,22,50,32,96,91,67,54,40,40,40,40,44,44,28,42,49,43,45,45,52,88,86,56,63,46,59,59,27,27,27,77,77,62,62,57,57,14],"items_purged":["Defend_R"],"gold":79,"score":801,"play_id":"06d649aa-64f8-4430-9568-08e0f36d8b06","local_time":"20180304121455","is_prod":false,"is_daily":false,"is_ascension_mode":false,"campfire_upgraded":6,"timestamp":1520154895,"path_taken":["M","M","?","?","?","?","R","M","T","R","?","?","?","E","R","BOSS","M","?","M","M","?","R","$","?","T","?","M","R","?","E","R","BOSS","M","?","M","M","?","R","E","?","T","?","R","E","R","M","R","BOSS"],"build_version":"2018-03-02-BETA2","purchased_purges":1,"victory":true,"master_deck":["Defend_R","Defend_R","Defend_R","Bash","Whirlwind+1","Clothesline+1","Shockwave+1","Inflame","Iron Wave+1","Sword Boomerang+1","Demon Form+1","Hemokinesis+1","Bite+1","Bite+1","Bite+1","Bite+1","Bite+1","Intimidate","Power Through","Sword Boomerang+1","Seeing Red","Panacea","Battle Trance","Offering+1","Double Tap+1","Pommel Strike+1","Headbutt+1","True Grit+1","Dropkick+1","Injury","Heavy Blade+1"],"max_hp_per_floor":[96,96,96,96,96,96,96,96,96,96,96,96,96,96,96,96,96,96,67,67,67,67,67,67,67,67,67,67,74,74,88,88,88,88,88,88,88,88,88,88,88,88,88,77,77,77,77,77,77,77],"relics":["Burning Blood","Molten Egg 2","Golden Idol","Art of War","Oddly Smooth Stone","Shovel","Frozen Eye","Ectoplasm","Vajra","Ginger","Strawberry","Mango","Cursed Key","Unceasing Top","Prayer Wheel","Mummified Hand","Dodecahedron","Matryoshka"],"card_choices":[{"not_picked":["Havoc","Warcry"],"picked":"Whirlwind"},{"not_picked":["Pommel Strike","Dual Wield"],"picked":"Clothesline"},{"not_picked":["Sentinel","Feel No Pain"],"picked":"Shockwave"},{"not_picked":["Inflame","Blood for Blood"],"picked":"Iron Wave"},{"not_picked":["Clash","Blood for Blood"],"picked":"Sword Boomerang"},{"not_picked":["Exhume","Double Tap"],"picked":"Demon Form"},{"not_picked":["Rupture","Warcry"],"picked":"Hemokinesis"},{"not_picked":["Wild Strike","Perfected Strike"],"picked":"Intimidate"},{"not_picked":["Twin Strike","Feel No Pain"],"picked":"Power Through"},{"not_picked":["Entrench","Dual Wield"],"picked":"Seeing Red"},{"not_picked":["Perfected Strike","Warcry"],"picked":"Battle Trance"},{"not_picked":["Sword Boomerang","Body Slam"],"picked":"Offering"},{"not_picked":["Dark Embrace","Fiend Fire"],"picked":"Double Tap"},{"not_picked":["Perfected Strike","Seeing Red"],"picked":"Pommel Strike"},{"not_picked":["Pommel Strike","Heavy Blade"],"picked":"Headbutt"},{"not_picked":["Offering","Clash"],"picked":"True Grit"},{"not_picked":["Sword Boomerang","Ghostly Armor"],"picked":"Dropkick"},{"not_picked":["Headbutt","Inflame"],"picked":"Heavy Blade"}],"player_experience":253862,"potions_floor_usage":[14,31,33,41,50,50],"damage_taken":[{"damage":1,"enemies":"Jaw Worm","floor":1,"turns":5},{"damage":3,"enemies":"Small Slimes","floor":2,"turns":3},{"damage":4,"enemies":"Cultist","floor":8,"turns":3},{"damage":25,"enemies":"Large Slime","floor":12,"turns":7},{"damage":14,"enemies":"Gremlin Nob","floor":14,"turns":5},{"damage":24,"enemies":"The Guardian","floor":16,"turns":11},{"damage":11,"enemies":"Shell Parasite","floor":18,"turns":4},{"damage":22,"enemies":"2 Thieves","floor":20,"turns":3},{"damage":38,"enemies":"Sentry and Sphere","floor":21,"turns":6},{"damage":11,"enemies":"Snecko","floor":25,"turns":3},{"damage":1,"enemies":"Cultist and Chosen","floor":28,"turns":5},{"damage":21,"enemies":"Snake Plant","floor":30,"turns":4},{"damage":30,"enemies":"Slavers","floor":31,"turns":4},{"damage":29,"enemies":"Champ","floor":33,"turns":7},{"damage":24,"enemies":"3 Shapes","floor":35,"turns":4},{"damage":47,"enemies":"Mysterious Sphere","floor":36,"turns":5},{"damage":2,"enemies":"Orb Walker","floor":37,"turns":3},{"damage":47,"enemies":"4 Shapes","floor":38,"turns":4},{"damage":8,"enemies":"Spire Growth","floor":39,"turns":3},{"damage":44,"enemies":"2 Orb Walkers","floor":41,"turns":3},{"damage":32,"enemies":"Nemesis","floor":46,"turns":7},{"damage":26,"enemies":"Sphere and 2 Shapes","floor":48,"turns":4},{"damage":67,"enemies":"Awakened One","floor":50,"turns":7}],"event_choices":[{"event_name":"Liars Game","player_choice":"agreed","floor":3,"damage_taken":0},{"event_name":"Purifier","player_choice":"One Purge","floor":4,"damage_taken":0},{"event_name":"Scrap Ooze","player_choice":"success","floor":5,"damage_taken":25},{"event_name":"Golden Idol","player_choice":"Take Damage","floor":6,"damage_taken":0},{"event_name":"Vampires","player_choice":"Became a vampire","floor":19,"damage_taken":0},{"event_name":"Duplicator","player_choice":"One dupe","floor":22,"damage_taken":0},{"event_name":"Knowing Skull","player_choice":"CARD ","floor":27,"damage_taken":0},{"event_name":"Mysterious Sphere","player_choice":"Fight","floor":36,"damage_taken":0},{"event_name":"Golden Shrine","player_choice":"Pray","floor":42,"damage_taken":0},{"event_name":"The Moai Head","player_choice":"Heal","floor":44,"damage_taken":0}],"boss_relics":[{"not_picked":["Question Card","Pandora\u0027s Box"],"picked":"Ectoplasm"},{"not_picked":["Snecko Eye","Runic Cube"],"picked":"Cursed Key"}],"potions_floor_spawned":[1,12,16,20,21,25,36,38,46],"seed_played":"322449461855865222","ascension_level":0,"is_trial":false}