{"gold_per_floor":[114,133,93,111,127,127,52,52,77,77,134,148,148,173,173,273,273,289,214,214,228,228,228,255,270,270,282,366,20,20,33,33,132,132,152,168,21,21,0,0,35,35,35,35,35,62,77,127,127,127],"floor_reached":51,"playtime":3489,"items_purged":["Strike_G","Defend_G"],"score":719,"play_id":"ffe7a6fd-1d89-4b54-8bf6-b762fe663ed4","local_time":"20180819235553","is_ascension_mode":false,"campfire_choices":[{"data":"Noxious Fumes","floor":6,"key":"SMITH"},{"data":"Dagger Spray","floor":8,"key":"SMITH"},{"data":"Calculated Gamble","floor":13,"key":"SMITH"},{"data":"Bullet Time","floor":15,"key":"SMITH"},{"data":"Dagger Spray","floor":23,"key":"SMITH"},{"data":"Glass Knife","floor":27,"key":"SMITH"},{"data":"Die Die Die","floor":30,"key":"SMITH"},{"data":"Escape Plan","floor":32,"key":"SMITH"},{"data":"Backflip","floor":40,"key":"SMITH"},{"data":"Glass Knife","floor":42,"key":"SMITH"},{"data":"Madness","floor":45,"key":"SMITH"},{"floor":49,"key":"REST"}],"neow_cost":"TEN_PERCENT_HP_LOSS","seed_source_timestamp":874389528916882,"circlet_count":0,"master_deck":["Defend_G","Defend_G","Defend_G","Defend_G","Strike_G+1","Survivor","Neutralize+1","Noxious Fumes+1","Dagger Spray+1","Sucker Punch","Dagger Throw","Dagger Spray+1","Calculated Gamble+1","Bullet Time+1","Die Die Die+1","Deflect","Escape Plan+1","Outmaneuver+1","Cloak And Dagger+1","Glass Knife+1","PiercingWail","Acrobatics","Glass Knife+1","Heel Hook+1","Acrobatics+1","Backflip+1","Madness+1","Acrobatics+1","Deadly Poison+1","Deadly Poison"],"relics":["Ring of the Snake","Ice Cream","Whetstone","Oddly Smooth Stone","Nunchaku","Black Star","Juzu Bracelet","Lantern","MawBank","Ninja Scroll","Lee\u0027s Waffle","Blood Vial","Lizard Tail","Red Mask","Gambling Chip","StoneCalendar","Unceasing Top","SsserpentHead","Thread and Needle","The Specimen"],"potions_floor_usage":[11,11,14,18,33,33,41,50,50],"damage_taken":[{"damage":0,"enemies":"2 Louse","floor":1,"turns":4},{"damage":9,"enemies":"Cultist","floor":2,"turns":4},{"damage":3,"enemies":"Jaw Worm","floor":4,"turns":4},{"damage":0,"enemies":"3 Louse","floor":5,"turns":3},{"damage":4,"enemies":"Gremlin Nob","floor":11,"turns":3},{"damage":0,"enemies":"Exordium Wildlife","floor":12,"turns":2},{"damage":7,"enemies":"Gremlin Nob","floor":14,"turns":4},{"damage":26,"enemies":"Hexaghost","floor":16,"turns":10},{"damage":7,"enemies":"Shell Parasite","floor":18,"turns":4},{"damage":11,"enemies":"Spheric Guardian","floor":21,"turns":5},{"damage":15,"enemies":"Slavers","floor":24,"turns":4},{"damage":0,"enemies":"Centurion and Healer","floor":25,"turns":10},{"damage":3,"enemies":"Sentry and Sphere","floor":31,"turns":3},{"damage":37,"enemies":"Automaton","floor":33,"turns":11},{"damage":8,"enemies":"3 Darklings","floor":35,"turns":3},{"damage":0,"enemies":"Orb Walker","floor":36,"turns":3},{"damage":20,"enemies":"Giant Head","floor":41,"turns":9},{"damage":0,"enemies":"2 Orb Walkers","floor":46,"turns":3},{"damage":0,"enemies":"4 Shapes","floor":47,"turns":3},{"damage":53,"enemies":"Awakened One","floor":50,"turns":15}],"seed_played":"-8735705345135498803","potions_obtained":[{"floor":3,"key":"SmokeBomb"},{"floor":3,"key":"FearPotion"},{"floor":3,"key":"Swift Potion"},{"floor":11,"key":"Fruit Juice"},{"floor":16,"key":"Energy Potion"},{"floor":25,"key":"Swift Potion"},{"floor":31,"key":"SpeedPotion"},{"floor":33,"key":"GamblersBrew"},{"floor":41,"key":"Energy Potion"},{"floor":46,"key":"FairyPotion"},{"floor":47,"key":"FearPotion"}],"is_trial":false,"path_per_floor":["M","M","?","M","M","R","$","R","T","?","?","M","R","E","R","B",null,"M","?","?","M","?","R","E","M","T","R","T","$","R","M","R","B",null,"M","M","$","?","?","R","E","R","T","?","R","E","M","?","R","B"],"character_chosen":"THE_SILENT","items_purchased":["Lee\u0027s Waffle","Blood Vial","PiercingWail","Backflip"],"campfire_rested":1,"item_purchase_floors":[29,29,29,37],"current_hp_per_floor":[63,54,54,51,51,51,51,51,51,51,47,47,47,45,45,19,68,61,61,61,50,50,50,35,35,35,35,35,75,75,72,72,37,75,67,69,69,60,60,60,42,42,42,42,42,44,46,46,68,17],"gold":127,"neow_bonus":"ONE_RARE_RELIC","is_prod":false,"is_daily":false,"chose_seed":false,"campfire_upgraded":11,"win_rate":0,"timestamp":1534712153,"path_taken":["M","M","?","M","M","R","$","R","T","?","?","M","R","E","R","BOSS","M","?","?","M","?","R","E","M","T","R","?","$","R","M","R","BOSS","M","M","$","?","?","R","E","R","T","?","R","E","M","?","R","BOSS"],"build_version":"2018-08-16","purchased_purges":2,"victory":true,"max_hp_per_floor":[63,63,63,63,63,63,63,63,63,63,63,63,63,68,68,68,68,68,68,68,68,68,68,68,68,68,68,68,75,75,75,75,75,75,75,75,75,75,75,75,75,75,75,75,75,75,75,75,75,75],"card_choices":[{"not_picked":["Deflect","Caltrops"],"picked":"Noxious Fumes","floor":1},{"not_picked":["Blade Dance","Choke"],"picked":"Dagger Spray","floor":2},{"not_picked":["Outmaneuver","Underhanded Strike"],"picked":"Sucker Punch","floor":4},{"not_picked":["Underhanded Strike","Caltrops"],"picked":"Dagger Throw","floor":5},{"not_picked":["Acrobatics","Reflex"],"picked":"Dagger Spray","floor":11},{"not_picked":["Deadly Poison","Outmaneuver"],"picked":"Calculated Gamble","floor":12},{"not_picked":["Dodge and Roll","Quick Slash"],"picked":"Bullet Time","floor":14},{"not_picked":["Night Terror","Phantasmal Killer"],"picked":"Die Die Die","floor":16},{"not_picked":["Dagger Spray","Concentrate"],"picked":"Deflect","floor":18},{"not_picked":["Sucker Punch","Skewer"],"picked":"Outmaneuver+1","floor":21},{"not_picked":["Flying Knee","PiercingWail+1"],"picked":"Cloak And Dagger+1","floor":24},{"not_picked":["Blade Dance","Slice"],"picked":"Glass Knife","floor":25},{"not_picked":["Quick Slash","Dagger Throw"],"picked":"Acrobatics","floor":31},{"not_picked":["A Thousand Cuts","Phantasmal Killer"],"picked":"Glass Knife","floor":33},{"not_picked":["Prepared","Sucker Punch+1"],"picked":"Heel Hook+1","floor":35},{"not_picked":["PiercingWail+1","Setup"],"picked":"Acrobatics+1","floor":36},{"not_picked":["Flying Knee+1","Endless Agony"],"picked":"Acrobatics+1","floor":41},{"not_picked":["Blade Dance","Poisoned Stab+1"],"picked":"Deadly Poison+1","floor":46},{"not_picked":["Dagger Spray","All Out Attack+1"],"picked":"Deadly Poison","floor":47}],"player_experience":639273,"relics_obtained":[{"floor":9,"key":"Whetstone"},{"floor":11,"key":"Oddly Smooth Stone"},{"floor":14,"key":"Nunchaku"},{"floor":24,"key":"Juzu Bracelet"},{"floor":24,"key":"Lantern"},{"floor":26,"key":"MawBank"},{"floor":28,"key":"Ninja Scroll"},{"floor":41,"key":"Gambling Chip"},{"floor":41,"key":"StoneCalendar"},{"floor":43,"key":"Unceasing Top"},{"floor":46,"key":"Thread and Needle"},{"floor":46,"key":"The Specimen"}],"event_choices":[{"event_name":"The Woman in Blue","player_choice":"Bought 3 Potions","floor":3,"damage_taken":0},{"event_name":"Living Wall","player_choice":"Forget","floor":10,"damage_taken":0},{"event_name":"Dead Adventurer","player_choice":"Searched \u00271\u0027 times","floor":11,"damage_taken":0},{"event_name":"Beggar","player_choice":"Gave Gold","floor":19,"damage_taken":0},{"event_name":"The Library","player_choice":"Read","floor":20,"damage_taken":0},{"event_name":"Bonfire Elementals","player_choice":"BASIC","floor":22,"damage_taken":0},{"event_name":"Winding Halls","player_choice":"Embrace Madness","floor":38,"damage_taken":0},{"event_name":"Tomb of Lord Red Mask","player_choice":"Paid","floor":39,"damage_taken":0},{"event_name":"FaceTrader","player_choice":"Trade","floor":44,"damage_taken":0},{"event_name":"Falling","player_choice":"Removed Skill","floor":48,"damage_taken":0}],"is_beta":true,"boss_relics":[{"not_picked":["HoveringKite","Ectoplasm"],"picked":"Black Star"},{"not_picked":["Runic Dome","Astrolabe"],"picked":"Lizard Tail"}],"items_purged_floors":[7,37],"is_endless":false,"potions_floor_spawned":[4,5,11,16,25,31,33,41,46,47],"ascension_level":0}