{"gold_per_floor":[111,111,111,386,401,435,463,463,538,538,573,602,602,629,629,734,734,749,749,749,749,80,111,124,149,149,174,200,226,252,286,286,386,386,436,490,49,149,149,178,209,242,267,292,292,317,343,55,55,156,156,173,173,25,100,157,185,217,247,271,302,329,329,340,369,369,464,464,477,490,490,490,490,525,559,584,616,4,36,136,163,191,191,290,290,310,310,357,357,0,34,67,67,94,94,123,148,176,204,204,305,305],"floor_reached":102,"playtime":5355,"items_purged":["Regret","Pain","Parasite"],"score":4060,"play_id":"805e3df5-7bc5-45f1-83f8-8085ffc1dd59","local_time":"20181223121959","daily_mods":["SealedDeck","Vintage","Heirloom","Time Dilation","Flight","Elite Swarm"],"is_ascension_mode":false,"campfire_choices":[{"data":"True Grit","floor":8.0,"key":"SMITH"},{"data":"Body Slam","floor":10.0,"key":"SMITH"},{"data":"Barricade","floor":13.0,"key":"SMITH"},{"data":"Iron Wave","floor":15.0,"key":"SMITH"},{"data":"Limit Break","floor":32.0,"key":"SMITH"},{"data":"Juggernaut","floor":49.0,"key":"SMITH"},{"data":"Pain","floor":63.0,"key":"PURGE"},{"data":"Juggernaut","floor":66.0,"key":"SMITH"},{"data":"Echo Form","floor":83.0,"key":"SMITH"},{"data":"Juggernaut","floor":95,"key":"SMITH"},{"data":"Bash","floor":100,"key":"PURGE"}],"neow_cost":"","seed_source_timestamp":0,"circlet_count":0,"master_deck":["Thunderclap","Shockwave+1","Thunderclap","Body Slam+1","True Grit+1","Iron Wave+1","Body Slam+1","Shrug It Off","Shrug It Off","Barricade+1","Limit Break+1","Juggernaut+1","Shrug It Off","Juggernaut+1","Double Tap","Impervious+1","Impervious","Injury","Armaments+1","Feed+1","Impervious","Demon Form","Shrug It Off","Juggernaut","Impervious","Impervious","Juggernaut+1","Impervious","Body Slam+1","Juggernaut","Impervious+1","Panache","Sadistic Nature","Impervious+1","Master of Strategy+1","Juggernaut","Night Terror+1","Sadistic Nature","Transmutation+1","Corpse Explosion+1"],"special_seed":0,"relics":["Black Blood","Champion Belt","Red Skull","Mummified Hand","Blue Candle","Singing Bowl","Bottled Flame","Darkstone Periapt","Kunai","Charon\u0027s Ashes","Mark of Pain","Shuriken","Enchiridion","MutagenicStrength","Question Card","Dodecahedron","Strawberry","Peace Pipe","Pantograph","Gremlin Horn","Letter Opener","Self Forming Clay","Oddly Smooth Stone","Bird Faced Urn","Blood Vial","Calling Bell","Regal Pillow","Ornamental Fan","Unceasing Top","Tiny Chest","Prayer Wheel","HandDrill","Bronze Scales","Nunchaku","WarpedTongs","Molten Egg 2","Lantern","Meat on the Bone","Juzu Bracelet","Potion Belt","Bag of Preparation","War Paint","Paper Frog","Cursed Key","Anchor","Boot","Omamori","Matryoshka","Bottled Tornado","Toxic Egg 2","Sundial","Ancient Tea Set","PrismaticShard","Centennial Puzzle","FossilizedHelix","Mercury Hourglass","Du-Vu Doll","Dead Branch","Gambling Chip","Red Mask","Snecko Eye"],"potions_floor_usage":[],"damage_taken":[{"damage":8.0,"enemies":"Jaw Worm","floor":1.0,"turns":3.0},{"damage":0.0,"enemies":"Small Slimes","floor":5.0,"turns":2.0},{"damage":1.0,"enemies":"Gremlin Nob","floor":6.0,"turns":2.0},{"damage":13.0,"enemies":"3 Sentries","floor":7.0,"turns":8.0},{"damage":6.0,"enemies":"Gremlin Nob","floor":11.0,"turns":3.0},{"damage":1.0,"enemies":"Lagavulin","floor":12.0,"turns":4.0},{"damage":11.0,"enemies":"Gremlin Nob","floor":14.0,"turns":4.0},{"damage":12.0,"enemies":"Hexaghost","floor":16.0,"turns":5.0},{"damage":0.0,"enemies":"Chosen","floor":18.0,"turns":3.0},{"damage":12.0,"enemies":"Book of Stabbing","floor":23.0,"turns":4.0},{"damage":0.0,"enemies":"Spheric Guardian","floor":24.0,"turns":2.0},{"damage":0.0,"enemies":"Gremlin Leader","floor":25.0,"turns":3.0},{"damage":0.0,"enemies":"Slavers","floor":27.0,"turns":1.0},{"damage":0.0,"enemies":"Book of Stabbing","floor":28.0,"turns":3.0},{"damage":0.0,"enemies":"Gremlin Leader","floor":29.0,"turns":2.0},{"damage":0.0,"enemies":"Slavers","floor":30.0,"turns":3.0},{"damage":1.0,"enemies":"Gremlin Leader","floor":31.0,"turns":2.0},{"damage":10.0,"enemies":"Champ","floor":33.0,"turns":6.0},{"damage":2.0,"enemies":"3 Darklings","floor":35.0,"turns":2.0},{"damage":3.0,"enemies":"2 Orb Walkers","floor":36.0,"turns":4.0},{"damage":42.0,"enemies":"Mind Bloom Boss Battle","floor":38.0,"turns":4.0},{"damage":2.0,"enemies":"Nemesis","floor":40.0,"turns":2.0},{"damage":3.0,"enemies":"Reptomancer","floor":41.0,"turns":3.0},{"damage":2.0,"enemies":"Nemesis","floor":42.0,"turns":3.0},{"damage":3.0,"enemies":"Reptomancer","floor":44.0,"turns":1.0},{"damage":9.0,"enemies":"Nemesis","floor":46.0,"turns":7.0},{"damage":1.0,"enemies":"Giant Head","floor":47.0,"turns":6.0},{"damage":3.0,"enemies":"Donu and Deca","floor":50.0,"turns":1.0},{"damage":0.0,"enemies":"2 Louse","floor":52.0,"turns":1.0},{"damage":0.0,"enemies":"Gremlin Nob","floor":56.0,"turns":1.0},{"damage":3.0,"enemies":"Lagavulin","floor":57.0,"turns":7.0},{"damage":1.0,"enemies":"3 Sentries","floor":58.0,"turns":1.0},{"damage":0.0,"enemies":"Gremlin Nob","floor":59.0,"turns":1.0},{"damage":29.0,"enemies":"Lagavulin","floor":61.0,"turns":7.0},{"damage":1.0,"enemies":"3 Sentries","floor":62.0,"turns":1.0},{"damage":3.0,"enemies":"Small Slimes","floor":64.0,"turns":2.0},{"damage":0.0,"enemies":"Gremlin Nob","floor":65.0,"turns":2.0},{"damage":1.0,"enemies":"Slime Boss","floor":67.0,"turns":1.0},{"damage":1.0,"enemies":"Shell Parasite","floor":69.0,"turns":1.0},{"damage":1.0,"enemies":"Chosen","floor":70.0,"turns":1.0},{"damage":1.0,"enemies":"Book of Stabbing","floor":74.0,"turns":3.0},{"damage":0.0,"enemies":"Slavers","floor":75.0,"turns":3.0},{"damage":1.0,"enemies":"Gremlin Leader","floor":76.0,"turns":3.0},{"damage":0.0,"enemies":"Book of Stabbing","floor":77.0,"turns":1.0},{"damage":1.0,"enemies":"Gremlin Leader","floor":79.0,"turns":2.0},{"damage":1.0,"enemies":"Colosseum Slavers","floor":80.0,"turns":1.0},{"damage":0.0,"enemies":"Colosseum Nobs","floor":80.0,"turns":1.0},{"damage":0.0,"enemies":"Slavers","floor":81.0,"turns":2.0},{"damage":0.0,"enemies":"Gremlin Leader","floor":82.0,"turns":4.0},{"damage":0.0,"enemies":"Champ","floor":84.0,"turns":7.0},{"damage":0,"enemies":"Orb Walker","floor":86,"turns":1},{"damage":0,"enemies":"2 Orb Walkers","floor":88,"turns":2},{"damage":0,"enemies":"Giant Head","floor":91,"turns":2},{"damage":0,"enemies":"Nemesis","floor":92,"turns":3},{"damage":0,"enemies":"Reptomancer","floor":94,"turns":1},{"damage":3,"enemies":"Giant Head","floor":96,"turns":3},{"damage":0,"enemies":"Nemesis","floor":97,"turns":3},{"damage":0,"enemies":"Giant Head","floor":98,"turns":2},{"damage":0,"enemies":"Reptomancer","floor":99,"turns":1},{"damage":3,"enemies":"Awakened One","floor":101,"turns":6}],"seed_played":"4811755993341443018","potions_obtained":[{"floor":12.0,"key":"Weak Potion"},{"floor":14.0,"key":"Block Potion"},{"floor":16.0,"key":"BloodPotion"},{"floor":27.0,"key":"Swift Potion"},{"floor":28.0,"key":"Fire Potion"},{"floor":33.0,"key":"FearPotion"},{"floor":36.0,"key":"PowerPotion"},{"floor":41.0,"key":"AttackPotion"},{"floor":42.0,"key":"Energy Potion"},{"floor":44.0,"key":"Dexterity Potion"},{"floor":46.0,"key":"PowerPotion"},{"floor":47.0,"key":"GamblersBrew"},{"floor":57.0,"key":"Fruit Juice"},{"floor":58.0,"key":"PowerPotion"},{"floor":67.0,"key":"GamblersBrew"},{"floor":69.0,"key":"FearPotion"},{"floor":70.0,"key":"Weak Potion"},{"floor":75.0,"key":"Block Potion"},{"floor":79.0,"key":"Strength Potion"}],"is_trial":true,"path_per_floor":["M","?","?","?","M","E","E","R","T","R","E","E","R","E","R","B",null,"M","?","?","?","$","E","M","E","T","E","E","E","E","E","R","B",null,"M","?","$","?","?","E","E","E","T","E","?","E","E","$","R","B",null,"M","?","$","?","?","E","E","E","T","E","E","R","M","E","R","B",null,"M","M","?","?","?","E","E","E","E","$","E","?","E","E","R","B",null,"M","?","?","?","?","E","E","?","E","R","E","E","E","E","R","B",null],"character_chosen":"IRONCLAD","items_purchased":["Shrug It Off","Question Card","Dodecahedron","Energy Potion","HandDrill","Bronze Scales","Paper Frog","Shrug It Off","Fruit Juice","Strength Potion","Ancient Tea Set","PrismaticShard","Centennial Puzzle"],"campfire_rested":0,"item_purchase_floors":[22,22,22,22,37,37,48,48,54,54,78,78,78],"current_hp_per_floor":[78,83,83,83,85,85,78,78,78,78,78,83,83,80,80,76,89,89,73,73,56,56,59,65,71,71,79,95,103,107,109,109,109,127,127,127,127,97,103,119,134,139,139,139,145,144,151,151,151,157,157,157,163,168,157,170,181,181,181,187,170,183,183,189,193,193,197,197,197,197,197,197,197,199,205,205,205,202,202,204,208,208,208,212,212,212,212,214,214,214,214,214,214,214,214,218,220,220,220,220,222,222],"gold":305,"neow_bonus":"","is_prod":false,"is_daily":false,"chose_seed":false,"campfire_upgraded":9,"win_rate":0,"timestamp":1545556799,"path_taken":["M","?","?","?","?","E","E","R","T","R","E","E","R","E","R","BOSS","M","?","?","?","$","E","M","E","T","E","E","E","E","E","R","BOSS","M","?","$","?","?","E","E","E","T","E","?","E","E","$","R","BOSS","M","?","?","?","?","E","E","E","T","E","E","R","M","E","R","BOSS","M","M","?","?","?","E","E","E","E","$","E","?","E","E","R","BOSS","M","?","?","?","?","E","E","?","E","R","E","E","E","E","R","BOSS"],"build_version":"2018-12-20","purchased_purges":3,"victory":false,"max_hp_per_floor":[80,85,85,85,85,85,85,85,85,85,85,85,85,87,87,89,89,89,89,89,94,94,103,103,103,103,105,105,107,107,109,109,109,127,127,127,127,129,135,137,139,139,139,139,145,145,151,151,151,157,157,157,163,168,168,170,181,181,181,187,189,189,189,189,193,193,197,197,197,197,197,197,197,199,205,205,205,202,202,204,208,208,208,212,212,212,212,214,214,214,214,214,214,214,214,218,220,220,220,220,222,222],"card_choices":[{"not_picked":["Demon Form","Exhume"],"picked":"Barricade","floor":6.0},{"not_picked":["Offering","Dark Embrace"],"picked":"Limit Break","floor":7.0},{"not_picked":["Brutality","Feed"],"picked":"Immolate","floor":11.0},{"not_picked":["Brutality","Dark Embrace"],"picked":"Juggernaut","floor":12.0},{"not_picked":["Reaper","Berserk","Limit Break"],"picked":"Singing Bowl","floor":14.0},{"not_picked":["Berserk","Exhume","Fiend Fire"],"picked":"Singing Bowl","floor":16.0},{"not_picked":["Exhume","Reaper","Feed","Limit Break"],"picked":"Singing Bowl","floor":23.0},{"not_picked":["Fiend Fire","Barricade","Feed"],"picked":"Juggernaut","floor":25.0},{"not_picked":["Bludgeon","Demon Form","Immolate","Barricade"],"picked":"Singing Bowl","floor":27.0},{"not_picked":["Berserk","Bludgeon","Limit Break"],"picked":"Double Tap","floor":28.0},{"not_picked":["Limit Break","Dark Embrace","Exhume","Double Tap"],"picked":"Singing Bowl","floor":29.0},{"not_picked":["Immolate","Feed","Demon Form"],"picked":"Impervious","floor":30.0},{"not_picked":["Barricade","Exhume","Reaper","Brutality"],"picked":"Singing Bowl","floor":31.0},{"not_picked":["Barricade","Reaper","Berserk"],"picked":"Impervious","floor":33.0},{"not_picked":["True Grit+1","Iron Wave","Pommel Strike"],"picked":"Armaments+1","floor":36.0},{"not_picked":["Cleave+1","Anger+1","Rampage+1","Dark Embrace"],"picked":"Singing Bowl","floor":38.0},{"not_picked":["Dark Embrace","Reaper","Feed","Fiend Fire"],"picked":"Singing Bowl","floor":40.0},{"not_picked":["Offering","Reaper+1","Barricade","Brutality"],"picked":"Singing Bowl","floor":41.0},{"not_picked":["Double Tap","Brutality","Barricade"],"picked":"Feed+1","floor":42.0},{"not_picked":["Bludgeon+1","Offering","Reaper+1"],"picked":"Impervious","floor":44.0},{"not_picked":["Double Tap","Reaper+1","Offering"],"picked":"Demon Form","floor":46.0},{"not_picked":["Barricade","Offering","Berserk","Immolate+1"],"picked":"Singing Bowl","floor":47.0},{"not_picked":["Limit Break","Berserk","Feed+1","Exhume"],"picked":"Singing Bowl","floor":50.0},{"not_picked":["Rampage+1","Warcry","Cleave+1","Carnage+1"],"picked":"Singing Bowl","floor":56.0},{"not_picked":["Feed+1","Reaper+1","Berserk","Brutality"],"picked":"Singing Bowl","floor":57.0},{"not_picked":["Double Tap","Offering","Reaper+1"],"picked":"Juggernaut","floor":58.0},{"not_picked":["Fiend Fire+1","Brutality","Exhume"],"picked":"Impervious","floor":59.0},{"not_picked":["Brutality","Immolate+1","Reaper+1","Limit Break"],"picked":"Singing Bowl","floor":61.0},{"not_picked":["Brutality","Bludgeon+1","Berserk"],"picked":"Impervious","floor":62.0},{"not_picked":["Immolate+1","Dark Embrace","Offering"],"picked":"Juggernaut","floor":65.0},{"not_picked":["Brutality","Offering","Fiend Fire+1"],"picked":"Impervious","floor":67.0},{"not_picked":["Limit Break+1","Immolate+1","Exhume+1","Feed+1"],"picked":"Singing Bowl","floor":74.0},{"not_picked":["Reaper+1","Double Tap+1","Brutality","Fiend Fire+1"],"picked":"Singing Bowl","floor":75.0},{"not_picked":["Double Tap+1","Bludgeon+1","Fiend Fire+1"],"picked":"Juggernaut","floor":76.0},{"not_picked":["Fiend Fire+1","Demon Form","Exhume+1"],"picked":"Impervious+1","floor":77.0},{"not_picked":["Unload+1","Burst+1","A Thousand Cuts"],"picked":"Echo Form","floor":79.0},{"not_picked":["True Grit+1","Sucker Punch+1","Dropkick+1","Headbutt+1"],"picked":"Singing Bowl","floor":80.0},{"not_picked":["Apotheosis+1","Grand Finale+1","Brutality"],"picked":"Panache","floor":81.0},{"not_picked":["Double Tap+1","Thunder Strike+1","Bludgeon+1"],"picked":"Sadistic Nature","floor":82.0},{"not_picked":["Secret Technique+1","Wraith Form v2","Feed+1"],"picked":"Impervious+1","floor":84.0},{"not_picked":["Gash+1","Anger+1","Leap+1","Deadly Poison+1"],"picked":"Singing Bowl","floor":88},{"not_picked":["Secret Technique+1","Bullet Time+1","Wraith Form v2"],"picked":"Master of Strategy+1","floor":91},{"not_picked":["The Bomb+1","Limit Break+1","Transmutation+1"],"picked":"Juggernaut","floor":92},{"not_picked":["Juggernaut","Doppelganger+1","Malaise+1"],"picked":"Night Terror+1","floor":94},{"not_picked":["Brutality","HandOfGreed+1","Wraith Form v2"],"picked":"Sadistic Nature","floor":96},{"not_picked":["Berserk","Thunder Strike+1","HandOfGreed+1","Barricade"],"picked":"Singing Bowl","floor":97},{"not_picked":["Unload+1","Limit Break+1","Phantasmal Killer+1"],"picked":"Transmutation+1","floor":98},{"not_picked":["Multi-Cast+1","Glass Knife+1","Offering+1"],"picked":"Corpse Explosion+1","floor":99},{"not_picked":["Rainbow+1","Magnetism","HandOfGreed+1","Machine Learning"],"picked":"Singing Bowl","floor":101}],"player_experience":1003612,"relics_obtained":[{"floor":1.0,"key":"Red Skull"},{"floor":5.0,"key":"Mummified Hand"},{"floor":6.0,"key":"Blue Candle"},{"floor":7.0,"key":"Singing Bowl"},{"floor":9.0,"key":"Bottled Flame"},{"floor":11.0,"key":"Darkstone Periapt"},{"floor":12.0,"key":"Kunai"},{"floor":14.0,"key":"Charon\u0027s Ashes"},{"floor":18.0,"key":"Shuriken"},{"floor":19.0,"key":"Enchiridion"},{"floor":23.0,"key":"Strawberry"},{"floor":24.0,"key":"Peace Pipe"},{"floor":25.0,"key":"Pantograph"},{"floor":26.0,"key":"Gremlin Horn"},{"floor":27.0,"key":"Letter Opener"},{"floor":28.0,"key":"Self Forming Clay"},{"floor":29.0,"key":"Oddly Smooth Stone"},{"floor":30.0,"key":"Bird Faced Urn"},{"floor":31.0,"key":"Blood Vial"},{"floor":34.0,"key":"Regal Pillow"},{"floor":34.0,"key":"Ornamental Fan"},{"floor":34.0,"key":"Unceasing Top"},{"floor":35.0,"key":"Tiny Chest"},{"floor":36.0,"key":"Prayer Wheel"},{"floor":38.0,"key":"Nunchaku"},{"floor":40.0,"key":"Molten Egg 2"},{"floor":41.0,"key":"Lantern"},{"floor":42.0,"key":"Meat on the Bone"},{"floor":43.0,"key":"Juzu Bracelet"},{"floor":44.0,"key":"Potion Belt"},{"floor":46.0,"key":"Bag of Preparation"},{"floor":47.0,"key":"War Paint"},{"floor":52.0,"key":"Anchor"},{"floor":60.0,"key":"Omamori"},{"floor":64.0,"key":"Matryoshka"},{"floor":69.0,"key":"Bottled Tornado"},{"floor":70.0,"key":"Toxic Egg 2"},{"floor":80.0,"key":"FossilizedHelix"},{"floor":80.0,"key":"Mercury Hourglass"},{"floor":86,"key":"Du-Vu Doll"},{"floor":88,"key":"Gambling Chip"}],"event_choices":[{"damage_healed":0.0,"max_hp_gain":5.0,"max_hp_loss":0.0,"gold_gain":0.0,"event_name":"Big Fish","player_choice":"Donut","floor":2.0,"gold_loss":0.0,"damage_taken":0.0},{"damage_healed":0.0,"max_hp_gain":0.0,"max_hp_loss":0.0,"gold_gain":0.0,"event_name":"Living Wall","player_choice":"Grow","floor":3.0,"gold_loss":0.0,"damage_taken":0.0,"cards_upgraded":["Body Slam"]},{"damage_healed":0.0,"max_hp_gain":0.0,"max_hp_loss":0.0,"gold_gain":275.0,"event_name":"Golden Shrine","player_choice":"Desecrate","floor":4.0,"gold_loss":0.0,"damage_taken":0.0,"cards_obtained":["Regret"]},{"damage_healed":0.0,"max_hp_gain":0.0,"max_hp_loss":0.0,"gold_gain":0.0,"event_name":"Cursed Tome","player_choice":"Obtained Book","floor":19.0,"gold_loss":0.0,"damage_taken":16.0},{"damage_healed":0.0,"max_hp_gain":0.0,"max_hp_loss":0.0,"gold_gain":0.0,"event_name":"Drug Dealer","player_choice":"Inject Mutagens","floor":20.0,"gold_loss":0.0,"damage_taken":0.0,"relics_obtained":["MutagenicStrength"]},{"damage_healed":0.0,"max_hp_gain":5.0,"max_hp_loss":0.0,"gold_gain":0.0,"event_name":"Forgotten Altar","player_choice":"Shed Blood","floor":21.0,"gold_loss":0.0,"damage_taken":22.0},{"damage_healed":0.0,"max_hp_gain":0.0,"max_hp_loss":0.0,"gold_gain":0.0,"event_name":"Mysterious Sphere","player_choice":"Fight","floor":36.0,"gold_loss":0.0,"damage_taken":0.0},{"damage_healed":0.0,"max_hp_gain":0.0,"max_hp_loss":0.0,"gold_gain":0.0,"event_name":"MindBloom","player_choice":"Fight","floor":38.0,"gold_loss":0.0,"damage_taken":0.0},{"damage_healed":0.0,"max_hp_gain":0.0,"max_hp_loss":0.0,"gold_gain":0.0,"event_name":"Accursed Blacksmith","player_choice":"Rummage","floor":39.0,"gold_loss":0.0,"damage_taken":0.0,"relics_obtained":["WarpedTongs"],"cards_obtained":["Pain"]},{"damage_healed":0.0,"max_hp_gain":0.0,"max_hp_loss":0.0,"gold_gain":0.0,"cards_transformed":["Pain"],"event_name":"Transmorgrifier","player_choice":"Transformed","floor":45.0,"gold_loss":0.0,"damage_taken":0.0,"cards_obtained":["Shame"]},{"damage_healed":0.0,"max_hp_gain":0.0,"max_hp_loss":0.0,"gold_gain":0.0,"cards_transformed":["Regret"],"event_name":"Transmorgrifier","player_choice":"Transformed","floor":53.0,"gold_loss":0.0,"damage_taken":0.0,"cards_obtained":["Pain"]},{"damage_healed":0.0,"max_hp_gain":0.0,"max_hp_loss":0.0,"gold_gain":75.0,"event_name":"World of Goop","player_choice":"Gather Gold","floor":55.0,"gold_loss":0.0,"damage_taken":11.0},{"damage_healed":0.0,"max_hp_gain":0.0,"max_hp_loss":0.0,"gold_gain":0.0,"event_name":"Dead Adventurer","player_choice":"Searched \u00273\u0027 times","floor":56.0,"gold_loss":0.0,"damage_taken":0.0,"relics_obtained":["Boot"]},{"damage_healed":0.0,"max_hp_gain":0.0,"max_hp_loss":0.0,"gold_gain":0.0,"event_name":"The Mausoleum","player_choice":"Opened","floor":71.0,"gold_loss":0.0,"damage_taken":0.0,"relics_obtained":["Sundial"],"cards_obtained":["Writhe"]},{"damage_healed":0.0,"max_hp_gain":0.0,"max_hp_loss":0.0,"gold_gain":0.0,"event_name":"The Library","player_choice":"Read","floor":72.0,"gold_loss":0.0,"damage_taken":0.0,"cards_obtained":["Body Slam"]},{"cards_removed":["Shame"],"damage_healed":0.0,"max_hp_gain":0.0,"max_hp_loss":0.0,"gold_gain":0.0,"event_name":"Back to Basics","player_choice":"Elegance","floor":73.0,"gold_loss":0.0,"damage_taken":0.0},{"damage_healed":0.0,"max_hp_gain":0.0,"max_hp_loss":0.0,"gold_gain":0.0,"event_name":"Colosseum","player_choice":"Fight","floor":80.0,"gold_loss":0.0,"damage_taken":0.0},{"damage_healed":0.0,"max_hp_gain":0.0,"max_hp_loss":0.0,"gold_gain":0.0,"event_name":"Colosseum","player_choice":"Fought Nobs","floor":80.0,"gold_loss":0.0,"damage_taken":0.0},{"cards_removed":["Flex"],"damage_healed":0,"gold_gain":0,"player_choice":"Gave Card","damage_taken":0,"relics_obtained":["Dead Branch"],"max_hp_gain":0,"max_hp_loss":0,"event_name":"WeMeetAgain","floor":87,"gold_loss":0},{"damage_healed":0,"gold_gain":0,"player_choice":"Fight","damage_taken":0,"max_hp_gain":0,"max_hp_loss":0,"event_name":"Mysterious Sphere","floor":88,"gold_loss":0},{"cards_removed":["Immolate"],"damage_healed":0,"gold_gain":0,"player_choice":"Removed Attack","damage_taken":0,"max_hp_gain":0,"max_hp_loss":0,"event_name":"Falling","floor":89,"gold_loss":0},{"damage_healed":0,"gold_gain":0,"player_choice":"Paid","damage_taken":0,"relics_obtained":["Red Mask"],"max_hp_gain":0,"max_hp_loss":0,"event_name":"Tomb of Lord Red Mask","floor":90,"gold_loss":357},{"cards_removed":["Echo Form"],"damage_healed":0,"gold_gain":0,"player_choice":"Took Card","damage_taken":0,"max_hp_gain":0,"max_hp_loss":0,"event_name":"NoteForYourself","floor":93,"gold_loss":0,"cards_obtained":["Bash"]}],"is_beta":true,"boss_relics":[{"not_picked":["Coffee Dripper","Ectoplasm"],"picked":"Mark of Pain"},{"not_picked":["Snecko Eye","Empty Cage"],"picked":"Calling Bell"},{"not_picked":["Busted Crown","Eternal Feather"],"picked":"Cursed Key"},{"not_picked":["Lizard Tail","Velvet Choker"],"picked":"Black Blood"},{"not_picked":["Busted Crown","Fusion Hammer","Coffee Dripper"]},{"not_picked":["Runic Pyramid","Eternal Feather"],"picked":"Snecko Eye"}],"items_purged_floors":[22,37,78],"is_endless":true,"potions_floor_spawned":[12,14,16,23,27,28,33,36,41,42,44,46,47,57,58,59,67,69,70,75,79,80,80,86,94,97],"ascension_level":0}