{"gold_per_floor":[111,126,143,157,432,432,457,457,457,121,121,148,168,168,168,271,271,288,307,307,222,222,222,248,248,248,274,12,45,45,55,55,157,157,168,185,322,422,17,52,52,52,52,62,91,120,131,131,131,131],"floor_reached":51,"playtime":2709,"items_purged":["Defend_B","Regret"],"score":1401,"play_id":"4ae001d4-41a3-4ddb-b0b5-fff5abf8e074","local_time":"20190430004929","is_ascension_mode":true,"campfire_choices":[{"data":"strawberrySpire:Adapter","floor":6,"key":"SMITH"},{"data":"Beam Cell","floor":8,"key":"SMITH"},{"data":"strawberrySpire:FocalLaser","floor":11,"key":"SMITH"},{"data":"strawberrySpire:Adapter","floor":15,"key":"SMITH"},{"data":"Fission","floor":23,"key":"SMITH"},{"data":"Self Repair","floor":25,"key":"SMITH"},{"data":"Consume","floor":32,"key":"SMITH"},{"data":"strawberrySpire:Dropbox","floor":42,"key":"SMITH"},{"floor":49,"key":"REST"}],"neow_cost":"","seed_source_timestamp":390528935574907,"circlet_count":0,"master_deck":["Defend_B","Defend_B","Zap","Dualcast","Beam Cell+1","strawberrySpire:Adapter+1","strawberrySpire:Disconnect","Self Repair+1","strawberrySpire:FocalLaser+1","Cold Snap","Go for the Eyes","Conserve Battery+1","Leap","Blizzard","Conserve Battery","Ball Lightning+1","strawberrySpire:Adapter+1","Fission+1","Turbo","Sweeping Beam+1","Consume+1","Bite","Bite","Bite+1","Bite","Bite","Loop+1","strawberrySpire:DataDump+1","BootSequence+1","strawberrySpire:Ronchyble","Hologram","Rebound","Ball Lightning","Conserve Battery","Turbo","Sadistic Nature","strawberrySpire:Dropbox+1","Dramatic Entrance","Aggregate+1","Buffer","Stack+1","FTL+1","Fission+1","Fission+1","Defend_B","Defend_B","Defend_B","Defend_B","Zap","Zap","Dualcast","Dualcast","Beam Cell+1","Beam Cell+1","strawberrySpire:Adapter+1","strawberrySpire:Adapter+1","strawberrySpire:Disconnect","strawberrySpire:Disconnect","Self Repair+1","Self Repair+1","strawberrySpire:FocalLaser+1","strawberrySpire:FocalLaser+1","Cold Snap","Cold Snap","Go for the Eyes","Go for the Eyes","Conserve Battery+1","Conserve Battery+1","Leap","Leap","Blizzard","Blizzard","Conserve Battery","Conserve Battery","Ball Lightning+1","Ball Lightning+1","strawberrySpire:Adapter+1","strawberrySpire:Adapter+1","Fission+1","Fission+1","Turbo","Turbo","Sweeping Beam+1","Sweeping Beam+1","Consume+1","Consume+1","Bite","Bite","Bite","Bite","Bite+1","Bite+1","Bite","Bite","Bite","Bite","Loop+1","Loop+1","strawberrySpire:DataDump+1","strawberrySpire:DataDump+1","BootSequence+1","BootSequence+1","strawberrySpire:Ronchyble","strawberrySpire:Ronchyble","Hologram","Hologram","Rebound","Rebound","Ball Lightning","Ball Lightning","Conserve Battery","Conserve Battery","Turbo","Turbo","Sadistic Nature","Sadistic Nature","strawberrySpire:Dropbox+1","strawberrySpire:Dropbox+1","Dramatic Entrance","Dramatic Entrance","Aggregate+1","Aggregate+1","Buffer","Buffer","Stack+1","Stack+1","FTL+1","FTL+1","Fission+1","Fission+1","Fission+1","Fission+1"],"relics":["Cracked Core","Shuriken","strawberrySpire:TinySteamboat","Toolbox","Cables","Pear","DataDisk","Mercury Hourglass","Inserter","strawberrySpire:ElectricRodnt","strawberrySpire:WhoaramAlpha","Symbiotic Virus","Pantograph","Kunai","Sundial","WingedGreaves","Black Star","strawberrySpire:StillNotAdequateHouse","Girya","Whetstone","OrangePellets","Pen Nib","Bottled Flame","Pocketwatch","Bag of Preparation","Centennial Puzzle","Smiling Mask","The Courier"],"potions_floor_usage":[27,29,33,36,36,36,44,44,44,45,45,45,45,47,47,50,50,50,50,50],"damage_taken":[{"damage":0,"enemies":"Cultist","floor":1,"turns":3},{"damage":0,"enemies":"Small Slimes","floor":2,"turns":3},{"damage":8,"enemies":"Jaw Worm","floor":3,"turns":4},{"damage":0,"enemies":"2 Fungi Beasts","floor":4,"turns":2},{"damage":19,"enemies":"Lagavulin","floor":7,"turns":6},{"damage":11,"enemies":"Gremlin Nob","floor":12,"turns":3},{"damage":2,"enemies":"Blue Slaver","floor":13,"turns":4},{"damage":0,"enemies":"The Guardian","floor":16,"turns":8},{"damage":21,"enemies":"Shell Parasite","floor":18,"turns":4},{"damage":0,"enemies":"Chosen","floor":19,"turns":6},{"damage":33,"enemies":"Slavers","floor":24,"turns":4},{"damage":12,"enemies":"Gremlin Leader","floor":27,"turns":3},{"damage":13,"enemies":"Book of Stabbing","floor":29,"turns":4},{"damage":14,"enemies":"Snecko","floor":31,"turns":4},{"damage":0,"enemies":"Automaton","floor":33,"turns":10},{"damage":0,"enemies":"3 Shapes","floor":35,"turns":4},{"damage":6,"enemies":"3 Darklings","floor":36,"turns":3},{"damage":42,"enemies":"2 Orb Walkers","floor":37,"turns":5},{"damage":3,"enemies":"Mind Bloom Boss Battle","floor":38,"turns":5},{"damage":42,"enemies":"Reptomancer","floor":40,"turns":4},{"damage":0,"enemies":"Transient","floor":44,"turns":5},{"damage":44,"enemies":"Nemesis","floor":45,"turns":5},{"damage":10,"enemies":"strawberrySpire:EssenceStones","floor":46,"turns":4},{"damage":0,"enemies":"Spire Growth","floor":47,"turns":4},{"damage":13,"enemies":"Donu and Deca","floor":50,"turns":4}],"seed_played":"-4830470747887125755","potions_obtained":[{"floor":1,"key":"FocusPotion"},{"floor":4,"key":"PowerPotion"},{"floor":29,"key":"GamblersBrew"},{"floor":33,"key":"AttackPotion"},{"floor":35,"key":"Energy Potion"},{"floor":40,"key":"EntropicBrew"},{"floor":46,"key":"FocusPotion"}],"is_trial":false,"path_per_floor":["M","M","M","M","?","R","E","R","T","$","R","E","M","?","R","B",null,"M","M","?","?","?","R","E","R","T","E","$","E","T","M","R","B",null,"M","M","?","?","$","E","?","R","T","M","E","E","M","?","R","B",null],"character_chosen":"DEFECT","items_purchased":["Shuriken","Beam Cell","strawberrySpire:TinySteamboat","Toolbox","strawberrySpire:Adapter","strawberrySpire:Disconnect","Self Repair","FocusPotion","strawberrySpire:FocalLaser","Cold Snap","DataDisk","Blizzard","Conserve Battery","Kunai","Whetstone","OrangePellets","Turbo"],"campfire_rested":1,"item_purchase_floors":[0,0,0,0,0,0,0,0,0,0,10,10,10,28,39,39,39],"current_hp_per_floor":[75,75,74,74,74,74,62,62,72,72,72,61,66,66,66,73,85,71,78,78,78,59,59,37,37,37,35,35,38,38,44,44,59,59,59,53,37,65,65,38,28,28,28,65,38,48,65,43,62,65],"gold":131,"neow_bonus":"","is_prod":false,"is_daily":false,"chose_seed":false,"campfire_upgraded":8,"win_rate":0,"timestamp":1556574569,"path_taken":["M","M","M","M","?","R","E","R","T","$","R","E","?","?","R","BOSS","M","M","?","?","?","R","E","R","T","E","?","E","?","?","R","BOSS","M","M","?","?","$","E","?","R","T","M","E","E","M","?","R","BOSS"],"build_version":"2019-01-23","purchased_purges":2,"victory":true,"max_hp_per_floor":[75,75,75,75,75,75,75,75,85,85,85,85,85,85,85,85,85,85,85,85,85,59,59,59,59,59,59,59,59,59,59,59,59,59,59,59,65,65,65,65,65,65,65,65,65,65,65,65,65,65],"card_choices":[{"not_picked":["Compile Driver","Beam Cell"],"picked":"Go for the Eyes","floor":1},{"not_picked":["strawberrySpire:Adapter","Self Repair","strawberrySpire:GearCrunch"],"picked":"SKIP","floor":2},{"not_picked":["Sweeping Beam","Beam Cell"],"picked":"Conserve Battery","floor":3},{"not_picked":["Coolheaded","Sweeping Beam"],"picked":"Leap","floor":4},{"not_picked":["strawberrySpire:NeonFlight","Melter","Streamline"],"picked":"SKIP","floor":7},{"not_picked":["Rainbow","Redo"],"picked":"Ball Lightning","floor":12},{"not_picked":["Coolheaded","Darkness"],"picked":"strawberrySpire:Adapter","floor":13},{"not_picked":["strawberrySpire:Ronchyble","Seek"],"picked":"Fission","floor":16},{"not_picked":["Cold Snap","strawberrySpire:Disconnect+1"],"picked":"Turbo","floor":18},{"not_picked":["Beam Cell","Leap"],"picked":"Sweeping Beam","floor":19},{"not_picked":["Rainbow","strawberrySpire:BreederCore"],"picked":"Loop","floor":24},{"not_picked":["Consume","Rip and Tear","Gash"],"picked":"SKIP","floor":27},{"not_picked":["Cold Snap","Steam"],"picked":"strawberrySpire:DataDump+1","floor":29},{"not_picked":["Steam","Streamline"],"picked":"BootSequence+1","floor":31},{"not_picked":["Core Surge","Seek"],"picked":"strawberrySpire:Ronchyble","floor":33},{"not_picked":["Ball Lightning","Lockon+1"],"picked":"Hologram","floor":35},{"not_picked":["strawberrySpire:DataDump+1","Steam Power+1"],"picked":"Rebound","floor":36},{"not_picked":["strawberrySpire:SearchEngine+1","Barrage"],"picked":"Ball Lightning","floor":37},{"not_picked":["strawberrySpire:NeonFlight+1","Blizzard"],"picked":"Conserve Battery","floor":38},{"not_picked":["Steam Power","Rebound+1","Melter+1"],"picked":"SKIP","floor":40},{"not_picked":["Forethought","strawberrySpire:Disreguard"],"picked":"Sadistic Nature","floor":41},{"not_picked":["Finesse","Forethought"],"picked":"strawberrySpire:Dropbox","floor":41},{"not_picked":["Discovery","Purity"],"picked":"Dramatic Entrance","floor":41},{"not_picked":["strawberrySpire:DataDump+1","Stack+1"],"picked":"Aggregate+1","floor":44},{"not_picked":["Turbo","Steam"],"picked":"Buffer","floor":45},{"not_picked":["strawberrySpire:NeonFlight","Rip and Tear"],"picked":"Stack+1","floor":46},{"not_picked":["Compile Driver+1","strawberrySpire:NeonFlight"],"picked":"FTL+1","floor":47}],"player_experience":123920,"relics_obtained":[{"floor":7,"key":"Cables"},{"floor":9,"key":"Pear"},{"floor":12,"key":"Mercury Hourglass"},{"floor":24,"key":"strawberrySpire:WhoaramAlpha"},{"floor":26,"key":"Symbiotic Virus"},{"floor":27,"key":"Pantograph"},{"floor":29,"key":"Sundial"},{"floor":30,"key":"WingedGreaves"},{"floor":37,"key":"strawberrySpire:StillNotAdequateHouse"},{"floor":38,"key":"Girya"},{"floor":40,"key":"Pen Nib"},{"floor":40,"key":"Bottled Flame"},{"floor":43,"key":"Pocketwatch"},{"floor":45,"key":"Bag of Preparation"},{"floor":45,"key":"Centennial Puzzle"},{"floor":46,"key":"Smiling Mask"},{"floor":46,"key":"The Courier"}],"event_choices":[{"damage_healed":0,"gold_gain":275,"player_choice":"Desecrate","damage_taken":0,"max_hp_gain":0,"max_hp_loss":0,"event_name":"Golden Shrine","floor":5,"gold_loss":0,"cards_obtained":["Regret"]},{"cards_removed":["Defend_B"],"damage_healed":0,"gold_gain":0,"player_choice":"Forget","damage_taken":0,"max_hp_gain":0,"max_hp_loss":0,"event_name":"Living Wall","floor":14,"gold_loss":0},{"damage_healed":0,"gold_gain":0,"player_choice":"Read","damage_taken":0,"max_hp_gain":0,"max_hp_loss":0,"event_name":"The Library","floor":20,"gold_loss":0,"cards_obtained":["Consume"]},{"damage_healed":0,"gold_gain":0,"player_choice":"Obtained Relic","damage_taken":0,"relics_obtained":["strawberrySpire:ElectricRodnt"],"max_hp_gain":0,"max_hp_loss":0,"event_name":"Addict","floor":21,"gold_loss":85},{"damage_healed":0,"gold_gain":0,"player_choice":"Became a vampire","damage_taken":0,"max_hp_gain":0,"max_hp_loss":26,"event_name":"Vampires","floor":22,"gold_loss":0,"cards_obtained":["Bite","Bite","Bite","Bite","Bite"]},{"damage_healed":0,"gold_gain":0,"player_choice":"Fight","damage_taken":0,"max_hp_gain":0,"max_hp_loss":0,"event_name":"Mysterious Sphere","floor":37,"gold_loss":0},{"damage_healed":0,"gold_gain":0,"player_choice":"Fight","damage_taken":0,"max_hp_gain":0,"max_hp_loss":0,"event_name":"MindBloom","floor":38,"gold_loss":0},{"damage_healed":0,"gold_gain":0,"player_choice":"Memory 3","damage_taken":10,"max_hp_gain":0,"max_hp_loss":0,"event_name":"SensoryStone","floor":41,"gold_loss":0}],"is_beta":false,"boss_relics":[{"not_picked":["Astrolabe","strawberrySpire:SolarisEssence"],"picked":"Inserter"},{"not_picked":["Velvet Choker","Pandora\u0027s Box"],"picked":"Black Star"}],"items_purged_floors":[0,10],"is_endless":false,"potions_floor_spawned":[1,4,12,13,18,24,29,33,35,40,46],"ascension_level":1}