{"gold_per_floor":[111,129,142,160,170,203,203,203,203,203,234,259,259,280,280,401,401,426,445,26,47,66,66,66],"floor_reached":24,"playtime":1439,"items_purged":["Strike_B"],"score":221,"play_id":"248174e5-9ba2-4ac2-a233-eff0112cd4e7","local_time":"20181207222257","is_ascension_mode":true,"campfire_choices":[{"floor":8,"key":"REST"},{"data":"Streamline","floor":13,"key":"SMITH"},{"data":"Chaos","floor":15,"key":"SMITH"},{"data":"White Noise","floor":23,"key":"SMITH"}],"neow_cost":"PERCENT_DAMAGE","seed_source_timestamp":213818619371104,"circlet_count":0,"master_deck":["Strike_B+1","Defend_B","Defend_B","Defend_B","Defend_B","Zap","Dualcast","Conserve Battery","Reboot+1","Rebound","Streamline+1","Steam","White Noise+1","FTL","Cold Snap","Core Surge","Heatsinks","Chaos+1","Machine Learning","Double Energy+1","Leap+1","Trip","Genetic Algorithm","Cold Snap","Stack+1","Conserve Battery+1"],"relics":["Cracked Core","Smiling Mask","Golden Idol","Meat on the Bone","Juzu Bracelet","Odd Mushroom","Philosopher\u0027s Stone","Lee\u0027s Waffle"],"potions_floor_usage":[11,16,24],"damage_taken":[{"damage":1,"enemies":"Jaw Worm","floor":1,"turns":3},{"damage":5,"enemies":"Small Slimes","floor":2,"turns":3},{"damage":0,"enemies":"Cultist","floor":3,"turns":3},{"damage":1,"enemies":"Red Slaver","floor":4,"turns":3},{"damage":2,"enemies":"Blue Slaver","floor":5,"turns":4},{"damage":16,"enemies":"Lagavulin","floor":6,"turns":6},{"damage":3,"enemies":"3 Sentries","floor":11,"turns":7},{"damage":16,"enemies":"The Mushroom Lair","floor":12,"turns":4},{"damage":13,"enemies":"Exordium Wildlife","floor":14,"turns":4},{"damage":1,"enemies":"Hexaghost","floor":16,"turns":9},{"damage":5,"enemies":"3 Byrds","floor":18,"turns":5},{"damage":9,"enemies":"Shell Parasite","floor":19,"turns":4},{"damage":19,"enemies":"Snake Plant","floor":21,"turns":4},{"damage":9,"enemies":"Sentry and Sphere","floor":22,"turns":6},{"damage":64,"enemies":"Gremlin Leader","floor":24,"turns":7}],"seed_played":"-6344317896659320302","potions_obtained":[{"floor":4,"key":"SteroidPotion"},{"floor":5,"key":"EssenceOfSteel"},{"floor":12,"key":"FearPotion"},{"floor":14,"key":"Dexterity Potion"},{"floor":18,"key":"PowerPotion"}],"is_trial":false,"path_per_floor":["M","M","M","M","M","E","?","R","T","?","E","?","R","M","R","B",null,"M","M","$","M","M","R","E"],"character_chosen":"DEFECT","items_purchased":["Lee\u0027s Waffle","Trip","Genetic Algorithm","Cold Snap"],"campfire_rested":1,"item_purchase_floors":[20,20,20,20],"current_hp_per_floor":[53,48,48,47,45,29,11,33,33,18,27,23,23,22,22,33,75,70,61,82,63,54,54,0],"gold":66,"neow_bonus":"TRANSFORM_TWO_CARDS","is_prod":false,"is_daily":false,"chose_seed":false,"campfire_upgraded":3,"win_rate":0,"timestamp":1544210577,"path_taken":["M","M","M","M","M","E","?","R","T","?","E","?","R","M","R","BOSS","M","M","$","M","M","R","E"],"build_version":"2018-12-06","purchased_purges":1,"victory":false,"max_hp_per_floor":[75,75,75,75,75,75,75,75,75,75,75,75,75,75,75,75,75,75,75,82,82,82,82,82],"card_choices":[{"not_picked":["Turbo","Aggregate"],"picked":"Rebound","floor":1},{"not_picked":["Leap","Steam"],"picked":"Streamline","floor":2},{"not_picked":["Chill","Redo"],"picked":"Steam","floor":3},{"not_picked":["Leap","Streamline"],"picked":"White Noise","floor":4},{"not_picked":["Rebound","Barrage"],"picked":"FTL","floor":5},{"not_picked":["Gash","Scrape"],"picked":"Cold Snap","floor":6},{"not_picked":["Steam","Coolheaded"],"picked":"Core Surge","floor":11},{"not_picked":["Barrage","Stack"],"picked":"Heatsinks","floor":12},{"not_picked":["Recycle","Streamline"],"picked":"Chaos","floor":14},{"not_picked":["Seek","Reboot"],"picked":"Machine Learning","floor":16},{"not_picked":["Chaos","Compile Driver+1"],"picked":"Double Energy+1","floor":18},{"not_picked":["Beam Cell+1","Aggregate"],"picked":"Leap+1","floor":19},{"not_picked":["Streamline","Beam Cell+1"],"picked":"Stack+1","floor":21},{"not_picked":["BootSequence","Recycle+1"],"picked":"Conserve Battery+1","floor":22}],"player_experience":964076,"relics_obtained":[{"floor":6,"key":"Smiling Mask"},{"floor":9,"key":"Meat on the Bone"},{"floor":11,"key":"Juzu Bracelet"},{"floor":12,"key":"Odd Mushroom"}],"event_choices":[{"damage_healed":0,"gold_gain":0,"player_choice":"Take Damage","damage_taken":18,"relics_obtained":["Golden Idol"],"max_hp_gain":0,"max_hp_loss":0,"event_name":"Golden Idol","floor":7,"gold_loss":0},{"damage_healed":0,"gold_gain":0,"player_choice":"Entered Light","damage_taken":15,"max_hp_gain":0,"max_hp_loss":0,"event_name":"Shining Light","floor":10,"gold_loss":0,"cards_upgraded":["Reboot","Strike_B"]},{"damage_healed":0,"gold_gain":0,"player_choice":"Fought Mushrooms","damage_taken":0,"max_hp_gain":0,"max_hp_loss":0,"event_name":"Mushrooms","floor":12,"gold_loss":0}],"is_beta":true,"boss_relics":[{"not_picked":["Ectoplasm","Orrery"],"picked":"Philosopher\u0027s Stone"}],"items_purged_floors":[20],"is_endless":false,"potions_floor_spawned":[4,5,12,14,18,19],"killed_by":"Gremlin Leader","ascension_level":1}