{"path_per_floor":["M","M","?","$","?","E","R","E","T","R","?","R","M","M","R","B",null,"M","?","$","M","?","R","E","R","T","R","M","?","?","M","R","B",null,"M","?","T","$","M","R","?","M","T","E","T","M","?","M","R","B"],"character_chosen":"IRONCLAD","items_purchased":["Finesse","Flex"],"gold_per_floor":[110,122,197,20,20,55,55,86,110,110,75,75,92,107,107,202,202,212,212,86,100,100,100,125,125,148,148,163,78,1,16,16,117,117,128,128,181,56,73,73,73,85,85,117,142,156,0,11,11,11],"floor_reached":51,"campfire_rested":0,"playtime":2334,"current_hp_per_floor":[80,80,69,69,51,25,25,10,10,10,30,30,31,35,35,25,80,80,80,80,80,80,80,62,62,62,62,66,66,66,66,66,38,80,80,80,80,80,80,80,70,72,72,47,47,53,53,62,62,13],"items_purged":["Strike_R","Body Slam","Strike_R"],"gold":11,"score":726,"play_id":"83d36dfb-e58c-4945-8610-1b251f96fe09","local_time":"20180429001208","is_prod":false,"is_daily":false,"chose_seed":false,"is_ascension_mode":false,"campfire_upgraded":10,"timestamp":1524949928,"path_taken":["M","M","?","?","?","E","R","E","T","R","?","R","M","?","R","BOSS","M","?","$","?","?","R","E","R","T","R","M","?","?","M","R","BOSS","M","?","?","$","M","R","?","M","T","E","?","?","?","?","R","BOSS"],"build_version":"2018-04-27v3","seed_source_timestamp":33198334713912,"purchased_purges":3,"victory":true,"master_deck":["Strike_R+1","Defend_R+1","Defend_R+1","Defend_R+1","Bash","Rampage+1","Shrug It Off+1","Hemokinesis+1","Finesse+1","Reckless Charge","Clothesline+1","Thunderclap","Seeing Red+1","Exhume","Armaments+1","Flex+1","Iron Wave+1","Havoc+1","Metallicize+1","J.A.X.+1","Headbutt+1","Limit Break+1","Cleave+1","Body Slam+1","Finesse","Flash of Steel","Jack Of All Trades","Metallicize+1","Flex+1","Pummel+1","Iron Wave+1"],"max_hp_per_floor":[80,80,80,80,80,80,80,80,80,80,80,80,80,80,80,80,80,80,80,80,80,80,80,80,80,80,80,80,80,80,80,80,80,80,80,80,80,80,80,80,80,80,80,80,80,80,80,80,80,80],"relics":["Black Blood","Bronze Scales","War Paint","Darkstone Periapt","Happy Flower","Runic Dome","Toolbox","Pen Nib","Bag of Marbles","Vajra","Letter Opener","Bag of Preparation","Dream Catcher","Red Mask"],"card_choices":[{"not_picked":["Flex","Seeing Red"],"picked":"Shrug It Off","floor":1},{"not_picked":["Thunderclap","Dropkick"],"picked":"Hemokinesis","floor":2},{"not_picked":["Second Wind","Evolve"],"picked":"Reckless Charge","floor":6},{"not_picked":["True Grit","Juggernaut"],"picked":"Clothesline","floor":8},{"not_picked":["Armaments","Second Wind"],"picked":"Thunderclap","floor":13},{"not_picked":["True Grit","Combust"],"picked":"Seeing Red","floor":14},{"not_picked":["Juggernaut","Feed"],"picked":"Exhume","floor":16},{"not_picked":["Entrench","Twin Strike"],"picked":"Armaments","floor":18},{"not_picked":["True Grit","Wild Strike"],"picked":"Iron Wave","floor":21},{"not_picked":["Shrug It Off","Exhume"],"picked":"Havoc","floor":24},{"not_picked":["Rupture","Clash"],"picked":"Metallicize","floor":28},{"not_picked":["Combust","Shrug It Off"],"picked":"Headbutt","floor":31},{"not_picked":["Brutality","Dark Embrace"],"picked":"Limit Break","floor":33},{"not_picked":["Heavy Blade","True Grit"],"picked":"Cleave","floor":35},{"not_picked":["Dual Wield","Metallicize"],"picked":"Body Slam","floor":39},{"not_picked":["Bandage Up","Panacea"],"picked":"Finesse","floor":41},{"not_picked":["Deep Breath","Bandage Up"],"picked":"Flash of Steel","floor":41},{"not_picked":["Transmutation","Blind"],"picked":"Jack Of All Trades","floor":41},{"not_picked":["Cleave","Clash"],"picked":"Metallicize","floor":42},{"not_picked":["Headbutt","Blood for Blood"],"picked":"Flex","floor":44},{"not_picked":["Rupture","True Grit"],"picked":"Pummel","floor":46},{"not_picked":["Flex","True Grit"],"picked":"Iron Wave","floor":48}],"player_experience":391231,"potions_floor_usage":[33,33,33,50,50,50],"damage_taken":[{"damage":3,"enemies":"2 Louse","floor":1,"turns":3},{"damage":0,"enemies":"Cultist","floor":2,"turns":4},{"damage":32,"enemies":"3 Sentries","floor":6,"turns":7},{"damage":21,"enemies":"Lagavulin","floor":8,"turns":8},{"damage":5,"enemies":"Small Slimes","floor":13,"turns":2},{"damage":2,"enemies":"3 Louse","floor":14,"turns":2},{"damage":16,"enemies":"The Guardian","floor":16,"turns":8},{"damage":2,"enemies":"Spheric Guardian","floor":18,"turns":4},{"damage":6,"enemies":"Shell Parasite","floor":21,"turns":2},{"damage":24,"enemies":"Book of Stabbing","floor":24,"turns":6},{"damage":2,"enemies":"3 Cultists","floor":28,"turns":4},{"damage":6,"enemies":"Centurion and Healer","floor":31,"turns":5},{"damage":49,"enemies":"Automaton","floor":33,"turns":7},{"damage":2,"enemies":"3 Shapes","floor":35,"turns":3},{"damage":6,"enemies":"Orb Walker","floor":39,"turns":2},{"damage":8,"enemies":"Maw","floor":42,"turns":4},{"damage":35,"enemies":"Nemesis","floor":44,"turns":5},{"damage":4,"enemies":"Sphere and 2 Shapes","floor":46,"turns":4},{"damage":1,"enemies":"Flame Bruiser 2 Orb","floor":48,"turns":3},{"damage":74,"enemies":"Awakened One","floor":50,"turns":8}],"event_choices":[{"event_name":"World of Goop","player_choice":"Gather Gold","floor":3,"damage_taken":0},{"event_name":"Scrap Ooze","player_choice":"success","floor":5,"damage_taken":18},{"event_name":"The Cleric","player_choice":"Healed","floor":11,"damage_taken":0},{"event_name":"Transmorgrifier","player_choice":"Transform","floor":19,"damage_taken":0},{"event_name":"Back to Basics","player_choice":"Simplicity","floor":22,"damage_taken":0},{"event_name":"Addict","player_choice":"Obtained Relic","floor":29,"damage_taken":0},{"event_name":"Drug Dealer","player_choice":"Got JAXXED","floor":30,"damage_taken":0},{"event_name":"SensoryStone","player_choice":"Memory 3","floor":41,"damage_taken":0},{"event_name":"Tomb of Lord Red Mask","player_choice":"Paid","floor":47,"damage_taken":0}],"boss_relics":[{"not_picked":["Orrery","Runic Cube"],"picked":"Runic Dome"},{"not_picked":["Philosopher\u0027s Stone","Runic Pyramid"],"picked":"Black Blood"}],"potions_floor_spawned":[6,13,14,16,24,31,33,35,42,44],"seed_played":"-1036544316367865032","ascension_level":0,"is_trial":false}