{"gold_per_floor":[118,138,155,168,188,220,233,233,233,233],"floor_reached":10,"playtime":749,"items_purged":[],"score":76,"play_id":"8d1f2ccb-e230-448e-a68f-d302eac17f3c","local_time":"20181230211541","is_ascension_mode":true,"campfire_choices":[{"data":"Hologram","floor":8,"key":"SMITH"}],"neow_cost":"NONE","seed_source_timestamp":183407290456852,"circlet_count":0,"master_deck":["Strike_B","Strike_B","Strike_B","Defend_B","Defend_B","Defend_B","Defend_B","Zap","Dualcast","Capacitor","FTL","Hologram+1","Coolheaded","Ball Lightning","Gash","Self Repair","Conserve Battery","Machine Learning"],"relics":["Cracked Core","Prayer Wheel","Anchor"],"potions_floor_usage":[4,4,6,10,10],"damage_taken":[{"damage":5,"enemies":"Jaw Worm","floor":1,"turns":4},{"damage":7,"enemies":"Small Slimes","floor":2,"turns":3},{"damage":6,"enemies":"2 Louse","floor":3,"turns":3},{"damage":13,"enemies":"Gremlin Gang","floor":4,"turns":4},{"damage":5,"enemies":"Looter","floor":5,"turns":3},{"damage":22,"enemies":"Lagavulin","floor":6,"turns":6},{"damage":3,"enemies":"Large Slime","floor":7,"turns":5},{"damage":27,"enemies":"Gremlin Nob","floor":10,"turns":4}],"seed_played":"-856805031960367412","potions_obtained":[{"floor":1,"key":"PowerPotion"},{"floor":2,"key":"SkillPotion"},{"floor":3,"key":"Block Potion"},{"floor":6,"key":"Block Potion"},{"floor":7,"key":"SkillPotion"}],"is_trial":false,"path_per_floor":["M","M","M","M","M","E","M","R","T","E"],"character_chosen":"DEFECT","items_purchased":[],"campfire_rested":0,"item_purchase_floors":[],"current_hp_per_floor":[70,63,57,44,39,17,21,21,21,0],"gold":233,"neow_bonus":"TRANSFORM_CARD","is_prod":false,"is_daily":false,"chose_seed":false,"campfire_upgraded":1,"win_rate":0,"timestamp":1546193741,"path_taken":["M","M","M","M","M","E","M","R","T","E"],"build_version":"2018-12-25","purchased_purges":0,"victory":false,"max_hp_per_floor":[75,75,75,75,75,75,75,75,75,75],"card_choices":[{"not_picked":["Sweeping Beam","Static Discharge"],"picked":"FTL","floor":1},{"not_picked":["Darkness","Blizzard"],"picked":"Hologram","floor":2},{"not_picked":["Leap","Beam Cell"],"picked":"Coolheaded","floor":3},{"not_picked":["Compile Driver","Chaos"],"picked":"Ball Lightning","floor":4},{"not_picked":["Loop","Hologram"],"picked":"Gash","floor":5},{"not_picked":["Heatsinks","Thunder Strike"],"picked":"Self Repair","floor":6},{"not_picked":["Lockon","Go for the Eyes"],"picked":"Conserve Battery","floor":7},{"not_picked":["Rebound","Rip and Tear"],"picked":"Machine Learning","floor":7}],"player_experience":1025995,"relics_obtained":[{"floor":6,"key":"Prayer Wheel"},{"floor":9,"key":"Anchor"}],"event_choices":[],"is_beta":true,"boss_relics":[],"items_purged_floors":[],"is_endless":false,"potions_floor_spawned":[1,2,3,6,7],"killed_by":"Gremlin Nob","ascension_level":1}