{"path_per_floor":["M","M","M","?","M","E","R","E","T","R","?","M","R","E","R","B",null,"M","?","$","?","M","R","M","R","T","R","M","R","M","M","R","B",null,"M","M","M","?","M","R","M","R","T","E","$","E","R","M","R","B"],"character_chosen":"IRONCLAD","items_purchased":["Oddly Smooth Stone","Kunai"],"gold_per_floor":[11,23,38,38,54,81,81,110,110,110,110,127,127,152,152,247,247,264,264,43,43,55,55,74,74,97,97,108,108,121,135,135,233,233,250,267,279,279,290,290,309,309,309,372,27,55,55,67,67,67],"floor_reached":51,"campfire_rested":2,"playtime":3924,"current_hp_per_floor":[96,96,96,89,79,61,61,37,37,37,18,22,50,46,46,45,96,96,80,80,80,72,72,78,78,78,78,62,62,63,75,75,36,99,99,97,77,77,74,74,81,81,81,51,51,94,94,74,99,97],"items_purged":["Strike_R","Pain"],"gold":67,"score":679,"play_id":"cc3cdf13-19b4-4c06-acc7-50926420c45c","is_prod":false,"is_daily":false,"is_ascension_mode":false,"campfire_upgraded":11,"path_taken":["M","?","M","?","M","E","R","E","T","R","?","M","R","E","R","BOSS","M","?","$","?","M","R","M","R","T","R","M","R","M","M","R","BOSS","M","M","M","?","?","R","M","R","T","E","$","E","R","M","R","BOSS"],"build_version":"2018-02-15-BETA1","purchased_purges":2,"victory":true,"master_deck":["Strike_R+1","Strike_R","Strike_R+1","Strike_R+1","Defend_R","Defend_R+1","Defend_R+1","Bash+1","Pummel+1","Flame Barrier+1","Armaments+1","Inflame+1","Clash+1","Iron Wave+1","Headbutt+1","Exhume+1","Clothesline+1","Body Slam+1","Bloodletting+1","Injury","Heavy Blade+1","Rampage+1","Impervious+1","Barricade+1","Flex+1","Feel No Pain+1","Thunderclap+1","Limit Break+1","Shockwave+1","Shrug It Off+1"],"max_hp_per_floor":[96,96,96,96,96,96,96,96,96,96,96,96,96,96,96,96,96,96,96,96,96,96,96,96,96,96,96,96,96,96,96,96,99,99,99,99,99,99,99,99,99,99,99,99,99,99,99,99,99,99],"relics":["Black Blood","Molten Egg 2","Whetstone","Red Skull","Mummified Hand","Cursed Key","Nilry\u0027s Codex","Oddly Smooth Stone","Bag of Preparation","Bag of Marbles","Tiny Chest","Kunai","Sundial"],"card_choices":[{"not_picked":["Power Through","Combust"],"picked":"Pummel"},{"not_picked":["Thunderclap","Warcry"],"picked":"Flame Barrier"},{"not_picked":["Heavy Blade","Shrug It Off"],"picked":"Armaments"},{"not_picked":["Havoc","Thunderclap"],"picked":"Inflame"},{"not_picked":["Dual Wield","Corruption"],"picked":"Clash"},{"not_picked":["Clash","Body Slam"],"picked":"Iron Wave"},{"not_picked":["Corruption","Warcry"],"picked":"Headbutt"},{"not_picked":["Bludgeon","Fiend Fire"],"picked":"Exhume"},{"not_picked":["Flex","Wild Strike"],"picked":"Clothesline"},{"not_picked":["Second Wind","Havoc"],"picked":"Body Slam"},{"not_picked":["Sword Boomerang","Flex"],"picked":"Bloodletting"},{"not_picked":["Evolve","Cleave"],"picked":"Heavy Blade"},{"not_picked":["Sentinel","Inflame"],"picked":"Rampage"},{"not_picked":["Body Slam","Warcry"],"picked":"Impervious"},{"not_picked":["Demon Form","Brutality"],"picked":"Barricade"},{"not_picked":["Warcry","Searing Blow"],"picked":"Flex"},{"not_picked":["Burning Pact","Wild Strike"],"picked":"Feel No Pain"},{"not_picked":["Brutality","Clothesline"],"picked":"Thunderclap"},{"not_picked":["Metallicize","Spot Weakness"],"picked":"Limit Break"},{"not_picked":["Perfected Strike","Twin Strike"],"picked":"Shockwave"},{"not_picked":["Havoc","Uppercut"],"picked":"Shrug It Off"}],"player_experience":210940,"potions_floor_usage":[5,6,14,14,50,50,50],"damage_taken":[{"damage":5,"enemies":"Cultist","floor":1,"turns":4},{"damage":0,"enemies":"2 Louse","floor":2,"turns":3},{"damage":3,"enemies":"Small Slimes","floor":3,"turns":3},{"damage":16,"enemies":"Exordium Wildlife","floor":5,"turns":7},{"damage":24,"enemies":"Lagavulin","floor":6,"turns":5},{"damage":30,"enemies":"3 Sentries","floor":8,"turns":10},{"damage":2,"enemies":"Large Slime","floor":12,"turns":4},{"damage":10,"enemies":"Lagavulin","floor":14,"turns":5},{"damage":7,"enemies":"Slime Boss","floor":16,"turns":9},{"damage":5,"enemies":"Chosen","floor":18,"turns":4},{"damage":14,"enemies":"3 Byrds","floor":22,"turns":6},{"damage":0,"enemies":"Snecko","floor":24,"turns":3},{"damage":22,"enemies":"Chosen and Byrds","floor":28,"turns":7},{"damage":5,"enemies":"Snake Plant","floor":30,"turns":3},{"damage":1,"enemies":"Sentry and Sphere","floor":31,"turns":3},{"damage":48,"enemies":"Automaton","floor":33,"turns":11},{"damage":5,"enemies":"3 Darklings","floor":35,"turns":6},{"damage":12,"enemies":"3 Shapes","floor":36,"turns":4},{"damage":30,"enemies":"3 Darklings","floor":37,"turns":6},{"damage":13,"enemies":"Spire Growth","floor":39,"turns":3},{"damage":3,"enemies":"Sphere and 2 Shapes","floor":41,"turns":4},{"damage":40,"enemies":"2 Orb Walkers","floor":44,"turns":4},{"damage":3,"enemies":"Giant Head","floor":46,"turns":9},{"damage":30,"enemies":"3 Darklings","floor":48,"turns":4},{"damage":12,"enemies":"Donu and Deca","floor":50,"turns":10}],"event_choices":[{"event_name":"Golden Wing","player_choice":"Card Removal","floor":4,"damage_taken":0},{"event_name":"Shining Light","player_choice":"Entered Light","floor":11,"damage_taken":0},{"event_name":"Cursed Tome","player_choice":"Obtained Book","floor":19,"damage_taken":0},{"event_name":"Vampires","player_choice":"Ignored","floor":21,"damage_taken":0},{"event_name":"Accursed Blacksmith","player_choice":"Forge","floor":38,"damage_taken":0}],"boss_relics":[{"not_picked":["Ectoplasm","Runic Dome"],"picked":"Cursed Key"},{"not_picked":["Tiny House","Sozu"],"picked":"Black Blood"}],"potions_floor_spawned":[1,2,3,8,18,24,36,37,44,46],"seed_played":"-6988979459517330801","ascension_level":0,"is_trial":false}