{"gold_per_floor":[365,385,660,735,749,749,764,288,288,288,304,304,304,327,327,423,423,433,433,447,138,138,138],"floor_reached":23,"playtime":991,"items_purged":["Regret","Strike_G"],"score":204,"play_id":"faebff98-2478-433b-b8aa-8dacfe4302b5","local_time":"20180809062345","is_ascension_mode":false,"campfire_choices":[{"data":"Dagger Spray","floor":6,"key":"SMITH"},{"data":"Neutralize","floor":10,"key":"SMITH"},{"data":"Endless Agony","floor":13,"key":"SMITH"},{"data":"Noxious Fumes","floor":15,"key":"SMITH"}],"neow_cost":"TEN_PERCENT_HP_LOSS","seed_source_timestamp":7540891233599,"circlet_count":0,"master_deck":["Defend_G","Defend_G","Defend_G","Defend_G+1","Defend_G","Survivor+1","Neutralize+1","All Out Attack","Slice+1","Dagger Spray+1","Endless Agony+1","Predator","Well Laid Plans","Deadly Poison","Noxious Fumes+1","Unload","PiercingWail","Underhanded Strike","Footwork","Flash of Steel","Terror","Bite","Bite","Bite","Bite","Bite"],"relics":["Ring of the Snake","Pen Nib","Whetstone","Snake Skull","Odd Mushroom","HoveringKite"],"potions_floor_usage":[23],"damage_taken":[{"damage":0,"enemies":"Small Slimes","floor":1,"turns":4},{"damage":0,"enemies":"Cultist","floor":2,"turns":4},{"damage":2,"enemies":"2 Louse","floor":5,"turns":3},{"damage":0,"enemies":"Gremlin Gang","floor":7,"turns":1},{"damage":8,"enemies":"2 Fungi Beasts","floor":11,"turns":3},{"damage":7,"floor":14,"turns":3},{"damage":8,"enemies":"Hexaghost","floor":16,"turns":7},{"damage":14,"enemies":"Spheric Guardian","floor":18,"turns":4},{"damage":29,"enemies":"Shell Parasite","floor":20,"turns":4},{"damage":27,"enemies":"Slavers","floor":23,"turns":3}],"seed_played":"-8836367986149142133","potions_obtained":[{"floor":2,"key":"Energy Potion"},{"floor":7,"key":"LiquidBronze"},{"floor":16,"key":"Energy Potion"}],"is_trial":false,"path_per_floor":["M","M","?","?","M","R","M","$","T","R","M","?","R","?","R","B",null,"M","?","M","$","?"],"character_chosen":"THE_SILENT","items_purchased":["Predator","Pen Nib","Whetstone","Well Laid Plans","Footwork","Flash of Steel","Terror"],"campfire_rested":0,"item_purchase_floors":[8,8,8,8,21,21,21],"current_hp_per_floor":[63,63,63,57,55,55,55,55,55,55,47,34,34,27,27,19,63,49,49,20,20,20,0],"gold":138,"neow_bonus":"TWO_FIFTY_GOLD","is_prod":false,"is_daily":false,"chose_seed":false,"campfire_upgraded":4,"win_rate":0,"timestamp":1533785025,"path_taken":["M","M","?","?","?","R","M","$","T","R","M","?","R","?","R","BOSS","M","?","M","$","?","E"],"build_version":"2018-08-07v3","purchased_purges":2,"victory":false,"max_hp_per_floor":[63,63,63,63,63,63,63,63,63,63,63,63,63,63,63,63,63,63,63,63,63,44,44],"card_choices":[{"not_picked":["Slice","Masterful Stab"],"picked":"All Out Attack","floor":1},{"not_picked":["Acrobatics","Terror"],"picked":"Slice","floor":2},{"not_picked":["Riddle With Holes","Blade Dance"],"picked":"Dagger Spray","floor":5},{"not_picked":["Reflex","Dagger Throw"],"picked":"Endless Agony","floor":7},{"not_picked":["Tactician","Masterful Stab"],"picked":"Deadly Poison","floor":11},{"not_picked":["Bane","Sucker Punch"],"picked":"Noxious Fumes","floor":14},{"not_picked":["Envenom","Grand Finale"],"picked":"Unload","floor":16},{"not_picked":["Dagger Spray","Outmaneuver"],"picked":"PiercingWail","floor":18},{"not_picked":["Prepared","Flying Knee"],"picked":"Underhanded Strike","floor":20}],"player_experience":611996,"relics_obtained":[{"floor":9,"key":"Snake Skull"},{"floor":14,"key":"Odd Mushroom"}],"event_choices":[{"event_name":"Golden Shrine","player_choice":"Desecrate","floor":3,"damage_taken":0},{"event_name":"FaceTrader","player_choice":"Touch","floor":4,"damage_taken":0},{"event_name":"Shining Light","player_choice":"Entered Light","floor":12,"damage_taken":0},{"event_name":"Mushrooms","player_choice":"Fought Mushrooms","floor":14,"damage_taken":0},{"event_name":"Drug Dealer","player_choice":"Ignored","floor":19,"damage_taken":0},{"event_name":"Vampires","player_choice":"Became a vampire","floor":22,"damage_taken":0}],"is_beta":true,"boss_relics":[{"not_picked":["Busted Crown","Eternal Feather"],"picked":"HoveringKite"}],"items_purged_floors":[8,21],"is_endless":false,"potions_floor_spawned":[2,7,16,18],"killed_by":"Slavers","ascension_level":0}