{"gold_per_floor":[12,24,36,55,20,20,40,71,71,71,88,108,108,125,125,228,228,247,264,174,9,108,108],"floor_reached":23,"playtime":3918,"items_purged":["Strike_B"],"score":195,"play_id":"1ce4d02a-6e65-4353-9b53-cb5dbd5be547","local_time":"20181022114636","is_ascension_mode":false,"campfire_choices":[{"data":"Hologram","floor":6,"key":"SMITH"},{"data":"Enlightenment","floor":10,"key":"SMITH"},{"data":"Magnetism","floor":13,"key":"SMITH"},{"floor":15,"key":"REST"}],"neow_cost":"NO_GOLD","seed_source_timestamp":199078826704339,"circlet_count":0,"master_deck":["Strike_B","Strike_B","Defend_B","Defend_B","Defend_B+1","Defend_B","Zap","Dualcast","Enlightenment+1","Magnetism+1","Go for the Eyes","Hologram+1","Ball Lightning","White Noise","Glacier","Rebound","Double Energy+1","Doom and Gloom","Chaos+1","Core Surge","Gash","Redo+1","Defragment","Conserve Battery+1"],"relics":["Cracked Core","Toxic Egg 2","Pantograph","Runic Pyramid"],"potions_floor_usage":[16,16,19,23],"damage_taken":[{"damage":2,"enemies":"2 Louse","floor":1,"turns":3},{"damage":0,"enemies":"Small Slimes","floor":2,"turns":3},{"damage":9,"enemies":"Cultist","floor":3,"turns":4},{"damage":17,"enemies":"Large Slime","floor":4,"turns":5},{"damage":16,"enemies":"Lots of Slimes","floor":7,"turns":4},{"damage":4,"enemies":"Lagavulin","floor":8,"turns":9},{"damage":11,"enemies":"2 Fungi Beasts","floor":11,"turns":4},{"damage":9,"enemies":"Blue Slaver","floor":12,"turns":3},{"damage":6,"enemies":"Exordium Thugs","floor":14,"turns":5},{"damage":38,"enemies":"The Guardian","floor":16,"turns":10},{"damage":0,"enemies":"Shell Parasite","floor":18,"turns":4},{"damage":30,"enemies":"2 Thieves","floor":19,"turns":4},{"damage":49,"enemies":"Slavers","floor":23,"turns":2}],"seed_played":"-4493487206866569491","potions_obtained":[{"floor":3,"key":"FocusPotion"},{"floor":8,"key":"SkillPotion"},{"floor":11,"key":"Regen Potion"},{"floor":16,"key":"FearPotion"},{"floor":19,"key":"Poison Potion"}],"is_trial":false,"path_per_floor":["M","M","M","M","?","R","M","E","T","R","M","M","R","M","R","B",null,"M","M","?","$","?"],"character_chosen":"DEFECT","items_purchased":["Defragment","Conserve Battery+1"],"campfire_rested":1,"item_purchase_floors":[21,21],"current_hp_per_floor":[73,73,64,47,65,65,49,45,45,45,34,25,25,19,41,40,75,75,45,45,45,45,0],"gold":108,"neow_bonus":"RANDOM_COLORLESS_2","is_prod":false,"is_daily":false,"chose_seed":false,"campfire_upgraded":3,"win_rate":0,"timestamp":1540197996,"path_taken":["M","M","M","M","?","R","M","E","T","R","M","M","R","M","R","BOSS","M","M","?","$","?","E"],"build_version":"2018-10-19","purchased_purges":1,"victory":false,"max_hp_per_floor":[75,75,75,75,75,75,75,75,75,75,75,75,75,75,75,75,75,75,75,75,75,75,75],"card_choices":[{"not_picked":["Gash","Compile Driver"],"picked":"Go for the Eyes","floor":1},{"not_picked":["Auto Shields","Steam"],"picked":"Hologram","floor":2},{"not_picked":["Go for the Eyes","Static Discharge"],"picked":"Ball Lightning","floor":3},{"not_picked":["Barrage","Stack"],"picked":"White Noise","floor":4},{"not_picked":["Tempest","Turbo"],"picked":"Glacier","floor":7},{"not_picked":["Thunder Strike","Coolheaded"],"picked":"Rebound","floor":8},{"not_picked":["Stack+1","Compile Driver"],"picked":"Double Energy+1","floor":11},{"not_picked":["Static Discharge","Recycle+1"],"picked":"Doom and Gloom","floor":12},{"not_picked":["Skim+1","Barrage"],"picked":"Chaos+1","floor":14},{"not_picked":["Meteor Strike","Thunder Strike"],"picked":"Core Surge","floor":16},{"not_picked":["Scrape+1","Steam Power+1"],"picked":"Gash","floor":18},{"not_picked":["Recycle+1","BootSequence+1"],"picked":"Redo+1","floor":19}],"player_experience":816726,"relics_obtained":[{"floor":8,"key":"Toxic Egg 2"},{"floor":9,"key":"Pantograph"}],"event_choices":[{"damage_healed":18,"gold_gain":0,"player_choice":"Healed","damage_taken":0,"max_hp_gain":0,"max_hp_loss":0,"event_name":"The Cleric","floor":5,"gold_loss":35},{"cards_removed":["Strike_B"],"damage_healed":0,"gold_gain":0,"player_choice":"Upgrade and Remove","damage_taken":0,"max_hp_gain":0,"max_hp_loss":0,"event_name":"Designer","floor":20,"gold_loss":90,"cards_upgraded":["Defend_B"]},{"damage_healed":0,"gold_gain":99,"player_choice":"Stole From Cult","damage_taken":0,"max_hp_gain":0,"max_hp_loss":0,"event_name":"Nest","floor":22,"gold_loss":0}],"is_beta":true,"boss_relics":[{"not_picked":["Runic Dome","Orrery"],"picked":"Runic Pyramid"}],"items_purged_floors":[21],"is_endless":false,"potions_floor_spawned":[3,8,11,16,19],"killed_by":"Slavers","ascension_level":0}