{"gold_per_floor":[111,126,136,38,51,76,87,87,87,98,63,98,98,113,113,217,217,235,251,251,14,30,30,55,154,234,234,27,54,8,8,8,103,103,113,0,0,20,20,20,37,37,37,37,37,68,82,97,97,97],"floor_reached":50,"playtime":2518,"items_purged":["Strike_B"],"score":571,"play_id":"18c2a7a9-068e-498e-9163-44e96fb2b9d0","local_time":"20181130020909","is_ascension_mode":true,"campfire_choices":[{"floor":13,"key":"REST"},{"data":"Defragment","floor":15,"key":"SMITH"},{"data":"Fission","floor":23,"key":"SMITH"},{"data":"Hologram","floor":27,"key":"SMITH"},{"data":"Zap","floor":32,"key":"SMITH"},{"data":"Madness","floor":40,"key":"SMITH"},{"data":"Capacitor","floor":42,"key":"SMITH"},{"floor":45,"key":"RECALL"},{"data":"Normality","floor":49,"key":"PURGE"}],"neow_cost":"TEN_PERCENT_HP_LOSS","seed_source_timestamp":841259323790040,"circlet_count":0,"master_deck":["Strike_B","Strike_B","Defend_B","Defend_B","Defend_B","Zap+1","Dualcast","Go for the Eyes","Defragment+1","Sweeping Beam","Conserve Battery","Cold Snap","Seek","Ball Lightning","Stack","Auto Shields","Fission+1","Streamline+1","Turbo","Panache","Steam","Conserve Battery+1","Hologram+1","Electrodynamics","Ball Lightning","Glacier+1","Ball Lightning","Thunder Strike","Barrage","Madness+1","Madness","White Noise+1","Capacitor+1","Hologram+1","Coolheaded"],"relics":["FrozenCore","Peace Pipe","WarpedTongs","PreservedInsect","Juzu Bracelet","Mercury Hourglass","Mummified Hand","Incense Burner","Cursed Key","Red Mask","Question Card","FossilizedHelix"],"potions_floor_usage":[6,12,33,50],"damage_taken":[{"damage":1,"enemies":"Cultist","floor":1,"turns":3},{"damage":8,"enemies":"Jaw Worm","floor":2,"turns":3},{"damage":6,"enemies":"Small Slimes","floor":3,"turns":2},{"damage":12,"enemies":"Exordium Thugs","floor":5,"turns":4},{"damage":26,"enemies":"3 Sentries","floor":6,"turns":8},{"damage":0,"enemies":"2 Fungi Beasts","floor":7,"turns":2},{"damage":2,"enemies":"Exordium Wildlife","floor":10,"turns":3},{"damage":13,"enemies":"Gremlin Nob","floor":12,"turns":3},{"damage":0,"enemies":"3 Louse","floor":14,"turns":3},{"damage":16,"enemies":"The Guardian","floor":16,"turns":11},{"damage":8,"enemies":"3 Byrds","floor":18,"turns":5},{"damage":10,"enemies":"Chosen","floor":19,"turns":5},{"damage":1,"enemies":"Centurion and Healer","floor":22,"turns":6},{"damage":4,"enemies":"Book of Stabbing","floor":24,"turns":4},{"damage":15,"enemies":"Gremlin Leader","floor":29,"turns":4},{"damage":9,"enemies":"Collector","floor":33,"turns":7},{"damage":2,"enemies":"Orb Walker","floor":35,"turns":3},{"damage":12,"enemies":"3 Darklings","floor":38,"turns":5},{"damage":1,"enemies":"4 Shapes","floor":41,"turns":4},{"damage":10,"enemies":"Reptomancer","floor":46,"turns":4},{"damage":14,"enemies":"Writhing Mass","floor":47,"turns":7},{"damage":0,"enemies":"Maw","floor":48,"turns":7},{"damage":27,"enemies":"Awakened One","floor":50,"turns":3}],"seed_played":"-3499476736181660680","potions_obtained":[{"floor":2,"key":"FocusPotion"},{"floor":7,"key":"LiquidBronze"},{"floor":10,"key":"SpeedPotion"},{"floor":16,"key":"Explosive Potion"},{"floor":18,"key":"EssenceOfSteel"},{"floor":33,"key":"Dexterity Potion"},{"floor":35,"key":"SteroidPotion"},{"floor":48,"key":"SteroidPotion"}],"is_trial":false,"path_per_floor":["M","M","M","$","M","E","M","?","T","M","?","E","R","M","R","B",null,"M","M","?","$","M","R","E","?","T","R","$","E","$","?","R","B",null,"M","?","?","M","?","R","M","R","T","$","R","E","M","M","R","B"],"character_chosen":"DEFECT","items_purchased":["Sweeping Beam","Panache","Steam","Electrodynamics","Ball Lightning","Ball Lightning"],"campfire_rested":1,"item_purchase_floors":[4,21,21,28,28,30],"current_hp_per_floor":[67,59,53,53,41,15,15,15,15,13,30,17,37,37,37,21,68,60,50,50,50,49,49,45,45,45,45,45,30,30,30,30,21,68,66,66,57,45,45,45,44,44,44,44,44,34,20,20,20,0],"gold":97,"neow_bonus":"REMOVE_TWO","is_prod":false,"is_daily":false,"chose_seed":false,"campfire_upgraded":6,"win_rate":0,"timestamp":1543532949,"path_taken":["M","M","M","?","M","E","M","?","T","?","?","E","R","M","R","BOSS","M","M","?","$","M","R","E","?","T","R","$","E","?","?","R","BOSS","M","?","?","M","?","R","M","R","T","?","R","E","M","M","R","BOSS"],"build_version":"2018-11-15","purchased_purges":1,"victory":false,"max_hp_per_floor":[68,68,68,68,68,68,68,68,68,68,68,68,68,68,68,68,68,68,68,68,68,68,68,68,68,68,68,68,68,68,68,68,68,68,68,68,68,68,68,68,68,68,68,68,68,68,68,68,68,68],"card_choices":[{"not_picked":["Barrage","Genetic Algorithm"],"picked":"Go for the Eyes","floor":1},{"not_picked":["Turbo","Aggregate"],"picked":"Compile Driver","floor":2},{"not_picked":["Lockon","Turbo"],"picked":"Defragment","floor":3},{"not_picked":["Beam Cell","BootSequence"],"picked":"Conserve Battery","floor":5},{"not_picked":["Steam","Defragment"],"picked":"Cold Snap","floor":6},{"not_picked":["Self Repair","Barrage"],"picked":"Seek","floor":7},{"not_picked":["Blizzard","Gash"],"picked":"Ball Lightning","floor":10},{"not_picked":["Consume","Heatsinks"],"picked":"Stack","floor":12},{"not_picked":["Chaos","Conserve Battery"],"picked":"Auto Shields","floor":14},{"not_picked":["Seek","Buffer"],"picked":"Fission","floor":16},{"not_picked":["Heatsinks","Go for the Eyes"],"picked":"Streamline+1","floor":18},{"not_picked":["Double Energy+1","Gash"],"picked":"Turbo","floor":19},{"not_picked":["Cold Snap","Seek"],"picked":"Conserve Battery+1","floor":22},{"not_picked":["Multi-Cast","Gash"],"picked":"Hologram","floor":24},{"not_picked":["Compile Driver","Redo+1"],"picked":"Glacier+1","floor":29},{"not_picked":["Hyperbeam","Electrodynamics"],"picked":"Thunder Strike","floor":33},{"not_picked":["Stack","Go for the Eyes"],"picked":"Barrage","floor":35},{"not_picked":["Doom and Gloom","Skim"],"picked":"White Noise+1","floor":38},{"not_picked":["Gash+1","Ball Lightning+1"],"picked":"Capacitor","floor":41},{"not_picked":["Self Repair","Barrage","Skim","Ball Lightning"],"picked":"SKIP","floor":46},{"not_picked":["Compile Driver","BootSequence+1","Cold Snap"],"picked":"Hologram+1","floor":47},{"not_picked":["Double Energy+1","Barrage+1","Cold Snap"],"picked":"Coolheaded","floor":48}],"player_experience":943332,"relics_obtained":[{"floor":6,"key":"Peace Pipe"},{"floor":9,"key":"PreservedInsect"},{"floor":12,"key":"Juzu Bracelet"},{"floor":24,"key":"Mercury Hourglass"},{"floor":26,"key":"Mummified Hand"},{"floor":29,"key":"Incense Burner"},{"floor":43,"key":"Question Card"},{"floor":46,"key":"FossilizedHelix"}],"event_choices":[{"damage_healed":0,"gold_gain":0,"player_choice":"Rummage","damage_taken":0,"relics_obtained":["WarpedTongs"],"max_hp_gain":0,"max_hp_loss":0,"event_name":"Accursed Blacksmith","floor":8,"gold_loss":0,"cards_obtained":["Pain"]},{"damage_healed":17,"gold_gain":0,"player_choice":"Healed","damage_taken":0,"max_hp_gain":0,"max_hp_loss":0,"event_name":"The Cleric","floor":11,"gold_loss":35},{"cards_removed":["Pain"],"damage_healed":0,"gold_gain":0,"player_choice":"Elegance","damage_taken":0,"max_hp_gain":0,"max_hp_loss":0,"event_name":"Back to Basics","floor":20,"gold_loss":0},{"damage_healed":0,"gold_gain":99,"player_choice":"Stole From Cult","damage_taken":0,"max_hp_gain":0,"max_hp_loss":0,"event_name":"Nest","floor":25,"gold_loss":0},{"damage_healed":0,"gold_gain":0,"player_choice":"Ignored","damage_taken":0,"max_hp_gain":0,"max_hp_loss":0,"event_name":"Vampires","floor":31,"gold_loss":0},{"damage_healed":0,"gold_gain":0,"player_choice":"Paid","damage_taken":0,"relics_obtained":["Red Mask"],"max_hp_gain":0,"max_hp_loss":0,"event_name":"Tomb of Lord Red Mask","floor":36,"gold_loss":113},{"damage_healed":0,"gold_gain":0,"player_choice":"Embrace Madness","damage_taken":9,"max_hp_gain":0,"max_hp_loss":0,"event_name":"Winding Halls","floor":37,"gold_loss":0,"cards_obtained":["Madness","Madness"]},{"cards_removed":["Compile Driver"],"damage_healed":0,"gold_gain":0,"player_choice":"Removed Attack","damage_taken":0,"max_hp_gain":0,"max_hp_loss":0,"event_name":"Falling","floor":39,"gold_loss":0}],"is_beta":true,"boss_relics":[{"not_picked":["Inserter","Lizard Tail"],"picked":"FrozenCore"},{"not_picked":["Snecko Eye","Busted Crown"],"picked":"Cursed Key"}],"items_purged_floors":[4],"is_endless":false,"potions_floor_spawned":[2,7,10,16,18,33,35,48],"killed_by":"Awakened One","ascension_level":1}