{"gold_per_floor":[109,59,59,82,102,141,121,121,121,121,141,155,180,180,180,306,306,329,329,136,136,160,160,175,175,175,187,187,200,255,275,275,378,378,396,496,339,358,376,411,428,458,458,458,481,509,527,17,17,17],"floor_reached":51,"playtime":4004,"items_purged":[],"score":1476,"play_id":"59a0ea0b-d43c-4194-9ed2-a1abb69b7dad","local_time":"20190805110731","is_ascension_mode":true,"campfire_choices":[{"data":"Sunder","floor":8.0,"key":"SMITH"},{"data":"Zap","floor":10.0,"key":"SMITH"},{"data":"Defragment","floor":15.0,"key":"SMITH"},{"data":"Coolheaded","floor":23.0,"key":"SMITH"},{"data":"Rainbow","floor":32.0,"key":"SMITH"},{"floor":44.0,"key":"REST"},{"data":"Rainbow","floor":49.0,"key":"SMITH"}],"neow_cost":"NONE","seed_source_timestamp":438736014003500,"circlet_count":0,"master_deck":["AscendersBane","Zap+1","Sunder+1","Streamline","Ball Lightning","Sweeping Beam+1","Go for the Eyes+1","Compile Driver+1","Defragment+1","Rainbow+1","Auto Shields","Thunder Strike+1","Scrape+1","Leap","Rainbow+1","Coolheaded+1","Leap","Chill","Auto Shields","Hologram+1","All For One+1","Glacier+1","Gash+1","FTL+1","Conserve Battery","Consume","Cold Snap+1","Coolheaded+1"],"special_seed":0,"relics":["Philosopher\u0027s Stone","Bloody Idol","Molten Egg 2","Centennial Puzzle","Odd Mushroom","Meat on the Bone","Pandora\u0027s Box","Pen Nib","Blood Vial","Tiny Chest","Astrolabe","Strawberry","Ancient Tea Set","Ornamental Fan","Vajra","Boot","Sundial","ClockworkSouvenir","StoneCalendar"],"potions_floor_usage":[50,50],"damage_taken":[{"damage":3.0,"enemies":"2 Louse","floor":1.0,"turns":2.0},{"damage":6.0,"enemies":"Jaw Worm","floor":4.0,"turns":4.0},{"damage":0.0,"enemies":"Small Slimes","floor":5.0,"turns":2.0},{"damage":11.0,"enemies":"Lagavulin","floor":6.0,"turns":4.0},{"damage":5.0,"enemies":"2 Fungi Beasts","floor":11.0,"turns":2.0},{"damage":7.0,"enemies":"Looter","floor":12.0,"turns":2.0},{"damage":5.0,"enemies":"The Mushroom Lair","floor":13.0,"turns":2.0},{"damage":24.0,"enemies":"Hexaghost","floor":16.0,"turns":6.0},{"damage":1.0,"enemies":"2 Thieves","floor":18.0,"turns":2.0},{"damage":14.0,"enemies":"3 Byrds","floor":22.0,"turns":4.0},{"damage":0.0,"enemies":"Snecko","floor":24.0,"turns":3.0},{"damage":7.0,"enemies":"Chosen and Byrds","floor":27.0,"turns":4.0},{"damage":21.0,"enemies":"Snake Plant","floor":29.0,"turns":3.0},{"damage":30.0,"enemies":"Gremlin Leader","floor":30.0,"turns":6.0},{"damage":8.0,"enemies":"Shelled Parasite and Fungi","floor":31.0,"turns":4.0},{"damage":29.0,"enemies":"Automaton","floor":33.0,"turns":8.0},{"damage":14.0,"enemies":"3 Darklings","floor":35.0,"turns":4.0},{"damage":0.0,"enemies":"3 Shapes","floor":38.0,"turns":4.0},{"damage":22.0,"enemies":"Maw","floor":39.0,"turns":7.0},{"damage":25.0,"enemies":"Nemesis","floor":40.0,"turns":8.0},{"damage":17.0,"enemies":"Writhing Mass","floor":41.0,"turns":8.0},{"damage":45.0,"enemies":"Reptomancer","floor":42.0,"turns":7.0},{"damage":27.0,"enemies":"Nemesis","floor":46.0,"turns":9.0},{"damage":13.0,"enemies":"4 Shapes","floor":47.0,"turns":4.0},{"damage":42,"enemies":"Donu and Deca","floor":50,"turns":9}],"seed_played":"-7517164579874296605","potions_obtained":[{"floor":1.0,"key":"Energy Potion"},{"floor":4.0,"key":"PowerPotion"},{"floor":7.0,"key":"Strength Potion"},{"floor":18.0,"key":"AttackPotion"},{"floor":22.0,"key":"SpeedPotion"},{"floor":24.0,"key":"Strength Potion"},{"floor":31.0,"key":"GamblersBrew"},{"floor":35.0,"key":"PowerPotion"},{"floor":38.0,"key":"PowerPotion"},{"floor":46.0,"key":"AttackPotion"}],"is_trial":false,"path_per_floor":["M","?","?","M","M","E","?","R","T","R","M","M","?","T","R","B",null,"M","?","$","?","M","R","M","?","T","M","$","M","E","M","R","B",null,"M","?","$","M","M","E","M","E","T","R","T","E","M","$","R","B",null],"character_chosen":"DEFECT","items_purchased":["Coolheaded","Pen Nib","Strawberry","ClockworkSouvenir","StoneCalendar"],"campfire_rested":1,"item_purchase_floors":[20,20,37,48,48],"current_hp_per_floor":[65,65,65,59,59,48,48,48,48,48,43,36,31,31,31,19,57,56,56,56,56,42,42,42,42,42,42,42,40,34,45,45,35,61,54,59,66,73,58,52,54,28,28,50,55,47,53,53,53,25],"gold":17,"neow_bonus":"BOSS_RELIC","is_prod":false,"is_daily":false,"chose_seed":false,"campfire_upgraded":6,"win_rate":0,"timestamp":1565021251,"path_taken":["M","?","?","M","M","E","?","R","T","R","?","?","?","?","R","BOSS","M","?","$","?","?","R","M","?","T","M","?","?","E","M","R","BOSS","M","?","?","?","M","E","M","E","T","R","?","E","M","$","R","BOSS"],"build_version":"2019-07-17","purchased_purges":0,"victory":true,"max_hp_per_floor":[75,75,69,69,69,69,69,69,69,69,69,69,69,69,69,69,69,69,69,69,69,69,69,69,69,69,69,69,69,69,69,69,69,69,69,69,76,76,76,76,76,76,76,76,76,76,76,76,76,76],"card_choices":[{"not_picked":["Chill","Leap"],"picked":"Sunder","floor":1.0},{"not_picked":["Chill","Conserve Battery"],"picked":"Streamline","floor":4.0},{"not_picked":["Coolheaded","Steam Power"],"picked":"Ball Lightning","floor":5.0},{"not_picked":["Darkness","Reboot"],"picked":"Sweeping Beam","floor":6.0},{"not_picked":["Conserve Battery","Defragment"],"picked":"Go for the Eyes+1","floor":11.0},{"not_picked":["Fusion","Loop"],"picked":"Compile Driver+1","floor":12.0},{"not_picked":["Steam Power","Steam"],"picked":"Defragment","floor":13.0},{"not_picked":["Multi-Cast","Machine Learning"],"picked":"Rainbow","floor":16.0},{"not_picked":["Redo","Chaos","Fusion"],"picked":"SKIP","floor":18.0},{"not_picked":["Redo","Doom and Gloom+1","Blizzard+1"],"picked":"SKIP","floor":22.0},{"not_picked":["Sweeping Beam+1","Compile Driver+1"],"picked":"Chill","floor":24.0},{"not_picked":["Melter+1","Streamline+1","Genetic Algorithm"],"picked":"SKIP","floor":27.0},{"not_picked":["Turbo","Rip and Tear+1"],"picked":"Auto Shields","floor":29.0},{"not_picked":["Gash+1","Redo"],"picked":"Go for the Eyes+1","floor":30.0},{"not_picked":["Static Discharge","Consume"],"picked":"Hologram+1","floor":31.0},{"not_picked":["Hyperbeam+1","Seek"],"picked":"All For One+1","floor":33.0},{"not_picked":["Leap","Static Discharge"],"picked":"Conserve Battery","floor":35.0},{"not_picked":["Undo","Double Energy"],"picked":"Consume","floor":38.0},{"not_picked":["Sweeping Beam+1","Double Energy","Compile Driver+1"],"picked":"SKIP","floor":39.0},{"not_picked":["Chaos","Coolheaded"],"picked":"Cold Snap+1","floor":40.0},{"not_picked":["Aggregate","Skim"],"picked":"Coolheaded+1","floor":41.0},{"not_picked":["Chaos","Barrage+1","Force Field"],"picked":"SKIP","floor":42.0},{"not_picked":["Doom and Gloom+1","Compile Driver+1","Rip and Tear+1"],"picked":"SKIP","floor":46.0},{"not_picked":["Coolheaded","Barrage+1","Aggregate"],"picked":"SKIP","floor":47.0}],"player_experience":318023,"relics_obtained":[{"floor":6.0,"key":"Molten Egg 2"},{"floor":9.0,"key":"Centennial Puzzle"},{"floor":13.0,"key":"Odd Mushroom"},{"floor":14.0,"key":"Meat on the Bone"},{"floor":26.0,"key":"Blood Vial"},{"floor":30.0,"key":"Tiny Chest"},{"floor":40.0,"key":"Ancient Tea Set"},{"floor":42.0,"key":"Ornamental Fan"},{"floor":43.0,"key":"Vajra"},{"floor":45.0,"key":"Boot"},{"floor":46.0,"key":"Sundial"}],"event_choices":[{"cards_removed":["Strike_B"],"damage_healed":0.0,"max_hp_gain":0.0,"max_hp_loss":0.0,"gold_gain":0.0,"event_name":"The Cleric","player_choice":"Card Removal","floor":2.0,"gold_loss":50.0,"damage_taken":0.0},{"damage_healed":0.0,"max_hp_gain":0.0,"max_hp_loss":6.0,"gold_gain":0.0,"event_name":"Golden Idol","player_choice":"Lose Max HP","floor":3.0,"gold_loss":0.0,"damage_taken":0.0,"relics_obtained":["Golden Idol"]},{"damage_healed":0.0,"max_hp_gain":0.0,"max_hp_loss":0.0,"gold_gain":0.0,"event_name":"The Woman in Blue","player_choice":"Bought 1 Potion","floor":7.0,"gold_loss":0.0,"damage_taken":0.0},{"damage_healed":0.0,"max_hp_gain":0.0,"max_hp_loss":0.0,"gold_gain":0.0,"event_name":"Mushrooms","player_choice":"Fought Mushrooms","floor":13.0,"gold_loss":0.0,"damage_taken":0.0},{"cards_removed":["Fusion"],"damage_healed":0.0,"max_hp_gain":0.0,"max_hp_loss":0.0,"gold_gain":0.0,"event_name":"Back to Basics","player_choice":"Elegance","floor":19.0,"gold_loss":0.0,"damage_taken":0.0},{"damage_healed":0.0,"max_hp_gain":0.0,"max_hp_loss":0.0,"gold_gain":0.0,"event_name":"The Library","player_choice":"Read","floor":21.0,"gold_loss":0.0,"damage_taken":0.0,"cards_obtained":["Leap"]},{"damage_healed":0.0,"max_hp_gain":0.0,"max_hp_loss":0.0,"gold_gain":0.0,"event_name":"Forgotten Altar","player_choice":"Gave Idol","floor":25.0,"relics_lost":["Golden Idol"],"gold_loss":0.0,"damage_taken":0.0,"relics_obtained":["Bloody Idol"]},{"damage_healed":0.0,"max_hp_gain":0.0,"max_hp_loss":0.0,"gold_gain":100.0,"event_name":"Golden Shrine","player_choice":"Pray","floor":36.0,"gold_loss":0.0,"damage_taken":0.0}],"is_beta":false,"boss_relics":[{"not_picked":["Fusion Hammer","Busted Crown"],"picked":"Pandora\u0027s Box"},{"not_picked":["Empty Cage","Runic Dome"],"picked":"Astrolabe"}],"items_purged_floors":[],"is_endless":false,"potions_floor_spawned":[1,4,11,12,18,22,24,31,35,38,46,47],"ascension_level":12}