{"path_per_floor":["M","M","$","?","?","R","M","R","T","M","R","M","M","M","R","B",null,"M","?","?","M","M"],"character_chosen":"IRONCLAD","items_purchased":["Whetstone","Shrug It Off","Flex","Sword Boomerang"],"gold_per_floor":[364,377,1,1,1,1,17,17,72,89,89,99,118,133,133,232,232,251,251,166,179,193,193],"floor_reached":23,"campfire_rested":0,"playtime":3896,"current_hp_per_floor":[75,72,72,72,56,56,52,52,52,56,56,62,62,66,66,39,80,74,80,80,62,39,0],"items_purged":["Writhe"],"gold":193,"score":185,"play_id":"2635d16b-04b3-4575-b06a-04bf40b1900e","local_time":"20180510145641","is_prod":false,"is_daily":false,"chose_seed":false,"is_ascension_mode":false,"campfire_upgraded":4,"timestamp":1525953401,"path_taken":["M","M","$","?","?","R","M","R","T","M","R","?","M","M","R","BOSS","M","?","?","M","M","E"],"build_version":"2018-05-09","seed_source_timestamp":924048881717916,"purchased_purges":1,"victory":false,"master_deck":["Strike_R","Strike_R+1","Strike_R","Strike_R+1","Strike_R+1","Defend_R","Defend_R","Defend_R","Defend_R","Bash","Iron Wave+1","Sword Boomerang+1","Shrug It Off+1","Flex+1","Sword Boomerang","Hemokinesis+1","Seeing Red","Spot Weakness+1","Exhume","Limit Break","Inflame","Writhe","Shrug It Off","Rage"],"max_hp_per_floor":[80,80,80,80,80,80,80,80,80,80,80,80,80,80,80,80,80,80,86,86,86,86,86],"relics":["Burning Blood","Whetstone","Anchor","Philosopher\u0027s Stone","Darkstone Periapt","Girya"],"card_choices":[{"not_picked":["Heavy Blade","Blood for Blood"],"picked":"Iron Wave","floor":1},{"not_picked":["Wild Strike","Second Wind"],"picked":"Sword Boomerang","floor":2},{"not_picked":["Anger","Sword Boomerang"],"picked":"Hemokinesis","floor":7},{"not_picked":["Rupture","Cleave"],"picked":"Seeing Red","floor":12},{"not_picked":["Anger","Corruption"],"picked":"Spot Weakness","floor":13},{"not_picked":["Uppercut","Flame Barrier"],"picked":"Exhume","floor":14},{"not_picked":["Berserk","Reaper"],"picked":"Limit Break","floor":16},{"not_picked":["Sword Boomerang","Reckless Charge"],"picked":"Inflame","floor":18},{"not_picked":["Armaments","Dual Wield"],"picked":"Shrug It Off","floor":21},{"not_picked":["Sword Boomerang","Pommel Strike"],"picked":"Rage","floor":22}],"player_experience":416355,"potions_floor_usage":[23,23,23],"damage_taken":[{"damage":11,"enemies":"Jaw Worm","floor":1,"turns":3},{"damage":9,"enemies":"Cultist","floor":2,"turns":4},{"damage":10,"enemies":"Small Slimes","floor":7,"turns":2},{"damage":2,"enemies":"3 Louse","floor":10,"turns":3},{"damage":0,"enemies":"2 Fungi Beasts","floor":12,"turns":2},{"damage":6,"enemies":"Exordium Thugs","floor":13,"turns":3},{"damage":2,"enemies":"Blue Slaver","floor":14,"turns":2},{"damage":33,"enemies":"The Guardian","floor":16,"turns":7},{"damage":12,"enemies":"Chosen","floor":18,"turns":5},{"damage":24,"enemies":"Shell Parasite","floor":21,"turns":3},{"damage":29,"enemies":"3 Cultists","floor":22,"turns":4},{"damage":49,"enemies":"Slavers","floor":23,"turns":3}],"event_choices":[{"event_name":"Accursed Blacksmith","player_choice":"Forge","floor":4,"damage_taken":0},{"event_name":"Shining Light","player_choice":"Entered Light","floor":5,"damage_taken":0},{"event_name":"The Mausoleum","player_choice":"Yes","floor":19,"damage_taken":0},{"event_name":"Addict","player_choice":"Obtained Relic","floor":20,"damage_taken":0}],"boss_relics":[{"not_picked":["Velvet Choker","Black Star"],"picked":"Philosopher\u0027s Stone"}],"potions_floor_spawned":[12,13,14,21,22],"seed_played":"8531857832454813324","killed_by":"Slavers","ascension_level":0,"is_trial":false}