{"path_per_floor":["M","M","?","M","?","R","?","R","T","M","M","?","R","M","R","B",null,"M","M","?","?","M"],"character_chosen":"DEFECT","items_purchased":[],"gold_per_floor":[116,128,128,147,147,147,147,147,173,185,202,152,152,167,167,264,264,278,290,290,213,227,227],"floor_reached":23,"campfire_rested":0,"playtime":1116,"item_purchase_floors":[],"current_hp_per_floor":[75,74,79,77,70,70,70,70,70,64,48,48,48,46,46,29,80,58,37,63,63,38,0],"items_purged":[],"gold":227,"score":183,"play_id":"ce03daa6-1d68-4c09-97b3-a9664f7ec6ee","local_time":"20180619074557","is_prod":false,"is_daily":false,"chose_seed":false,"is_ascension_mode":false,"campfire_upgraded":4,"win_rate":0,"timestamp":1529383557,"campfire_choices":[{"data":"Zap","floor":6,"key":"SMITH"},{"data":"Redo","floor":8,"key":"SMITH"},{"data":"Beam Cell","floor":13,"key":"SMITH"},{"data":"Go for the Eyes","floor":15,"key":"SMITH"}],"path_taken":["M","M","?","M","?","R","?","R","T","M","M","?","R","M","R","BOSS","M","M","?","?","M","?"],"build_version":"2018-06-14v2","seed_source_timestamp":0,"purchased_purges":0,"victory":false,"master_deck":["Strike_B","Strike_B","Strike_B","Defend_B","Defend_B","Defend_B","Zap+1","Dualcast+1","Beam Cell+1","Go for the Eyes+1","Redo+1","Turbo","Ball Lightning","Gash","Echo Form","Sweeping Beam","Gash","Turbo","Loop","Loop","Coolheaded","Barrage","J.A.X.","Rip and Tear"],"max_hp_per_floor":[75,75,80,80,80,80,80,80,80,80,80,80,80,80,80,80,80,80,80,80,80,80,80],"special_seed":0,"relics":["Cracked Core","Lantern","Omamori","Orrery"],"card_choices":[{"not_picked":["Genetic Algorithm","Leap"],"picked":"Beam Cell","floor":1.0},{"not_picked":["Coolheaded","Sweeping Beam"],"picked":"Go for the Eyes","floor":2},{"not_picked":["Compile Driver","Self Repair"],"picked":"Redo","floor":4},{"not_picked":["Conserve Battery","Reinforced Body"],"picked":"Turbo","floor":10},{"not_picked":["Capacitor","Barrage"],"picked":"Ball Lightning","floor":11},{"not_picked":["Beam Cell","Thunder Strike"],"picked":"Gash","floor":14},{"not_picked":["Multi-Cast","Machine Learning"],"picked":"Echo Form","floor":16},{"not_picked":["Beam Cell","Go for the Eyes"],"picked":"Sweeping Beam","floor":17},{"not_picked":["Storm","Stack"],"picked":"Gash","floor":17},{"not_picked":["Consume","Sweeping Beam"],"picked":"Turbo","floor":17},{"not_picked":["Steam","Rebound"],"picked":"Loop","floor":17},{"not_picked":["Gash","Barrage"],"picked":"Loop","floor":17},{"not_picked":["Storm+1","Gash"],"picked":"Coolheaded","floor":18},{"not_picked":["Compile Driver+1","Go for the Eyes"],"picked":"Barrage","floor":19},{"not_picked":["Storm+1","Beam Cell+1"],"picked":"Rip and Tear","floor":22}],"player_experience":524299,"potions_floor_usage":[16,16],"damage_taken":[{"damage":0.0,"enemies":"Small Slimes","floor":1.0,"turns":3.0},{"damage":1.0,"enemies":"Jaw Worm","floor":2.0,"turns":3.0},{"damage":2,"enemies":"2 Louse","floor":4,"turns":2},{"damage":6,"enemies":"Large Slime","floor":10,"turns":4},{"damage":16,"enemies":"Exordium Wildlife","floor":11,"turns":4},{"damage":2,"enemies":"3 Louse","floor":14,"turns":2},{"damage":17,"enemies":"Slime Boss","floor":16,"turns":9},{"damage":22,"enemies":"3 Byrds","floor":18,"turns":4},{"damage":21,"enemies":"Spheric Guardian","floor":19,"turns":5},{"damage":25,"enemies":"Snecko","floor":22,"turns":4},{"damage":42,"enemies":"Snake Plant","floor":23,"turns":3}],"relics_obtained":[{"floor":9,"key":"Omamori"}],"event_choices":[{"event_name":"Big Fish","player_choice":"Donut","floor":3,"damage_taken":0},{"event_name":"Golden Wing","player_choice":"Card Removal","floor":5,"damage_taken":0},{"event_name":"Upgrade Shrine","player_choice":"Upgraded","floor":7,"damage_taken":0},{"event_name":"The Cleric","player_choice":"Card Removal","floor":12,"damage_taken":0},{"event_name":"The Library","player_choice":"Heal","floor":20,"damage_taken":0},{"event_name":"Drug Dealer","player_choice":"Got JAXXED","floor":21,"damage_taken":0}],"boss_relics":[{"not_picked":["Nuclear Battery","Empty Cage"],"picked":"Orrery"}],"items_purged_floors":[],"is_endless":true,"potions_floor_spawned":[1,4,10],"seed_played":"-6205627810362227401","killed_by":"Snake Plant","ascension_level":0,"potions_obtained":[{"floor":1.0,"key":"Ancient Potion"},{"floor":4,"key":"Dexterity Potion"},{"floor":10,"key":"SpeedPotion"}],"is_trial":false}