{"path_per_floor":["M","?","?","M","M","R","M","R","T","$","E","M","E","T","R","B",null,"M","?","$","M","M","R","M","R","T","R","?","M","$","E","R","B",null,"M","?","M","$","M","R","E","M","T","M","$","R","E","M","R","B"],"character_chosen":"IRONCLAD","items_purchased":["Intimidate","Sever Soul","Shrug It Off"],"gold_per_floor":[16,16,16,27,47,47,67,67,67,29,59,79,107,107,107,208,208,228,228,74,84,95,95,106,106,106,106,106,119,19,48,48,146,146,160,211,225,50,69,69,97,110,140,151,1,1,28,45,45,45],"floor_reached":51,"campfire_rested":1,"playtime":2231,"current_hp_per_floor":[96,96,89,84,83,83,75,75,75,75,60,50,45,45,45,37,96,96,87,87,84,86,86,79,79,79,79,79,89,89,71,71,34,114,114,89,86,86,91,91,86,81,81,84,84,84,70,57,97,56],"items_purged":["Strike_R","Strike_R","Strike_R","Strike_R"],"gold":45,"score":812,"play_id":"3020857a-e1de-4d40-a202-9966e8db90aa","local_time":"20180414132903","is_prod":false,"is_daily":false,"chose_seed":false,"is_ascension_mode":false,"campfire_upgraded":9,"timestamp":1523701743,"path_taken":["M","?","?","M","?","R","M","R","T","?","E","M","E","?","R","BOSS","M","?","?","M","M","R","M","R","T","R","?","?","$","E","R","BOSS","M","?","?","$","M","R","E","M","T","M","?","R","E","?","R","BOSS"],"build_version":"2018-04-13","seed_source_timestamp":150088077761216,"purchased_purges":4,"victory":true,"master_deck":["Strike_R","Defend_R","Defend_R+1","Defend_R+1","Bash+1","Clothesline+1","Corruption+1","Sentinel","Dropkick","Intimidate","Iron Wave+1","Carnage+1","Feed+1","Headbutt+1","Sever Soul+1","Heavy Blade+1","Iron Wave+1","Rampage+1","Disarm+1","Shrug It Off","Bludgeon","Shrug It Off","Flame Barrier","Shockwave+1","Shrug It Off","Demon Form+1","Shockwave+1","Pommel Strike+1","Ghostly Armor+1"],"max_hp_per_floor":[96,96,96,96,96,96,96,96,96,96,96,96,96,96,96,96,96,96,96,96,99,102,102,106,106,106,106,106,110,110,114,114,114,114,114,118,122,122,122,122,126,130,130,134,134,134,136,136,136,136],"relics":["Burning Blood","Gremlin Horn","Champion Belt","War Paint","Mercury Hourglass","Mark of Pain","Gambling Chip","Darkstone Periapt","Sozu","Shovel","Question Card","Tiny Chest","Singing Bowl"],"card_choices":[{"not_picked":["Flex","Perfected Strike"],"picked":"Clothesline","floor":1},{"not_picked":["Body Slam","Cleave"],"picked":"Corruption","floor":4},{"not_picked":["Metallicize","Evolve"],"picked":"Sentinel","floor":5},{"not_picked":["Twin Strike","Rage"],"picked":"Dropkick","floor":7},{"not_picked":["Havoc","Second Wind"],"picked":"Iron Wave","floor":11},{"not_picked":["Rupture","Clothesline"],"picked":"Carnage","floor":12},{"not_picked":["Fiend Fire","Berserk"],"picked":"Feed","floor":16},{"not_picked":["Heavy Blade","Carnage"],"picked":"Headbutt","floor":18},{"not_picked":["Reckless Charge","Headbutt"],"picked":"Heavy Blade","floor":21},{"not_picked":["Armaments","Reckless Charge"],"picked":"Iron Wave","floor":22},{"not_picked":["Inflame","Thunderclap"],"picked":"Rampage","floor":24},{"not_picked":["Iron Wave","True Grit"],"picked":"Shrug It Off","floor":31},{"not_picked":["Feed","Limit Break"],"picked":"Bludgeon","floor":33},{"not_picked":["Perfected Strike","Anger"],"picked":"Shrug It Off","floor":35},{"not_picked":["Heavy Blade","Havoc"],"picked":"Flame Barrier","floor":36},{"not_picked":["Twin Strike","Reckless Charge"],"picked":"Shockwave","floor":37},{"not_picked":["Flex","Infernal Blade"],"picked":"Demon Form","floor":39},{"not_picked":["Body Slam","Armaments","Evolve"],"picked":"Shockwave","floor":42},{"not_picked":["Second Wind","Clash","Combust"],"picked":"Pommel Strike","floor":44},{"not_picked":["Reckless Charge","Sword Boomerang","Pummel"],"picked":"Ghostly Armor","floor":48}],"player_experience":347621,"potions_floor_usage":[16,18,31,33,33,48],"damage_taken":[{"damage":1,"enemies":"Jaw Worm","floor":1,"turns":5},{"damage":11,"enemies":"2 Louse","floor":4,"turns":3},{"damage":7,"enemies":"Cultist","floor":5,"turns":4},{"damage":14,"enemies":"Gremlin Gang","floor":7,"turns":6},{"damage":21,"enemies":"Gremlin Nob","floor":11,"turns":5},{"damage":16,"enemies":"Exordium Thugs","floor":12,"turns":5},{"damage":11,"enemies":"Lagavulin","floor":13,"turns":7},{"damage":14,"enemies":"Hexaghost","floor":16,"turns":8},{"damage":0,"enemies":"Chosen","floor":18,"turns":4},{"damage":12,"enemies":"Spheric Guardian","floor":21,"turns":4},{"damage":7,"enemies":"Cultist and Chosen","floor":22,"turns":5},{"damage":17,"enemies":"Slaver and Parasite","floor":24,"turns":7},{"damage":0,"enemies":"3 Cultists","floor":29,"turns":4},{"damage":28,"enemies":"Gremlin Leader","floor":31,"turns":6},{"damage":43,"enemies":"Champ","floor":33,"turns":10},{"damage":6,"enemies":"Flame Bruiser 1 Orb","floor":35,"turns":5},{"damage":35,"enemies":"Mysterious Sphere","floor":36,"turns":5},{"damage":13,"enemies":"3 Shapes","floor":37,"turns":3},{"damage":1,"enemies":"Maw","floor":39,"turns":6},{"damage":15,"enemies":"Nemesis","floor":41,"turns":5},{"damage":15,"enemies":"Flame Bruiser 2 Orb","floor":42,"turns":5},{"damage":7,"enemies":"4 Shapes","floor":44,"turns":4},{"damage":22,"enemies":"Giant Head","floor":47,"turns":7},{"damage":19,"enemies":"Spire Growth","floor":48,"turns":5},{"damage":47,"enemies":"Time Eater","floor":50,"turns":9}],"event_choices":[{"event_name":"Living Wall","player_choice":"Grow","floor":2,"damage_taken":0},{"event_name":"Golden Wing","player_choice":"Card Removal","floor":3,"damage_taken":0},{"event_name":"Wheel of Change","player_choice":"Damage","floor":19,"damage_taken":0},{"event_name":"The Library","player_choice":"Read","floor":28,"damage_taken":0},{"event_name":"Mysterious Sphere","player_choice":"Fight","floor":36,"damage_taken":0}],"boss_relics":[{"not_picked":["Cursed Key","Calling Bell"],"picked":"Mark of Pain"},{"not_picked":["Runic Cube","Astrolabe"],"picked":"Sozu"}],"potions_floor_spawned":[7,12,21,24,29,33,35,36,42,47],"seed_played":"-6779554105584948395","ascension_level":0,"is_trial":false}