{"path_per_floor":["M","$","?","M","$","R","M","E","T","R","M","M","$","M","R","B",null,"M","?","M","$","M","R","E","?","T","M","M","?","M","?","R"],"character_chosen":"IRONCLAD","items_purchased":["Warcry","Shrug It Off","Pear","Disarm","Metallicize"],"gold_per_floor":[109,12,187,205,57,57,72,104,404,404,415,432,15,32,32,131,131,143,58,74,1,21,21,56,56,81,94,107,32,47,47,47],"floor_reached":33,"campfire_rested":1,"playtime":1539,"current_hp_per_floor":[80,80,80,80,80,80,80,58,58,58,48,47,57,63,63,38,90,73,73,60,60,59,59,41,25,25,47,25,25,19,19,46],"items_purged":["Doubt","Doubt","Strike_R"],"gold":47,"score":295,"play_id":"48699c2f-f852-4f0b-b585-a84e22a97669","is_prod":false,"is_daily":false,"is_ascension_mode":false,"campfire_upgraded":4,"path_taken":["M","$","?","M","?","R","M","E","T","R","M","M","$","M","R","BOSS","M","?","M","?","M","R","E","?","T","M","?","?","M","?","R","BOSS"],"build_version":"2018-02-08-BETA1","purchased_purges":3,"victory":false,"master_deck":["Defend_R","Defend_R","Defend_R","Defend_R","Bash","Demon Form+1","Warcry","Armaments+1","Shrug It Off","Cleave","Seeing Red+1","Flame Barrier+1","Disarm","Limit Break","Twin Strike+1","Seeing Red+1","Metallicize","Heavy Blade+1","Spot Weakness+1","Inflame","Reckless Charge","Clothesline","Bite","Bite","Bite","Bite","Bite"],"max_hp_per_floor":[80,80,80,80,80,80,80,80,80,80,80,80,90,90,90,90,90,90,90,90,90,90,90,90,90,90,90,90,90,93,93,93],"relics":["Burning Blood","Unceasing Top","Ornamental Fan","Old Coin","Pear","Runic Dome","Paper Frog","Nilry\u0027s Codex","Anchor"],"card_choices":[{"not_picked":["Flex","Warcry"],"picked":"Demon Form"},{"not_picked":["Spot Weakness","Dual Wield"],"picked":"Armaments"},{"not_picked":["Warcry","Armaments"],"picked":"Cleave"},{"not_picked":["Sword Boomerang","Juggernaut"],"picked":"Seeing Red"},{"not_picked":["Sword Boomerang","Clash"],"picked":"Flame Barrier"},{"not_picked":["Exhume","Juggernaut"],"picked":"Limit Break"},{"not_picked":["Rage","Wild Strike"],"picked":"Twin Strike"},{"not_picked":["Headbutt","True Grit"],"picked":"Seeing Red"},{"not_picked":["Hemokinesis","Evolve"],"picked":"Heavy Blade"},{"not_picked":["Uppercut","Sword Boomerang"],"picked":"Spot Weakness"},{"not_picked":["Flame Barrier","Warcry"],"picked":"Inflame"},{"not_picked":["Heavy Blade","Flex"],"picked":"Reckless Charge"},{"not_picked":["Wild Strike","Metallicize"],"picked":"Clothesline"}],"player_experience":205451,"potions_floor_usage":[8,16,18,24,24,30],"damage_taken":[{"damage":1,"enemies":"Jaw Worm","floor":1,"turns":6},{"damage":0,"enemies":"Small Slimes","floor":4,"turns":3},{"damage":6,"enemies":"Blue Slaver","floor":7,"turns":4},{"damage":28,"enemies":"3 Sentries","floor":8,"turns":8},{"damage":16,"enemies":"Large Slime","floor":11,"turns":4},{"damage":7,"enemies":"Looter","floor":12,"turns":3},{"damage":0,"enemies":"Exordium Thugs","floor":14,"turns":9},{"damage":31,"enemies":"The Guardian","floor":16,"turns":10},{"damage":23,"enemies":"2 Thieves","floor":18,"turns":4},{"damage":19,"enemies":"Shell Parasite","floor":20,"turns":5},{"damage":7,"enemies":"Snake Plant","floor":22,"turns":5},{"damage":24,"enemies":"Gremlin Leader","floor":24,"turns":5},{"damage":22,"enemies":"3 Cultists","floor":27,"turns":4},{"damage":30,"enemies":"Sentry and Sphere","floor":28,"turns":5},{"damage":17,"enemies":"Centurion and Healer","floor":30,"turns":6},{"damage":84,"enemies":"Automaton","floor":33,"turns":6}],"event_choices":[{"event_name":"Liars Game","player_choice":"agreed","floor":3,"damage_taken":0},{"event_name":"Addict","player_choice":"Obtained Relic","floor":19,"damage_taken":0},{"event_name":"Cursed Tome","player_choice":"Obtained Book","floor":25,"damage_taken":0},{"event_name":"Beggar","player_choice":"Gave Gold","floor":29,"damage_taken":0},{"event_name":"Vampires","player_choice":"Became a vampire (Vial)","floor":31,"damage_taken":0}],"boss_relics":[{"not_picked":["Velvet Choker","White Beast Statue"],"picked":"Runic Dome"}],"potions_floor_spawned":[4,8,14,18,22,28],"seed_played":"-5552646484405556665","killed_by":"Automaton","ascension_level":0,"is_trial":false}