{"gold_per_floor":[118,131,146,21,0,34,34,68,68,82,82,111,111,128,128,128],"floor_reached":16,"playtime":666,"items_purged":["Pain"],"score":120,"play_id":"929ea925-6c12-46d2-840e-8805942117e1","local_time":"20180926083845","is_ascension_mode":false,"campfire_choices":[{"floor":7,"key":"DIG"},{"floor":11,"key":"REST"},{"floor":15,"key":"REST"}],"neow_cost":"CURSE","seed_source_timestamp":222591299567788,"circlet_count":0,"master_deck":["Defend_G","Defend_G","Defend_G","Defend_G","Defend_G","Strike_G","Strike_G","Strike_G","Strike_G","Strike_G","Survivor","Neutralize","Glass Knife","All Out Attack","Deflect","Deadly Poison","Blade Dance","Dash","Well Laid Plans","Cloak And Dagger","Slice","Riddle With Holes","Burst","Underhanded Strike","Blur"],"relics":["Ring of the Snake","Shovel","Sundial","Ancient Tea Set","Prayer Wheel","The Courier"],"potions_floor_usage":[6,10,12,16],"damage_taken":[{"damage":3,"enemies":"Cultist","floor":1,"turns":3},{"damage":14,"enemies":"Jaw Worm","floor":2,"turns":2},{"damage":4,"enemies":"2 Louse","floor":3,"turns":2},{"damage":23,"enemies":"Lagavulin","floor":6,"turns":6},{"damage":22,"enemies":"Gremlin Nob","floor":8,"turns":5},{"damage":0,"enemies":"Lots of Slimes","floor":10,"turns":3},{"damage":13,"enemies":"Lagavulin","floor":12,"turns":6},{"damage":1,"enemies":"Exordium Wildlife","floor":14,"turns":4},{"damage":32,"enemies":"Hexaghost","floor":16,"turns":10}],"seed_played":"-7989453892985774305","potions_obtained":[{"floor":2,"key":"Weak Potion"},{"floor":8,"key":"Fire Potion"},{"floor":10,"key":"Swift Potion"},{"floor":14,"key":"Energy Potion"}],"is_trial":false,"path_per_floor":["M","M","M","$","?","E","R","E","T","M","R","E","?","M","R"],"character_chosen":"THE_SILENT","items_purchased":["Blade Dance"],"campfire_rested":2,"item_purchase_floors":[4],"current_hp_per_floor":[67,53,49,49,49,26,26,4,4,4,25,12,12,11,32,0],"gold":128,"neow_bonus":"THREE_RARE_CARDS","is_prod":false,"is_daily":false,"chose_seed":false,"campfire_upgraded":0,"win_rate":0,"timestamp":1537940325,"path_taken":["M","M","M","$","?","E","R","E","T","?","R","E","?","?","R","BOSS"],"build_version":"2018-09-24","purchased_purges":1,"victory":false,"max_hp_per_floor":[70,70,70,70,70,70,70,70,70,70,70,70,70,70,70,70],"card_choices":[{"not_picked":["Bullet Time","Envenom"],"picked":"Glass Knife","floor":0},{"not_picked":["Slice","Backflip"],"picked":"All Out Attack","floor":1},{"not_picked":["Outmaneuver","Slice"],"picked":"Deflect","floor":2},{"not_picked":["Concentrate","Bouncing Flask"],"picked":"Deadly Poison","floor":3},{"not_picked":["Endless Agony","Noxious Fumes"],"picked":"Dash","floor":6},{"not_picked":["Deflect","Prepared"],"picked":"Well Laid Plans","floor":8},{"not_picked":["Crippling Poison","Sucker Punch"],"picked":"Cloak And Dagger","floor":10},{"not_picked":["Masterful Stab","Heel Hook"],"picked":"Slice","floor":10},{"not_picked":["Infinite Blades","Dagger Throw"],"picked":"Riddle With Holes","floor":12},{"not_picked":["Bane","Setup"],"picked":"Underhanded Strike","floor":14},{"not_picked":["Well Laid Plans","Sucker Punch"],"picked":"Blur","floor":14}],"player_experience":718368,"relics_obtained":[{"floor":6,"key":"Shovel"},{"floor":7,"key":"Sundial"},{"floor":8,"key":"Ancient Tea Set"},{"floor":9,"key":"Prayer Wheel"},{"floor":12,"key":"The Courier"}],"event_choices":[{"event_name":"World of Goop","player_choice":"Left","floor":5,"damage_taken":0},{"event_name":"Match and Keep!","player_choice":"1 cards matched","floor":13,"damage_taken":0}],"is_beta":true,"boss_relics":[],"items_purged_floors":[4],"is_endless":false,"potions_floor_spawned":[2,8,10,14],"killed_by":"Hexaghost","ascension_level":0}