{"path_per_floor":["M","?","?","?","?","E","M","R","T","R","?","R","M","M","R","B",null,"M","?","T","M","M","R","E","R","T","M","?","R","M","?","R","B",null,"M","?","?","?","?","R","M","R","T","E","R","?","?","M","R"],"character_chosen":"IRONCLAD","items_purchased":[],"gold_per_floor":[14,14,14,14,14,48,59,59,59,59,59,59,77,90,90,194,194,208,123,147,164,181,181,208,208,208,225,252,252,271,194,194,293,293,303,303,263,263,263,263,279,279,351,378,378,600,600,613,613,613],"floor_reached":50,"campfire_rested":0,"playtime":1704,"item_purchase_floors":[],"current_hp_per_floor":[96,89,70,63,63,44,50,50,50,50,50,50,56,56,56,25,96,82,82,82,72,82,82,66,66,66,72,76,76,58,58,58,47,96,96,86,86,74,74,74,72,72,72,55,55,55,96,96,96,0],"items_purged":[],"gold":613,"score":534,"play_id":"ef777a56-6ecf-476c-bb56-e778f067b698","local_time":"20180523164319","is_prod":false,"is_daily":false,"chose_seed":false,"is_ascension_mode":false,"campfire_upgraded":12,"win_rate":0.26,"timestamp":1527082999,"campfire_choices":[{"data":"Whirlwind","floor":8,"key":"SMITH"},{"data":"Clothesline","floor":10,"key":"SMITH"},{"data":"Strike_R","floor":12,"key":"SMITH"},{"data":"Defend_R","floor":15,"key":"SMITH"},{"data":"Offering","floor":23,"key":"SMITH"},{"data":"Rampage","floor":25,"key":"SMITH"},{"data":"Seeing Red","floor":29,"key":"SMITH"},{"data":"Double Tap","floor":32,"key":"SMITH"},{"data":"Jack Of All Trades","floor":40,"key":"SMITH"},{"data":"Immolate","floor":42,"key":"SMITH"},{"data":"Flame Barrier","floor":45,"key":"SMITH"},{"data":"Wild Strike","floor":49,"key":"SMITH"}],"path_taken":["M","?","?","?","?","E","M","R","T","R","?","R","M","M","R","BOSS","M","?","?","M","M","R","E","R","T","M","?","R","M","?","R","BOSS","M","?","?","?","?","R","M","R","T","E","R","?","?","M","R","BOSS"],"build_version":"2018-05-22","seed_source_timestamp":597641686306115,"purchased_purges":0,"victory":false,"master_deck":["Strike_R+1","Strike_R+1","Strike_R+1","Strike_R+1","Defend_R","Defend_R","Defend_R+1","Bash+1","Anger+1","Whirlwind+1","Clothesline+1","Blood for Blood","Shrug It Off","Offering+1","Rampage+1","Power Through+1","Double Tap+1","Thunderclap+1","Shrug It Off","J.A.X.","Immolate+1","Bandage Up","Bandage Up","Jack Of All Trades+1","Madness","Madness","Sever Soul+1","Flame Barrier+1","Wild Strike+1"],"max_hp_per_floor":[96,96,96,96,96,96,96,96,96,96,96,96,96,96,96,96,96,96,96,96,96,96,96,96,96,96,96,96,96,96,96,96,96,96,96,96,96,96,96,96,96,96,96,96,96,96,96,96,96,96],"relics":["Black Blood","Juzu Bracelet","Whetstone","Bottled Lightning","Ginger","Pen Nib","Bag of Preparation","Dodecahedron","Red Mask","Snecko Eye","Matryoshka","Regal Pillow"],"card_choices":[{"not_picked":["Reckless Charge","Evolve"],"picked":"Anger","floor":1},{"not_picked":["Pummel","Inflame"],"picked":"Whirlwind","floor":6},{"not_picked":["Pommel Strike","Cleave"],"picked":"Clothesline","floor":7},{"not_picked":["Whirlwind","Armaments"],"picked":"Blood for Blood","floor":13},{"not_picked":["Pommel Strike","True Grit"],"picked":"Shrug It Off","floor":14},{"not_picked":["Reaper","Limit Break"],"picked":"Offering","floor":16},{"not_picked":["Wild Strike","Body Slam"],"picked":"Rampage","floor":18},{"not_picked":["Whirlwind","Heavy Blade","True Grit"],"picked":"SKIP","floor":21},{"not_picked":["Anger","Havoc+1"],"picked":"Power Through+1","floor":22},{"not_picked":["Pommel Strike","Reckless Charge+1"],"picked":"Double Tap","floor":24},{"not_picked":["Metallicize","Battle Trance"],"picked":"Seeing Red","floor":27},{"not_picked":["Clash","Sword Boomerang+1"],"picked":"Thunderclap+1","floor":28},{"not_picked":["Pommel Strike","Cleave"],"picked":"Shrug It Off","floor":30},{"not_picked":["Feed","Limit Break"],"picked":"Immolate","floor":33},{"not_picked":["Armaments","Flex","Twin Strike"],"picked":"SKIP","floor":35},{"not_picked":["Finesse","Trip"],"picked":"Bandage Up","floor":36},{"not_picked":["Deep Breath","Mind Blast"],"picked":"Bandage Up","floor":36},{"not_picked":["Blind","Mind Blast"],"picked":"Jack Of All Trades","floor":36},{"not_picked":["Thunderclap","Flex+1"],"picked":"Sever Soul+1","floor":41},{"not_picked":["Evolve","Berserk"],"picked":"Flame Barrier","floor":44},{"not_picked":["Heavy Blade+1","Searing Blow"],"picked":"Wild Strike","floor":48}],"player_experience":450499,"potions_floor_usage":[16,28,44],"damage_taken":[{"damage":0,"enemies":"Small Slimes","floor":1,"turns":3},{"damage":25,"enemies":"3 Sentries","floor":6,"turns":8},{"damage":0,"enemies":"2 Louse","floor":7,"turns":2},{"damage":0,"enemies":"Cultist","floor":13,"turns":2},{"damage":6,"enemies":"Exordium Wildlife","floor":14,"turns":3},{"damage":37,"enemies":"Slime Boss","floor":16,"turns":8},{"damage":24,"enemies":"Shell Parasite","floor":18,"turns":3},{"damage":20,"enemies":"3 Byrds","floor":21,"turns":4},{"damage":0,"enemies":"3 Cultists","floor":22,"turns":2},{"damage":26,"enemies":"Gremlin Leader","floor":24,"turns":7},{"damage":4,"enemies":"Snecko","floor":27,"turns":2},{"damage":6,"enemies":"Masked Bandits","floor":28,"turns":2},{"damage":28,"enemies":"Sentry and Sphere","floor":30,"turns":4},{"damage":21,"enemies":"Automaton","floor":33,"turns":6},{"damage":4,"enemies":"Orb Walker","floor":35,"turns":3},{"damage":12,"enemies":"3 Darklings","floor":41,"turns":3},{"damage":27,"enemies":"2 Orb Walkers","floor":44,"turns":3},{"damage":7,"enemies":"4 Shapes","floor":48,"turns":3},{"damage":106,"enemies":"Awakened One","floor":50,"turns":8}],"relics_obtained":[{"floor":6,"key":"Whetstone"},{"floor":9,"key":"Bottled Lightning"},{"floor":20,"key":"Pen Nib"},{"floor":24,"key":"Bag of Preparation"},{"floor":26,"key":"Dodecahedron"},{"floor":28,"key":"Red Mask"},{"floor":43,"key":"Matryoshka"},{"floor":44,"key":"Regal Pillow"}],"event_choices":[{"event_name":"Golden Wing","player_choice":"Card Removal","floor":2,"damage_taken":0},{"event_name":"Shining Light","player_choice":"Entered Light","floor":3,"damage_taken":0},{"event_name":"Scrap Ooze","player_choice":"success","floor":4,"damage_taken":7},{"event_name":"Bonfire Elementals","player_choice":"BASIC","floor":5,"damage_taken":0},{"event_name":"Living Wall","player_choice":"Grow","floor":11,"damage_taken":0},{"event_name":"Addict","player_choice":"Obtained Relic","floor":19,"damage_taken":0},{"event_name":"Masked Bandits","player_choice":"Fought over 225 gold","floor":28,"damage_taken":0},{"event_name":"Drug Dealer","player_choice":"Got JAXXED","floor":31,"damage_taken":0},{"event_name":"SensoryStone","player_choice":"Memory 3","floor":36,"damage_taken":0},{"event_name":"The Woman in Blue","player_choice":"Bought 3 Potions","floor":37,"damage_taken":0},{"event_name":"Winding Halls","player_choice":"Embrace Madness","floor":38,"damage_taken":0},{"event_name":"Tomb of Lord Red Mask","player_choice":"Wore Mask","floor":46,"damage_taken":0},{"event_name":"Wheel of Change","player_choice":"Full Heal","floor":47,"damage_taken":0}],"boss_relics":[{"not_picked":["Ectoplasm","White Beast Statue"],"picked":"Black Blood"},{"not_picked":["Orrery","Black Star"],"picked":"Snecko Eye"}],"items_purged_floors":[],"potions_floor_spawned":[1,7,13,22,28,33,35,48],"seed_played":"6145464649540860249","killed_by":"Awakened One","ascension_level":0,"potions_obtained":[{"floor":1,"key":"FairyPotion"},{"floor":7,"key":"Swift Potion"},{"floor":13,"key":"AttackPotion"},{"floor":22,"key":"Fire Potion"},{"floor":28,"key":"GamblersBrew"},{"floor":35,"key":"Regen Potion"},{"floor":37,"key":"PowerPotion"},{"floor":37,"key":"SmokeBomb"},{"floor":48,"key":"Fire Potion"}],"is_trial":false}