{"gold_per_floor":[113,16,29,29,48,48,66,66,66,12,27,56,56,85,85,180,180,198,198,198,214,313,313,313],"floor_reached":24,"playtime":920,"items_purged":["Defend_G"],"score":214,"play_id":"015588a4-0df4-40ba-bd1b-20cae05d13c6","local_time":"20181106212908","is_ascension_mode":true,"campfire_choices":[{"data":"Cloak And Dagger","floor":6,"key":"SMITH"},{"data":"Cloak And Dagger","floor":8,"key":"SMITH"},{"data":"Skewer","floor":15,"key":"SMITH"},{"data":"Blade Dance","floor":23,"key":"SMITH"}],"neow_cost":"NONE","seed_source_timestamp":117997103496008,"circlet_count":0,"master_deck":["Survivor","Neutralize","Cloak And Dagger+1","Sucker Punch","Cloak And Dagger+1","Infinite Blades","Dodge and Roll+1","Blade Dance+1","Skewer+1","Glass Knife","Tools of the Trade","Dagger Throw","Acrobatics","Poisoned Stab","Sucker Punch","Dodge and Roll","PiercingWail","Blur","Riddle With Holes","Acrobatics","Endless Agony"],"relics":["Ring of the Snake","Pantograph","War Paint","Pandora\u0027s Box"],"potions_floor_usage":[12,12,14,24],"damage_taken":[{"damage":1,"enemies":"Cultist","floor":1,"turns":4},{"damage":0,"enemies":"Small Slimes","floor":3,"turns":3},{"damage":0,"enemies":"2 Louse","floor":5,"turns":2},{"damage":1,"enemies":"Looter","floor":7,"turns":3},{"damage":8,"enemies":"Large Slime","floor":11,"turns":6},{"damage":30,"enemies":"Lagavulin","floor":12,"turns":8},{"damage":18,"enemies":"Gremlin Nob","floor":14,"turns":4},{"damage":47,"enemies":"The Guardian","floor":16,"turns":12},{"damage":31,"enemies":"2 Thieves","floor":18,"turns":4},{"damage":7,"enemies":"3 Byrds","floor":21,"turns":6},{"damage":40,"enemies":"Book of Stabbing","floor":24,"turns":7}],"seed_played":"8675604677967337084","potions_obtained":[{"floor":1,"key":"GamblersBrew"},{"floor":3,"key":"Ancient Potion"},{"floor":5,"key":"Fruit Juice"},{"floor":12,"key":"Regen Potion"},{"floor":21,"key":"Ancient Potion"}],"is_trial":false,"path_per_floor":["M","$","M","?","M","R","M","R","T","$","M","E","$","E","R","B",null,"M","?","?","M","?","R","E"],"character_chosen":"THE_SILENT","items_purchased":["Sucker Punch","Blade Dance"],"campfire_rested":0,"item_purchase_floors":[2,10],"current_hp_per_floor":[69,69,69,70,70,70,69,69,69,69,61,36,36,30,30,8,75,44,44,44,37,37,37,0],"gold":313,"neow_bonus":"RANDOM_COLORLESS","is_prod":false,"is_daily":false,"chose_seed":false,"campfire_upgraded":4,"win_rate":0,"timestamp":1541528948,"path_taken":["M","?","?","?","M","R","?","R","T","?","M","E","$","E","R","BOSS","M","?","?","M","?","R","E"],"build_version":"2018-11-05","purchased_purges":1,"victory":false,"max_hp_per_floor":[70,70,70,70,70,70,70,70,70,70,70,75,75,75,75,75,75,75,75,75,75,75,75,75],"card_choices":[{"not_picked":["Backflip","Bane"],"picked":"Cloak And Dagger","floor":1},{"not_picked":["PiercingWail","Heel Hook"],"picked":"Cloak And Dagger","floor":3},{"not_picked":["Deflect","Dodge and Roll"],"picked":"Infinite Blades","floor":5},{"not_picked":["Backflip","Flechettes"],"picked":"Dodge and Roll","floor":7},{"not_picked":["Prepared","Outmaneuver","Bane"],"picked":"SKIP","floor":11},{"not_picked":["Reflex","Dagger Throw"],"picked":"Skewer","floor":12},{"not_picked":["Underhanded Strike","Backflip"],"picked":"Glass Knife","floor":14},{"not_picked":["Grand Finale","Die Die Die"],"picked":"Tools of the Trade","floor":16},{"not_picked":["Dash","Escape Plan"],"picked":"Endless Agony","floor":18},{"not_picked":["Catalyst","Acrobatics","Blur"],"picked":"SKIP","floor":21}],"player_experience":880096,"relics_obtained":[{"floor":12,"key":"Pantograph"},{"floor":14,"key":"War Paint"}],"event_choices":[{"cards_removed":["Panacea"],"damage_healed":1,"gold_gain":0,"player_choice":"Offered Uncommon","damage_taken":0,"max_hp_gain":0,"max_hp_loss":0,"event_name":"Bonfire Elementals","floor":4,"gold_loss":0},{"damage_healed":0,"gold_gain":0,"player_choice":"Ignored","damage_taken":0,"max_hp_gain":0,"max_hp_loss":0,"event_name":"Vampires","floor":19,"gold_loss":0},{"damage_healed":0,"gold_gain":0,"player_choice":"Ignored","damage_taken":0,"max_hp_gain":0,"max_hp_loss":0,"event_name":"Ghosts","floor":20,"gold_loss":0},{"damage_healed":0,"gold_gain":99,"player_choice":"Stole From Cult","damage_taken":0,"max_hp_gain":0,"max_hp_loss":0,"event_name":"Nest","floor":22,"gold_loss":0}],"is_beta":true,"boss_relics":[{"not_picked":["Runic Dome","White Beast Statue"],"picked":"Pandora\u0027s Box"}],"items_purged_floors":[2],"is_endless":false,"potions_floor_spawned":[1,3,5,12,21],"killed_by":"Book of Stabbing","ascension_level":1}