{"path_per_floor":["M","?","?","M","M","E","M","?","T","E","R","M","R","?","R","B",null,"M","?","M","?","?","E","M","M","T","T","M","?","?","M","R","B",null,"M","M"],"character_chosen":"IRONCLAD","items_purchased":[],"gold_per_floor":[13,13,13,28,49,83,96,96,96,134,134,149,149,224,224,344,344,359,359,373,298,298,334,359,375,428,428,453,413,328,351,351,476,476,501,521,521],"floor_reached":37,"campfire_rested":1,"playtime":2132,"current_hp_per_floor":[96,96,72,71,77,62,58,58,58,50,50,45,45,34,62,29,96,87,71,75,75,75,72,69,70,70,70,76,76,76,79,79,54,96,79,31,31],"items_purged":[],"gold":521,"score":426,"play_id":"8a00b901-2ac0-428b-92f4-396eb62f7d27","local_time":"20180415125955","is_prod":false,"is_daily":false,"chose_seed":false,"is_ascension_mode":false,"campfire_upgraded":3,"timestamp":1523786395,"path_taken":["M","?","?","M","M","E","M","?","T","E","R","M","R","?","R","BOSS","M","?","M","?","?","E","M","?","T","?","M","?","?","M","R","BOSS","M","M","M"],"build_version":"2018-04-13","seed_source_timestamp":0,"purchased_purges":0,"victory":false,"master_deck":["Strike_R","Defend_R","Defend_R","Defend_R","Defend_R","Bash","Carnage","Clash+1","Headbutt","Thunderclap","Feel No Pain","Corruption+1","Armaments+1","Double Tap+1","Flex+1","Fire Breathing+1","Twin Strike+1","Sentinel","True Grit+1","Flame Barrier","Power Through","Reckless Charge","Shrug It Off","Sentinel+1","Limit Break","Flex","Flame Barrier"],"max_hp_per_floor":[96,96,96,96,96,96,96,96,96,96,96,96,96,96,96,96,96,96,96,96,96,96,96,96,96,96,96,96,96,96,96,96,96,96,96,96,96],"relics":["Burning Blood","Golden Idol","Smiling Mask","Letter Opener","Self Forming Clay","Astrolabe","Enchiridion","Gambling Chip","Tiny Chest","Juzu Bracelet","Matryoshka","White Beast Statue"],"card_choices":[{"not_picked":["Havoc","Sever Soul"],"picked":"Carnage","floor":1.0},{"not_picked":["Armaments","Dual Wield"],"picked":"Clash","floor":4.0},{"not_picked":["Entrench","Pommel Strike"],"picked":"Headbutt","floor":5.0},{"not_picked":["Anger","Blood for Blood"],"picked":"Thunderclap","floor":6.0},{"not_picked":["Havoc","Thunderclap"],"picked":"Feel No Pain","floor":7.0},{"not_picked":["Entrench","Power Through"],"picked":"Corruption","floor":10.0},{"not_picked":["Brutality","Hemokinesis"],"picked":"Armaments","floor":12.0},{"not_picked":["Feed","Fiend Fire"],"picked":"Double Tap","floor":16.0},{"not_picked":["Clash","Twin Strike"],"picked":"Sentinel","floor":18},{"not_picked":["Battle Trance","Sword Boomerang"],"picked":"True Grit","floor":20},{"not_picked":["Armaments","Barricade"],"picked":"Flame Barrier","floor":23},{"not_picked":["Rampage","Anger"],"picked":"Power Through","floor":24},{"not_picked":["Perfected Strike","Second Wind"],"picked":"Reckless Charge","floor":25},{"not_picked":["Perfected Strike","Battle Trance"],"picked":"Shrug It Off","floor":28},{"not_picked":["Ghostly Armor","Double Tap"],"picked":"Sentinel","floor":31},{"not_picked":["Impervious","Bludgeon"],"picked":"Limit Break","floor":33},{"not_picked":["Feel No Pain","Shrug It Off"],"picked":"Flex","floor":35},{"not_picked":["Body Slam","Whirlwind"],"picked":"Flame Barrier","floor":36}],"player_experience":352762,"potions_floor_usage":[33,33,33],"damage_taken":[{"damage":1.0,"enemies":"Cultist","floor":1.0,"turns":4.0},{"damage":7.0,"enemies":"2 Louse","floor":4.0,"turns":3.0},{"damage":0.0,"enemies":"Small Slimes","floor":5.0,"turns":3.0},{"damage":21.0,"enemies":"Lagavulin","floor":6.0,"turns":5.0},{"damage":10.0,"enemies":"3 Louse","floor":7.0,"turns":3.0},{"damage":14.0,"enemies":"3 Sentries","floor":10.0,"turns":8.0},{"damage":11.0,"enemies":"Blue Slaver","floor":12.0,"turns":3.0},{"damage":39.0,"enemies":"Hexaghost","floor":16.0,"turns":8.0},{"damage":15,"enemies":"3 Byrds","floor":18,"turns":6},{"damage":2,"enemies":"Spheric Guardian","floor":20,"turns":3},{"damage":9,"enemies":"Book of Stabbing","floor":23,"turns":5},{"damage":9,"enemies":"Centurion and Healer","floor":24,"turns":5},{"damage":5,"enemies":"Snake Plant","floor":25,"turns":6},{"damage":0,"enemies":"Chosen and Byrds","floor":28,"turns":6},{"damage":3,"enemies":"Sentry and Sphere","floor":31,"turns":6},{"damage":31,"enemies":"Champ","floor":33,"turns":10},{"damage":23,"enemies":"Flame Bruiser 1 Orb","floor":35,"turns":9},{"damage":54,"enemies":"3 Darklings","floor":36,"turns":8},{"damage":0,"enemies":"4 Shapes","floor":37,"turns":1}],"event_choices":[{"event_name":"The Cleric","player_choice":"Leave","floor":2.0,"damage_taken":0.0},{"event_name":"Golden Idol","player_choice":"Take Damage","floor":3.0,"damage_taken":0.0},{"event_name":"Living Wall","player_choice":"Grow","floor":8.0,"damage_taken":0.0},{"event_name":"World of Goop","player_choice":"Gather Gold","floor":14.0,"damage_taken":0.0},{"event_name":"Cursed Tome","player_choice":"Obtained Book","floor":19,"damage_taken":0},{"event_name":"Beggar","player_choice":"Gave Gold","floor":21,"damage_taken":0},{"event_name":"Ghosts","player_choice":"Ignored","floor":22,"damage_taken":0},{"event_name":"The Woman in Blue","player_choice":"Bought 3 Potions","floor":29,"damage_taken":0},{"event_name":"Addict","player_choice":"Obtained Relic","floor":30,"damage_taken":0}],"boss_relics":[{"not_picked":["Velvet Choker","Runic Cube"],"picked":"Astrolabe"},{"not_picked":["Lizard Tail","Black Star"],"picked":"White Beast Statue"}],"potions_floor_spawned":[5,6,12,24,28,33,35,36],"seed_played":"4723137710149058484","killed_by":"4 Shapes","ascension_level":0,"is_trial":false}