{"gold_per_floor":[116,136,311,4,4,33,53,79,104,4,4,4,31,47,47,146,146,156,156,172,172,185,185,220,22,49,81,81,112,37,37,37,134,134,144,219,234,13,13,13,41,41,41,55,55,71,71,87,87,87,87,87,6,40,40],"floor_reached":55,"playtime":2640,"items_purged":["Doubt","Forethought","Pain","Shame"],"score":806,"play_id":"263bd82a-839c-4c5c-ba23-e873792b07f4","local_time":"20190214211220","is_ascension_mode":true,"campfire_choices":[{"data":"Noxious Fumes","floor":11,"key":"SMITH"},{"data":"Noxious Fumes","floor":15,"key":"SMITH"},{"data":"Dodge and Roll","floor":23,"key":"SMITH"},{"data":"Footwork","floor":28,"key":"SMITH"},{"floor":32,"key":"REST"},{"data":"Bullet Time","floor":40,"key":"SMITH"},{"floor":42,"key":"RECALL"},{"floor":45,"key":"REST"},{"data":"Caltrops","floor":47,"key":"SMITH"},{"data":"Burst","floor":49,"key":"SMITH"},{"data":"Survivor","floor":52,"key":"SMITH"}],"neow_cost":"NONE","seed_source_timestamp":121298991362934,"circlet_count":0,"master_deck":["Defend_G","Defend_G","Defend_G","Defend_G","Defend_G","Strike_G","Strike_G","Strike_G","Strike_G","Strike_G","Survivor+1","Neutralize","Slice","Riddle With Holes","Noxious Fumes+1","Backflip","Flying Knee","Leg Sweep","Noxious Fumes+1","Poisoned Stab","Corpse Explosion","Riddle With Holes","Neutralize","Deflect","Dodge and Roll+1","Leg Sweep","Footwork+1","Deflect","PiercingWail+1","Escape Plan","Flash of Steel","Bullet Time+1","Cloak And Dagger","Dodge and Roll+1","Blur+1","Deflect+1","Caltrops+1","Burst+1","Well Laid Plans","Terror","Deadly Poison+1"],"relics":["Ring of the Serpent","PreservedInsect","Bronze Scales","Potion Belt","Blood Vial","The Courier","WarpedTongs","WingedGreaves","Boot","Bottled Flame","Matryoshka","theJungle:SneckoAutograph","Eternal Feather","Medical Kit","Orichalcum","Art of War","Strawberry","Tough Bandages","Bag of Preparation"],"potions_floor_usage":[13,13,24,24,27,41,41,50,55,55,55],"damage_taken":[{"damage":2,"enemies":"Small Slimes","floor":1,"turns":4},{"damage":2,"enemies":"Cultist","floor":2,"turns":5},{"damage":6,"enemies":"3 Sentries","floor":6,"turns":7},{"damage":0,"enemies":"Jaw Worm","floor":7,"turns":4},{"damage":8,"enemies":"Lagavulin","floor":8,"turns":6},{"damage":3,"enemies":"Gremlin Nob","floor":13,"turns":4},{"damage":0,"enemies":"2 Fungi Beasts","floor":14,"turns":4},{"damage":16,"enemies":"Slime Boss","floor":16,"turns":7},{"damage":11,"enemies":"theJungle:GiantWrat","floor":18,"turns":6},{"damage":6,"enemies":"theJungle:MUSHROOMGANG","floor":20,"turns":3},{"damage":6,"enemies":"theJungle:Lyon","floor":22,"turns":6},{"damage":28,"enemies":"theJungle:MamaSnecko","floor":24,"turns":5},{"damage":1,"enemies":"theJungle:Cassacara","floor":27,"turns":5},{"damage":2,"enemies":"theJungle:MamaSnecko","floor":29,"turns":5},{"damage":29,"enemies":"theJungle:TotemBoss","floor":33,"turns":8},{"damage":6,"enemies":"Orb Walker","floor":35,"turns":4},{"damage":8,"enemies":"3 Shapes","floor":37,"turns":4},{"damage":57,"enemies":"Giant Head","floor":41,"turns":11},{"damage":39,"enemies":"Spire Growth","floor":44,"turns":7},{"damage":1,"enemies":"3 Darklings","floor":46,"turns":4},{"damage":18,"enemies":"Sphere and 2 Shapes","floor":48,"turns":5},{"damage":50,"enemies":"Time Eater","floor":50,"turns":17},{"damage":24,"enemies":"Shield and Spear","floor":54,"turns":6},{"damage":57,"enemies":"The Heart","floor":55,"turns":3}],"seed_played":"-9092610871909017098","potions_obtained":[{"floor":2,"key":"Explosive Potion"},{"floor":6,"key":"LiquidBronze"},{"floor":8,"key":"Block Potion"},{"floor":13,"key":"FearPotion"},{"floor":18,"key":"SkillPotion"},{"floor":20,"key":"Dexterity Potion"},{"floor":24,"key":"GamblersBrew"},{"floor":27,"key":"LiquidBronze"},{"floor":44,"key":"SteroidPotion"},{"floor":46,"key":"EssenceOfSteel"}],"is_trial":false,"path_per_floor":["M","M","?","$","?","E","M","E","T","$","R","$","E","M","R","B",null,"M","?","M","?","M","R","E","$","T","E","R","E","$","?","R","B",null,"M","?","M","$","T","R","E","R","T","M","R","M","R","M","R","B",null,"R","$","E","B"],"character_chosen":"THE_SILENT","items_purchased":["PreservedInsect","Noxious Fumes","Footwork","Deflect","Flash of Steel","LiquidBronze","Dexterity Potion","Well Laid Plans","Terror"],"campfire_rested":2,"item_purchase_floors":[4,4,25,25,30,38,38,53,53],"current_hp_per_floor":[68,66,66,66,66,60,60,52,52,52,52,52,51,53,53,39,70,59,59,55,55,51,51,25,25,25,26,26,26,26,26,47,20,70,64,57,51,51,51,69,13,34,41,4,48,49,70,54,75,27,77,77,77,53,0],"gold":40,"neow_bonus":"RANDOM_COLORLESS","is_prod":false,"is_daily":false,"chose_seed":false,"campfire_upgraded":8,"win_rate":0,"timestamp":1550167940,"path_taken":["M","M","?","$","?","E","M","E","T","$","R","$","E","M","R","BOSS","M","?","?","?","?","R","E","$","T","E","R","E","?","?","R","BOSS","M","?","?","$","?","R","E","R","T","M","R","M","R","M","R","BOSS","R","$","E","BOSS"],"build_version":"2019-02-06","purchased_purges":4,"victory":false,"max_hp_per_floor":[70,70,70,70,70,70,70,70,70,70,70,70,70,70,70,70,70,70,70,70,70,70,70,70,70,70,70,70,70,70,70,70,70,70,70,70,70,70,70,70,70,70,77,77,77,77,77,77,77,77,77,77,77,77,77],"card_choices":[{"not_picked":["Flechettes","Reflex"],"picked":"Slice","floor":1},{"not_picked":["Slice","Accuracy"],"picked":"Riddle With Holes","floor":2},{"not_picked":["Poisoned Stab","Prepared"],"picked":"Backflip","floor":6},{"not_picked":["Backstab","Calculated Gamble"],"picked":"Flying Knee","floor":7},{"not_picked":["Expertise","Die Die Die"],"picked":"Leg Sweep","floor":8},{"not_picked":["PiercingWail","Heel Hook"],"picked":"Noxious Fumes","floor":13},{"not_picked":["Blade Dance","Distraction"],"picked":"Poisoned Stab","floor":14},{"not_picked":["Die Die Die","Adrenaline"],"picked":"Corpse Explosion","floor":16},{"not_picked":["Underhanded Strike","Accuracy"],"picked":"Riddle With Holes","floor":18},{"not_picked":["Prepared+1","Dagger Spray"],"picked":"Deflect","floor":20},{"not_picked":["Die Die Die","Bane"],"picked":"Dodge and Roll","floor":22},{"not_picked":["Outmaneuver+1","Reflex"],"picked":"Leg Sweep","floor":24},{"not_picked":["Quick Slash+1","Dodge and Roll"],"picked":"PiercingWail+1","floor":27},{"not_picked":["Deflect","Masterful Stab"],"picked":"Escape Plan","floor":29},{"not_picked":["A Thousand Cuts","Wraith Form v2"],"picked":"Bullet Time","floor":33},{"not_picked":["Dagger Spray+1","Skewer"],"picked":"Cloak And Dagger","floor":35},{"not_picked":["Cloak And Dagger+1","Calculated Gamble"],"picked":"Dodge and Roll+1","floor":37},{"not_picked":["Terror+1","Backflip"],"picked":"Blur+1","floor":41},{"not_picked":["Riddle With Holes","Backflip"],"picked":"Deflect+1","floor":44},{"not_picked":["Crippling Poison+1","Outmaneuver+1"],"picked":"Caltrops","floor":46},{"not_picked":["Poisoned Stab","PiercingWail"],"picked":"Burst","floor":48},{"not_picked":["Unload","Quick Slash"],"picked":"Deadly Poison+1","floor":54}],"player_experience":1146328,"relics_obtained":[{"floor":6,"key":"Bronze Scales"},{"floor":8,"key":"Potion Belt"},{"floor":9,"key":"Blood Vial"},{"floor":13,"key":"The Courier"},{"floor":24,"key":"WingedGreaves"},{"floor":26,"key":"Boot"},{"floor":27,"key":"Bottled Flame"},{"floor":29,"key":"Matryoshka"},{"floor":39,"key":"Orichalcum"},{"floor":41,"key":"Art of War"},{"floor":43,"key":"Strawberry"},{"floor":43,"key":"Tough Bandages"},{"floor":54,"key":"Bag of Preparation"}],"event_choices":[{"damage_healed":0,"gold_gain":175,"player_choice":"AGREE","damage_taken":0,"max_hp_gain":0,"max_hp_loss":0,"event_name":"Liars Game","floor":3,"gold_loss":0,"cards_obtained":["Doubt"]},{"damage_healed":0,"gold_gain":0,"player_choice":"Leave","damage_taken":0,"max_hp_gain":0,"max_hp_loss":0,"event_name":"The Cleric","floor":5,"gold_loss":0},{"damage_healed":0,"gold_gain":0,"player_choice":"1 cards matched","damage_taken":0,"max_hp_gain":0,"max_hp_loss":0,"event_name":"Match and Keep!","floor":19,"gold_loss":0,"cards_obtained":["Neutralize"]},{"damage_healed":0,"gold_gain":0,"player_choice":"Rummage","damage_taken":0,"relics_obtained":["WarpedTongs"],"max_hp_gain":0,"max_hp_loss":0,"event_name":"Accursed Blacksmith","floor":21,"gold_loss":0,"cards_obtained":["Pain"]},{"damage_healed":0,"gold_gain":75,"player_choice":"Touch","damage_taken":7,"max_hp_gain":0,"max_hp_loss":0,"event_name":"FaceTrader","floor":36,"gold_loss":0}],"is_beta":true,"boss_relics":[{"not_picked":["Fusion Hammer","Busted Crown"],"picked":"Ring of the Serpent"},{"not_picked":["Orrery","HoveringKite"],"picked":"Eternal Feather"}],"items_purged_floors":[4,10,25,38],"is_endless":false,"potions_floor_spawned":[2,6,8,13,18,20,24,27,44,46,48],"killed_by":"The Heart","ascension_level":1}