{"path_per_floor":["M","M","?","?","M","R","?","R","T","R","M","R","M","?","R","B",null,"M","?","?","T"],"character_chosen":"THE_SILENT","items_purchased":[],"gold_per_floor":[113,123,123,123,133,133,159,159,159,159,175,175,189,189,189,290,290,260,175,275,275,275],"floor_reached":22,"campfire_rested":0,"playtime":747,"current_hp_per_floor":[42,42,35,35,35,35,45,45,45,45,39,39,27,27,27,19,84,81,81,81,81,81],"items_purged":[],"gold":275,"score":172,"play_id":"cc5a2eec-6ea0-447a-940a-0033389533f0","local_time":"20180429140007","is_prod":false,"is_daily":false,"chose_seed":false,"is_ascension_mode":false,"campfire_upgraded":5,"timestamp":1524999607,"path_taken":["M","M","?","?","?","R","?","R","T","R","?","R","?","?","R","BOSS","M","?","?","?","?"],"build_version":"2018-04-27v3","seed_source_timestamp":608461960745,"purchased_purges":0,"victory":false,"master_deck":["Defend_G","Defend_G","Defend_G","Defend_G","Strike_G","Strike_G","Strike_G","Survivor","Neutralize+1","Flying Knee","Deflect","Escape Plan+1","Backflip+1","Noxious Fumes+1","Dodge and Roll+1","Adrenaline","Bouncing Flask"],"max_hp_per_floor":[84,84,84,84,84,84,84,84,84,84,84,84,84,84,84,84,84,84,84,84,84,84],"relics":["Ring of the Snake","Odd Mushroom","Ancient Tea Set","Velvet Choker","Lantern","Juzu Bracelet"],"card_choices":[{"not_picked":["Setup","Poisoned Stab"],"picked":"Flying Knee","floor":1},{"not_picked":["Bane","Flying Knee"],"picked":"Deflect","floor":2},{"not_picked":["Crippling Poison","Accuracy"],"picked":"Escape Plan","floor":5},{"not_picked":["Skewer","Underhanded Strike"],"picked":"Backflip","floor":7},{"not_picked":["Crippling Poison","Distraction"],"picked":"Noxious Fumes","floor":11},{"not_picked":["All Out Attack","Choke"],"picked":"Dodge and Roll","floor":13},{"not_picked":["Phantasmal Killer","Wraith Form v2"],"picked":"Adrenaline","floor":16},{"not_picked":["Acrobatics","Deadly Poison"],"picked":"Bouncing Flask","floor":18}],"player_experience":393565,"potions_floor_usage":[7],"damage_taken":[{"damage":0,"enemies":"2 Louse","floor":1,"turns":3},{"damage":0,"enemies":"Jaw Worm","floor":2,"turns":5},{"damage":0,"enemies":"Cultist","floor":5,"turns":4},{"damage":5,"enemies":"The Mushroom Lair","floor":7,"turns":6},{"damage":6,"enemies":"Lots of Slimes","floor":11,"turns":6},{"damage":12,"enemies":"Exordium Wildlife","floor":13,"turns":5},{"damage":8,"enemies":"The Guardian","floor":16,"turns":13},{"damage":3,"enemies":"2 Thieves","floor":18,"turns":5}],"event_choices":[{"event_name":"Golden Wing","player_choice":"Card Removal","floor":3,"damage_taken":0},{"event_name":"Bonfire Elementals","player_choice":"BASIC","floor":4,"damage_taken":0},{"event_name":"Mushrooms","player_choice":"Fought Mushrooms","floor":7,"damage_taken":0},{"event_name":"Purifier","player_choice":"One Purge","floor":14,"damage_taken":0},{"event_name":"Addict","player_choice":"Obtained Relic","floor":19,"damage_taken":0},{"event_name":"Golden Shrine","player_choice":"Pray","floor":20,"damage_taken":0},{"event_name":"The Library","player_choice":"Read","floor":22,"damage_taken":0}],"boss_relics":[{"not_picked":["Snecko Eye","White Beast Statue"],"picked":"Velvet Choker"}],"potions_floor_spawned":[1,5,7,11],"seed_played":"3733901233134532181","ascension_level":0,"is_trial":false}