{"gold_per_floor":[119,129,143,143,143,264,325,325,325,355,355,366,0,175,175,278,278,297,313,162,176,176,206,206,240,264,264,280,280,293,311,311,411,411,424,424,442,456,416,449,449,449,525,559,613,30,60,0,0,0],"floor_reached":50,"playtime":3016,"items_purged":["Strike_G"],"score":1069,"play_id":"929c47b2-3463-4218-a2e0-474d8f44e311","local_time":"20190521005210","is_ascension_mode":true,"campfire_choices":[{"data":"Mayhem","floor":8.0,"key":"SMITH"},{"data":"Blade Dance","floor":15.0,"key":"SMITH"},{"data":"Choke","floor":24.0,"key":"SMITH"},{"data":"Magnetism","floor":27.0,"key":"SMITH"},{"data":"Concentrate","floor":29.0,"key":"SMITH"},{"data":"Burst","floor":32.0,"key":"SMITH"},{"data":"Bullet Time","floor":41,"key":"SMITH"},{"floor":49,"key":"REST"}],"neow_cost":"","seed_source_timestamp":0,"circlet_count":1,"master_deck":["Defend_G+1","Defend_G","Defend_G","Defend_G","Defend_G","Strike_G","Strike_G+1","Survivor","Neutralize","Dodge and Roll","Madness+1","Choke+1","Mayhem+1","Noxious Fumes+1","Deflect","Deadly Poison","Blade Dance+1","Well Laid Plans+1","Escape Plan","Terror","Backflip","Dagger Spray","Magnetism+1","PiercingWail","Cloak And Dagger+1","Blade Dance","Concentrate+1","Blade Dance","Madness+1","Burst+1","Infinite Blades","Cloak And Dagger","Bullet Time+1","Accuracy+1","Cloak And Dagger+1","Noxious Fumes","Dodge and Roll+1","Footwork","Cloak And Dagger+1"],"special_seed":0,"relics":["Ring of the Snake","Medical Kit","Question Card","Circlet","Omamori","FossilizedHelix","Strawberry","Shuriken","Oddly Smooth Stone","Black Star","PreservedInsect","Bottled Flame","Art of War","Orichalcum","Paper Crane","energizedSpire:DeadBattery","Juzu Bracelet","Snake Skull","Gremlin Horn","Singing Bowl","Regal Pillow","Bird Faced Urn","Mummified Hand","Ornamental Fan","Letter Opener","Red Mask"],"potions_floor_usage":[37,40,45,47,47,47],"damage_taken":[{"damage":8.0,"enemies":"Jaw Worm","floor":1.0,"turns":6.0},{"damage":5.0,"enemies":"Small Slimes","floor":2.0,"turns":4.0},{"damage":8.0,"enemies":"2 Louse","floor":3.0,"turns":4.0},{"damage":8.0,"enemies":"3 Sentries","floor":6.0,"turns":9.0},{"damage":6.0,"enemies":"Gremlin Nob","floor":7.0,"turns":3.0},{"damage":13.0,"enemies":"strawberrySpire:EnergyPylons","floor":10.0,"turns":5.0},{"damage":0.0,"enemies":"Large Slime","floor":12.0,"turns":6.0},{"damage":0.0,"enemies":"The Guardian","floor":16.0,"turns":8.0},{"damage":0.0,"enemies":"Spheric Guardian","floor":18.0,"turns":6.0},{"damage":5.0,"enemies":"Shell Parasite","floor":19.0,"turns":7.0},{"damage":5.0,"enemies":"Cultist and Chosen","floor":21.0,"turns":5.0},{"damage":7.0,"enemies":"Book of Stabbing","floor":23.0,"turns":6.0},{"damage":31.0,"enemies":"Slavers","floor":25.0,"turns":5.0},{"damage":0.0,"enemies":"Chosen and Byrds","floor":28.0,"turns":4.0},{"damage":0.0,"enemies":"Snake Plant","floor":30.0,"turns":5.0},{"damage":10.0,"enemies":"Snecko","floor":31.0,"turns":6.0},{"damage":0.0,"enemies":"Automaton","floor":33.0,"turns":9.0},{"damage":1,"enemies":"3 Shapes","floor":35,"turns":5},{"damage":2,"enemies":"3 Darklings","floor":37,"turns":6},{"damage":14,"enemies":"Writhing Mass","floor":38,"turns":8},{"damage":15,"enemies":"Giant Head","floor":40,"turns":6},{"damage":23,"enemies":"Nemesis","floor":44,"turns":5},{"damage":40,"enemies":"2 Orb Walkers","floor":45,"turns":6},{"damage":0,"enemies":"Reptomancer","floor":47,"turns":5},{"damage":80,"enemies":"Time Eater","floor":50,"turns":13}],"seed_played":"5198347512817516927","potions_obtained":[{"floor":1.0,"key":"Dexterity Potion"},{"floor":2.0,"key":"FearPotion"},{"floor":16.0,"key":"SmokeBomb"},{"floor":18.0,"key":"Strength Potion"},{"floor":21.0,"key":"GhostInAJar"},{"floor":23.0,"key":"Strength Potion"},{"floor":25.0,"key":"Fire Potion"},{"floor":33.0,"key":"Block Potion"},{"floor":37,"key":"Poison Potion"},{"floor":40,"key":"GamblersBrew"},{"floor":45,"key":"FearPotion"},{"floor":47,"key":"FearPotion"}],"is_trial":false,"path_per_floor":["M","M","M","?","?","E","?","R","T","E","?","M","$","?","R","B",null,"M","M","$","M","?","E","R","E","T","R","M","R","M","M","R","B",null,"M","?","M","M","?","E","R","?","T","E","?","$","E","?","R","B"],"character_chosen":"THE_SILENT","items_purchased":["Medical Kit","Dodge and Roll","strawberrySpire:DreamfoilDart","Choke","Mayhem","Noxious Fumes","Question Card","Deflect","Oddly Smooth Stone","Magnetism","PiercingWail","PreservedInsect","Footwork","Mummified Hand","Ornamental Fan","Swift Potion"],"campfire_rested":1,"item_purchase_floors":[0,0,0,0,0,0,0,0,13,13,13,20,46,46,46,46],"current_hp_per_floor":[62,57,49,54,39,37,31,31,31,25,7,7,7,7,7,7,88,88,83,83,78,78,71,71,40,40,40,40,40,40,30,30,30,88,87,98,96,82,82,67,67,67,67,46,8,8,18,18,63,0],"gold":0,"neow_bonus":"","is_prod":false,"is_daily":false,"chose_seed":false,"campfire_upgraded":7,"win_rate":0,"timestamp":1558389130,"path_taken":["M","M","M","?","?","E","?","R","T","E","?","M","$","?","R","BOSS","M","M","$","M","?","E","R","E","T","R","?","R","M","M","R","BOSS","M","?","?","M","?","E","R","?","T","E","?","$","E","?","R","BOSS"],"build_version":"2019-01-23","purchased_purges":1,"victory":false,"max_hp_per_floor":[70,70,70,75,75,81,81,81,81,88,88,88,88,88,88,88,88,88,88,88,88,88,88,88,88,88,88,88,88,88,88,88,88,88,88,98,98,98,98,98,98,98,98,100,102,102,102,102,102,102],"card_choices":[{"not_picked":["Reflex","Predator","Backflip"],"picked":"Deadly Poison","floor":1.0},{"not_picked":["Setup","Flechettes","Underhanded Strike"],"picked":"Blade Dance","floor":2.0},{"not_picked":["Blade Dance","Acrobatics","Dagger Spray"],"picked":"Well Laid Plans","floor":3.0},{"not_picked":["Acrobatics","strawberrySpire:Trickbox","strawberrySpire:DreamfoilDart"],"picked":"Escape Plan","floor":6.0},{"not_picked":["Deadly Poison","strawberrySpire:Rummage","Dagger Throw"],"picked":"Terror","floor":7.0},{"not_picked":["strawberrySpire:HotShot","Sucker Punch","Well Laid Plans"],"picked":"Backflip","floor":10.0},{"not_picked":["strawberrySpire:Pant","All Out Attack","PiercingWail"],"picked":"Dagger Spray","floor":12.0},{"not_picked":["Venomology","Die Die Die","strawberrySpire:KnifeParty"],"picked":"A Thousand Cuts","floor":16.0},{"not_picked":["Finisher+1","Deadly Poison","strawberrySpire:Grapple+1"],"picked":"Cloak And Dagger+1","floor":18.0},{"not_picked":["Terror","strawberrySpire:SpinKick","strawberrySpire:Rummage"],"picked":"Blade Dance","floor":19.0},{"not_picked":["Flying Knee","strawberrySpire:DreamfoilDart","Dagger Throw+1","Terror"],"picked":"SKIP","floor":21.0},{"not_picked":["Deflect","strawberrySpire:DreamfoilDart","strawberrySpire:Pant+1"],"picked":"Blade Dance","floor":23.0},{"not_picked":["PiercingWail+1","Finisher","strawberrySpire:Slide"],"picked":"strawberrySpire:Insectonator+1","floor":25.0},{"not_picked":["strawberrySpire:Insectonator","strawberrySpire:Rummage","PiercingWail+1"],"picked":"Burst","floor":28.0},{"not_picked":["Catalyst+1","Acrobatics+1","Eviscerate+1"],"picked":"Infinite Blades","floor":30.0},{"not_picked":["Accuracy","strawberrySpire:SideSwipe","Bane"],"picked":"Cloak And Dagger","floor":31.0},{"not_picked":["Wraith Form v2","Unload","strawberrySpire:KnifeParty"],"picked":"Bullet Time","floor":33.0},{"not_picked":["Dodge and Roll","Deflect","Acrobatics+1"],"picked":"Accuracy+1","floor":35},{"not_picked":["Dagger Throw","Concentrate","Blade Dance"],"picked":"Cloak And Dagger+1","floor":37},{"not_picked":["Outmaneuver","Masterful Stab+1","Sucker Punch"],"picked":"Noxious Fumes","floor":38},{"not_picked":["Infinite Blades+1","Concentrate+1","Wraith Form v2"],"picked":"Dodge and Roll+1","floor":40},{"not_picked":["Slice+1","Dodge and Roll","Endless Agony+1","Concentrate"],"picked":"Singing Bowl","floor":44},{"not_picked":["Backflip","Bane","Finisher","Quick Slash"],"picked":"Singing Bowl","floor":45},{"not_picked":["Slice","Sucker Punch+1","Quick Slash"],"picked":"Cloak And Dagger+1","floor":47}],"player_experience":145963,"relics_obtained":[{"floor":6.0,"key":"strawberrySpire:StillNotAdequateHouse"},{"floor":7.0,"key":"Omamori"},{"floor":9.0,"key":"FossilizedHelix"},{"floor":10.0,"key":"Strawberry"},{"floor":23.0,"key":"Bottled Flame"},{"floor":23.0,"key":"Art of War"},{"floor":25.0,"key":"Orichalcum"},{"floor":25.0,"key":"Paper Crane"},{"floor":26.0,"key":"strawberrySpire:Treaders"},{"floor":40,"key":"Juzu Bracelet"},{"floor":40,"key":"Snake Skull"},{"floor":43,"key":"Gremlin Horn"},{"floor":44,"key":"Singing Bowl"},{"floor":44,"key":"Regal Pillow"},{"floor":45,"key":"Bird Faced Urn"},{"floor":47,"key":"Circlet"},{"floor":47,"key":"Letter Opener"}],"event_choices":[{"damage_healed":0.0,"max_hp_gain":5.0,"max_hp_loss":0.0,"gold_gain":0.0,"event_name":"Big Fish","player_choice":"Donut","floor":4.0,"gold_loss":0.0,"damage_taken":0.0},{"damage_healed":0.0,"max_hp_gain":0.0,"max_hp_loss":0.0,"gold_gain":0.0,"event_name":"Shining Light","player_choice":"Entered Light","floor":5.0,"gold_loss":0.0,"damage_taken":15.0,"cards_upgraded":["Strike_G","Noxious Fumes"]},{"damage_healed":0.0,"max_hp_gain":0.0,"max_hp_loss":0.0,"gold_gain":0.0,"event_name":"Dead Adventurer","player_choice":"Searched \u00271\u0027 times","floor":7.0,"gold_loss":0.0,"damage_taken":0.0},{"damage_healed":0.0,"max_hp_gain":0.0,"max_hp_loss":0.0,"gold_gain":0.0,"event_name":"Scrap Ooze","player_choice":"Success","floor":11.0,"gold_loss":0.0,"damage_taken":18.0,"relics_obtained":["Shuriken"]},{"damage_healed":0.0,"max_hp_gain":0.0,"max_hp_loss":0.0,"gold_gain":175.0,"event_name":"Liars Game","player_choice":"AGREE","floor":14.0,"gold_loss":0.0,"damage_taken":0.0,"cards_obtained":["Doubt"]},{"damage_healed":0.0,"max_hp_gain":0.0,"max_hp_loss":0.0,"gold_gain":0.0,"cards_transformed":["Strike_G"],"event_name":"Transmorgrifier","player_choice":"Transformed","floor":22.0,"gold_loss":0.0,"damage_taken":0.0,"cards_obtained":["Concentrate"]},{"cards_removed":["A Thousand Cuts"],"damage_healed":1,"gold_gain":0,"player_choice":"Offered Rare","damage_taken":0,"max_hp_gain":10,"max_hp_loss":0,"event_name":"Bonfire Elementals","floor":36,"gold_loss":0},{"damage_healed":0,"gold_gain":0,"player_choice":"Bought 3 Potions","damage_taken":0,"max_hp_gain":0,"max_hp_loss":0,"event_name":"The Woman in Blue","floor":39,"gold_loss":0},{"cards_removed":["Strike_G"],"damage_healed":0,"gold_gain":0,"player_choice":"Removed Attack","damage_taken":0,"max_hp_gain":0,"max_hp_loss":0,"event_name":"Falling","floor":42,"gold_loss":0},{"damage_healed":0,"gold_gain":0,"player_choice":"Fight","damage_taken":0,"max_hp_gain":0,"max_hp_loss":0,"event_name":"Mysterious Sphere","floor":45,"gold_loss":0},{"damage_healed":0,"gold_gain":0,"player_choice":"Paid","damage_taken":0,"relics_obtained":["Red Mask"],"max_hp_gain":0,"max_hp_loss":0,"event_name":"Tomb of Lord Red Mask","floor":48,"gold_loss":60}],"is_beta":false,"boss_relics":[{"not_picked":["WristBlade","Fusion Hammer"],"picked":"Black Star"},{"not_picked":["Ring of the Serpent","Circlet"],"picked":"energizedSpire:DeadBattery"}],"items_purged_floors":[0],"is_endless":false,"potions_floor_spawned":[1,2,16,18,21,23,25,31,33,37,40,45,47],"killed_by":"Time Eater","ascension_level":1}