{"path_per_floor":["M","?","M","T","M","R","M","M","T","R","?","M","M","M","R","B",null,"M","?","?","$","?","R","M","?","T","M","M","R","M","$","R","B",null,"M","?","M","M","?","R","M","M","T","$","R","M","M","?","R","B"],"character_chosen":"THE_SILENT","items_purchased":["Shuriken","Pear","Catalyst","Blur","Oddly Smooth Stone"],"gold_per_floor":[111,111,128,151,162,162,178,191,216,216,216,236,250,271,271,399,399,424,424,674,22,22,22,37,0,27,51,71,71,84,49,49,179,179,198,198,222,246,246,246,266,287,287,39,39,60,74,74,74,74],"floor_reached":51,"campfire_rested":1,"playtime":3846,"current_hp_per_floor":[32,32,32,32,32,32,31,31,31,31,14,14,29,23,23,16,70,70,70,70,80,80,80,79,79,79,50,49,49,37,37,61,28,80,79,79,74,44,44,44,44,37,37,37,37,10,10,70,70,17],"items_purged":["Regret","Doubt"],"gold":74,"score":620,"play_id":"ec7003ca-83a5-472a-95b6-f1b1778cd6d9","local_time":"20180314235839","is_prod":false,"is_daily":false,"is_ascension_mode":false,"campfire_upgraded":8,"timestamp":1521061119,"path_taken":["M","?","M","?","M","R","M","M","T","R","?","?","M","M","R","BOSS","M","?","?","$","?","R","M","?","T","M","?","R","M","?","R","BOSS","M","?","M","M","?","R","?","M","T","$","R","M","M","?","R","BOSS"],"build_version":"2018-03-12v2","purchased_purges":2,"victory":true,"master_deck":["Defend_G","Defend_G","Survivor","Neutralize+1","Dagger Throw","Cloak And Dagger","Riddle With Holes+1","Quick Slash","Dash+1","Cloak And Dagger","Bouncing Flask+1","PiercingWail","Phantasmal Killer","Backflip+1","Catalyst+1","Noxious Fumes+1","Footwork+1","Poisoned Stab+1","Blur","Calculated Gamble+1","After Image","Bullet Time+1","Dodge and Roll+1","Outmaneuver+1","Predator+1","Footwork+1","Bouncing Flask+1","Backflip+1","Flying Knee"],"max_hp_per_floor":[70,70,70,70,70,70,70,70,70,70,70,70,70,70,70,70,70,70,70,70,80,80,80,80,80,80,80,80,80,80,80,80,80,80,80,80,80,80,80,80,80,80,80,80,80,80,80,70,70,70],"relics":["Ring of the Snake","Dream Catcher","Art of War","Golden Idol","Cursed Key","Shuriken","Pear","Pen Nib","Astrolabe","Ginger","Oddly Smooth Stone"],"card_choices":[{"not_picked":["Outmaneuver","Endless Agony"],"picked":"Dagger Throw"},{"not_picked":["Blur","Dagger Throw"],"picked":"Cloak And Dagger"},{"not_picked":["Caltrops","Night Terror"],"picked":"Riddle With Holes"},{"not_picked":["Masterful Stab","Accuracy"],"picked":"Quick Slash"},{"not_picked":["Blade Dance","Crippling Poison"],"picked":"Dash"},{"not_picked":["Dagger Throw","Setup"],"picked":"Cloak And Dagger"},{"not_picked":["Bane","Dagger Throw"],"picked":"Bouncing Flask"},{"not_picked":["Outmaneuver","Dagger Throw"],"picked":"PiercingWail"},{"not_picked":["Corpse Explosion","Envenom"],"picked":"Phantasmal Killer"},{"not_picked":["Underhanded Strike","Masterful Stab"],"picked":"Backflip"},{"not_picked":["Choke","Backstab"],"picked":"Noxious Fumes"},{"not_picked":["Catalyst","Acrobatics"],"picked":"Footwork"},{"not_picked":["Finisher","Prepared"],"picked":"Poisoned Stab"},{"not_picked":["A Thousand Cuts","Deflect"],"picked":"Calculated Gamble"},{"not_picked":["Wraith Form","Grand Finale"],"picked":"After Image"},{"not_picked":["Underhanded Strike","Skewer"],"picked":"Predator"},{"not_picked":["PiercingWail","Accuracy"],"picked":"Footwork"},{"not_picked":["Dagger Throw","Bane"],"picked":"Bouncing Flask"},{"not_picked":["Phantasmal Killer","Masterful Stab"],"picked":"Backflip"},{"not_picked":["Quick Slash","Setup"],"picked":"Flying Knee"}],"player_experience":275458,"potions_floor_usage":[13,16,16,28,28,30,33,41,50,50,50],"damage_taken":[{"damage":3,"enemies":"Jaw Worm","floor":1,"turns":5},{"damage":0,"enemies":"2 Louse","floor":3,"turns":2},{"damage":0,"enemies":"Small Slimes","floor":5,"turns":3},{"damage":1,"enemies":"Exordium Wildlife","floor":7,"turns":4},{"damage":0,"enemies":"Looter","floor":8,"turns":4},{"damage":0,"enemies":"3 Louse","floor":12,"turns":3},{"damage":0,"enemies":"Gremlin Gang","floor":13,"turns":6},{"damage":6,"enemies":"Exordium Wildlife","floor":14,"turns":3},{"damage":7,"enemies":"Slime Boss","floor":16,"turns":7},{"damage":0,"enemies":"Shell Parasite","floor":18,"turns":5},{"damage":1,"enemies":"Spheric Guardian","floor":24,"turns":4},{"damage":29,"enemies":"3 Cultists","floor":27,"turns":7},{"damage":1,"enemies":"Slaver and Parasite","floor":28,"turns":6},{"damage":12,"enemies":"Snecko","floor":30,"turns":5},{"damage":33,"enemies":"Collector","floor":33,"turns":6},{"damage":1,"enemies":"3 Shapes","floor":35,"turns":4},{"damage":5,"enemies":"Orb Walker","floor":37,"turns":4},{"damage":30,"enemies":"Flame Bruiser 2 Orb","floor":38,"turns":5},{"damage":0,"enemies":"Maw","floor":41,"turns":6},{"damage":7,"enemies":"Sphere and 2 Shapes","floor":42,"turns":7},{"damage":27,"enemies":"4 Shapes","floor":46,"turns":5},{"damage":0,"enemies":"Spire Growth","floor":47,"turns":5},{"damage":53,"enemies":"Time Eater","floor":50,"turns":13}],"event_choices":[{"event_name":"Living Wall","player_choice":"Forget","floor":2,"damage_taken":0},{"event_name":"Golden Idol","player_choice":"Take Damage","floor":11,"damage_taken":0},{"event_name":"Back to Basics","player_choice":"Elegance","floor":19,"damage_taken":0},{"event_name":"Golden Shrine","player_choice":"Desecrate","floor":20,"damage_taken":0},{"event_name":"Purifier","player_choice":"One Purge","floor":22,"damage_taken":0},{"event_name":"Masked Bandits","player_choice":"Paid Bandits 37 gold","floor":25,"damage_taken":0},{"event_name":"Fountain of Cleansing","player_choice":"Removed Curse","floor":36,"damage_taken":0},{"event_name":"Tomb of Lord Red Mask","player_choice":"Ignored","floor":39,"damage_taken":0},{"event_name":"The Moai Head","player_choice":"Heal","floor":48,"damage_taken":0}],"boss_relics":[{"not_picked":["Calling Bell","Philosopher\u0027s Stone"],"picked":"Cursed Key"},{"not_picked":["Runic Pyramid","Orrery"],"picked":"Astrolabe"}],"potions_floor_spawned":[1,5,8,14,16,27,28,30,35,41,47],"seed_played":"-7839203009540184201","ascension_level":0,"is_trial":false}