{"gold_per_floor":[111,121,121,138,138,138,171,183,210,241,259,286,298,298,298,402,402,420,520,520,538,538,572,607,633,657,683,0,25,37,37,37,140,140,159,2,14,14,33,92,92,92,162,178,206,206,239,265,265,265,265,265,0,33,33],"floor_reached":55,"playtime":2561,"items_purged":["Strike_R","Strike_R"],"score":1057,"play_id":"bc46f4d1-a6e6-4164-bc58-93ba05aa0080","local_time":"20181217070818","is_ascension_mode":true,"campfire_choices":[{"data":"Pommel Strike","floor":6,"key":"SMITH"},{"data":"Armaments","floor":15,"key":"SMITH"},{"data":"1","floor":32,"key":"LIFT"},{"data":"Juggernaut","floor":41,"key":"SMITH"},{"floor":42,"key":"RECALL"},{"data":"Disarm","floor":49,"key":"SMITH"},{"data":"Corruption","floor":52,"key":"SMITH"}],"neow_cost":"CURSE","seed_source_timestamp":289744397349509,"circlet_count":0,"master_deck":["Strike_R+1","Strike_R","Strike_R","Defend_R","Defend_R+1","Defend_R+1","Defend_R+1","Bash","Pommel Strike+1","Shockwave","Armaments+1","Reckless Charge","Clash","Shrug It Off","Bludgeon","Carnage","Impervious","Iron Wave","Flame Barrier","True Grit+1","Feel No Pain","Flame Barrier","Double Tap","Uppercut","Mayhem","Flash of Steel","Inflame","Corruption+1","Entrench","Disarm+1","Juggernaut+1","Havoc","Infernal Blade+1","Shrug It Off","Disarm+1","Dual Wield+1","Spot Weakness","Shrug It Off+1","Metamorphosis","Dual Wield","Warcry","Headbutt+1"],"relics":["Burning Blood","Nunchaku","Pen Nib","Red Skull","Blood Vial","Bronze Scales","Mark of Pain","Girya","The Courier","Dead Branch","Red Mask","Omamori","Potion Belt","Vajra","Anchor","Singing Bowl","Black Star","Strange Spoon","Smiling Mask","Tiny Chest","WingedGreaves","Dodecahedron","Question Card","War Paint","Ancient Tea Set","Art of War","Incense Burner","Shuriken","Pantograph","Lantern"],"potions_floor_usage":[10,11,16,24,27,33,33,45,48,48,50,55,55,55],"damage_taken":[{"damage":8,"enemies":"2 Louse","floor":1,"turns":4},{"damage":0,"enemies":"Small Slimes","floor":2,"turns":4},{"damage":0,"enemies":"Cultist","floor":4,"turns":2},{"damage":48,"enemies":"Lagavulin","floor":7,"turns":7},{"damage":3,"enemies":"Large Slime","floor":8,"turns":6},{"damage":6,"enemies":"Gremlin Nob","floor":10,"turns":3},{"damage":8,"enemies":"Red Slaver","floor":11,"turns":2},{"damage":25,"enemies":"3 Sentries","floor":12,"turns":7},{"damage":4,"enemies":"Looter","floor":13,"turns":3},{"damage":12,"enemies":"Hexaghost","floor":16,"turns":8},{"damage":24,"enemies":"2 Thieves","floor":18,"turns":4},{"damage":7,"enemies":"Colosseum Slavers","floor":19,"turns":3},{"damage":10,"enemies":"Colosseum Nobs","floor":19,"turns":4},{"damage":5,"enemies":"Spheric Guardian","floor":21,"turns":3},{"damage":1,"enemies":"Book of Stabbing","floor":23,"turns":5},{"damage":11,"enemies":"Masked Bandits","floor":24,"turns":4},{"damage":33,"enemies":"Gremlin Leader","floor":25,"turns":8},{"damage":18,"enemies":"Slavers","floor":27,"turns":8},{"damage":32,"enemies":"Gremlin Leader","floor":29,"turns":6},{"damage":0,"enemies":"Centurion and Healer","floor":30,"turns":4},{"damage":5,"enemies":"Champ","floor":33,"turns":6},{"damage":27,"enemies":"3 Darklings","floor":35,"turns":9},{"damage":0,"enemies":"Orb Walker","floor":37,"turns":4},{"damage":18,"enemies":"Jaw Worm Horde","floor":39,"turns":4},{"damage":9,"enemies":"Nemesis","floor":40,"turns":7},{"damage":32,"enemies":"3 Darklings","floor":44,"turns":6},{"damage":4,"enemies":"Reptomancer","floor":45,"turns":4},{"damage":0,"enemies":"Nemesis","floor":47,"turns":5},{"damage":17,"enemies":"Reptomancer","floor":48,"turns":5},{"damage":14,"enemies":"Time Eater","floor":50,"turns":9},{"damage":6,"enemies":"Shield and Spear","floor":54,"turns":5},{"damage":90,"enemies":"The Heart","floor":55,"turns":5}],"seed_played":"-2186631678730191575","potions_obtained":[{"floor":7,"key":"EssenceOfSteel"},{"floor":8,"key":"Strength Potion"},{"floor":10,"key":"Swift Potion"},{"floor":11,"key":"Fruit Juice"},{"floor":16,"key":"Ancient Potion"},{"floor":24,"key":"Ancient Potion"},{"floor":25,"key":"Regen Potion"},{"floor":29,"key":"Swift Potion"},{"floor":30,"key":"AttackPotion"},{"floor":33,"key":"Energy Potion"},{"floor":35,"key":"Energy Potion"},{"floor":44,"key":"LiquidBronze"},{"floor":45,"key":"Poison Potion"},{"floor":47,"key":"AttackPotion"},{"floor":48,"key":"SpeedPotion"}],"is_trial":false,"path_per_floor":["M","M","?","M","?","R","E","M","T","E","M","E","M","?","R","B",null,"M","?","?","M","?","E","?","E","T","E","$","E","M","$","R","B",null,"M","$","M","T","M","E","R","R","T","M","E","?","E","E","R","B",null,"R","$","E","B"],"character_chosen":"IRONCLAD","items_purchased":["Mayhem","Flash of Steel","Inflame","Corruption","Vajra","Anchor","Entrench","Strange Spoon","Metamorphosis","Dual Wield","Warcry"],"campfire_rested":0,"item_purchase_floors":[28,28,28,28,28,28,28,36,53,53,53],"current_hp_per_floor":[78,80,64,70,70,70,28,31,31,31,36,19,23,23,23,19,85,67,66,66,69,69,76,73,48,48,53,53,31,39,39,39,42,87,68,68,76,76,66,65,65,65,65,41,45,45,53,44,44,38,89,89,89,89,0],"gold":33,"neow_bonus":"ONE_RARE_RELIC","is_prod":false,"is_daily":false,"chose_seed":false,"campfire_upgraded":5,"win_rate":0,"timestamp":1545019698,"path_taken":["M","M","?","M","?","R","E","?","T","E","M","E","M","?","R","BOSS","M","?","?","M","?","E","?","E","T","E","$","E","M","?","R","BOSS","M","$","?","?","M","E","R","R","T","?","E","?","E","E","R","BOSS","R","$","E","BOSS"],"build_version":"2018-12-13","purchased_purges":2,"victory":false,"max_hp_per_floor":[80,80,80,80,80,80,80,80,80,80,85,85,85,85,85,85,85,85,85,85,85,85,85,85,85,85,85,85,87,87,87,87,87,87,89,89,89,89,89,89,89,89,89,89,89,89,89,89,89,89,89,89,89,89,89],"card_choices":[{"not_picked":["Havoc","Warcry"],"picked":"Pommel Strike","floor":1},{"not_picked":["Flex","Anger"],"picked":"Shockwave","floor":2},{"not_picked":["Exhume","Thunderclap"],"picked":"Armaments","floor":4},{"not_picked":["Sentinel","Berserk","Perfected Strike"],"picked":"SKIP","floor":7},{"not_picked":["Metallicize","Pommel Strike"],"picked":"Reckless Charge","floor":8},{"not_picked":["Thunderclap","Searing Blow"],"picked":"Clash","floor":10},{"not_picked":["Body Slam","Havoc"],"picked":"Shrug It Off","floor":11},{"not_picked":["Offering","Wild Strike"],"picked":"Bludgeon","floor":12},{"not_picked":["Sever Soul","Pommel Strike"],"picked":"Carnage","floor":13},{"not_picked":["Double Tap","Reaper"],"picked":"Impervious","floor":16},{"not_picked":["Clash","Heavy Blade"],"picked":"Iron Wave","floor":18},{"not_picked":["Pommel Strike+1","Fire Breathing"],"picked":"Thunderclap+1","floor":19},{"not_picked":["Havoc","Sword Boomerang"],"picked":"True Grit+1","floor":21},{"not_picked":["Anger","Iron Wave"],"picked":"Feel No Pain","floor":23},{"not_picked":["Wild Strike","Body Slam"],"picked":"Flame Barrier","floor":24},{"not_picked":["Bloodletting+1","Metallicize+1"],"picked":"Double Tap","floor":25},{"not_picked":["Blood for Blood","Combust"],"picked":"Uppercut","floor":27},{"not_picked":["Warcry","Clothesline+1","Thunderclap+1"],"picked":"Singing Bowl","floor":29},{"not_picked":["Wild Strike","Corruption+1"],"picked":"Disarm","floor":30},{"not_picked":["Berserk","Reaper"],"picked":"Juggernaut","floor":33},{"not_picked":["Armaments","Evolve","Clash+1"],"picked":"Singing Bowl","floor":35},{"not_picked":["Sword Boomerang","Anger"],"picked":"Havoc","floor":37},{"not_picked":["Flex","Whirlwind"],"picked":"Infernal Blade+1","floor":39},{"not_picked":["Flex+1","Whirlwind+1"],"picked":"Shrug It Off","floor":40},{"not_picked":["Infernal Blade+1","Shrug It Off"],"picked":"Disarm+1","floor":44},{"not_picked":["Thunderclap+1","Hemokinesis"],"picked":"Dual Wield+1","floor":45},{"not_picked":["Battle Trance+1","Armaments","Brutality"],"picked":"Spot Weakness","floor":47},{"not_picked":["Dropkick+1","Twin Strike+1","Berserk"],"picked":"Shrug It Off+1","floor":48},{"not_picked":["Bloodletting+1","Second Wind","Clash+1"],"picked":"Headbutt+1","floor":54}],"player_experience":982080,"relics_obtained":[{"floor":7,"key":"Pen Nib"},{"floor":9,"key":"Red Skull"},{"floor":10,"key":"Blood Vial"},{"floor":12,"key":"Bronze Scales"},{"floor":19,"key":"Girya"},{"floor":19,"key":"The Courier"},{"floor":23,"key":"Dead Branch"},{"floor":24,"key":"Red Mask"},{"floor":25,"key":"Omamori"},{"floor":27,"key":"Potion Belt"},{"floor":29,"key":"Singing Bowl"},{"floor":38,"key":"Smiling Mask"},{"floor":40,"key":"Tiny Chest"},{"floor":40,"key":"WingedGreaves"},{"floor":43,"key":"Dodecahedron"},{"floor":45,"key":"Question Card"},{"floor":45,"key":"War Paint"},{"floor":47,"key":"Ancient Tea Set"},{"floor":47,"key":"Art of War"},{"floor":48,"key":"Incense Burner"},{"floor":48,"key":"Shuriken"},{"floor":54,"key":"Pantograph"},{"floor":54,"key":"Lantern"}],"event_choices":[{"damage_healed":0,"gold_gain":0,"player_choice":"Entered Light","damage_taken":16,"max_hp_gain":0,"max_hp_loss":0,"event_name":"Shining Light","floor":3,"gold_loss":0,"cards_upgraded":["Strike_R","Defend_R"]},{"damage_healed":0,"gold_gain":0,"player_choice":"Cursed","damage_taken":0,"max_hp_gain":0,"max_hp_loss":0,"event_name":"Wheel of Change","floor":5,"gold_loss":0,"cards_obtained":["Decay"]},{"cards_removed":["Decay","Decay"],"damage_healed":0,"gold_gain":0,"player_choice":"Removed Curses","damage_taken":0,"max_hp_gain":0,"max_hp_loss":0,"event_name":"Fountain of Cleansing","floor":14,"gold_loss":0},{"damage_healed":0,"gold_gain":0,"player_choice":"Fight","damage_taken":0,"max_hp_gain":0,"max_hp_loss":0,"event_name":"Colosseum","floor":19,"gold_loss":0},{"damage_healed":0,"gold_gain":0,"player_choice":"Fought Nobs","damage_taken":0,"max_hp_gain":0,"max_hp_loss":0,"event_name":"Colosseum","floor":19,"gold_loss":0},{"damage_healed":0,"gold_gain":0,"player_choice":"Read","damage_taken":0,"max_hp_gain":0,"max_hp_loss":0,"event_name":"The Library","floor":20,"gold_loss":0,"cards_obtained":["Flame Barrier"]},{"damage_healed":0,"gold_gain":0,"player_choice":"Ignored","damage_taken":0,"max_hp_gain":0,"max_hp_loss":0,"event_name":"Ghosts","floor":22,"gold_loss":0},{"damage_healed":0,"gold_gain":0,"player_choice":"Fought Bandits","damage_taken":0,"max_hp_gain":0,"max_hp_loss":0,"event_name":"Masked Bandits","floor":24,"gold_loss":0},{"cards_removed":["Thunderclap"],"damage_healed":0,"gold_gain":0,"player_choice":"Removed Attack","damage_taken":0,"max_hp_gain":0,"max_hp_loss":0,"event_name":"Falling","floor":46,"gold_loss":0}],"is_beta":true,"boss_relics":[{"not_picked":["Philosopher\u0027s Stone","White Beast Statue"],"picked":"Mark of Pain"},{"not_picked":["Runic Cube","Snecko Eye"],"picked":"Black Star"}],"items_purged_floors":[28,53],"is_endless":false,"potions_floor_spawned":[7,8,10,11,16,24,25,29,30,33,35,44,45,47,48],"killed_by":"The Heart","ascension_level":1}