{"path_per_floor":["M","M","?","?","M","R","M","R","T","$","M","R","M","M","R","B",null,"M","M","M","?","?","R","M","?","T","R","M","$","R","E","R","B",null,"M","?","M","$","?","E","R","M","T","?","M"],"character_chosen":"IRONCLAD","items_purchased":["War Paint","Whetstone","Singing Bowl"],"gold_per_floor":[116,135,135,210,220,220,238,238,238,14,33,33,50,67,67,168,168,187,197,208,208,241,241,257,182,236,236,249,4,4,32,32,136,136,150,150,165,18,18,53,53,65,65,65,85],"floor_reached":46,"campfire_rested":2,"playtime":2006,"current_hp_per_floor":[75,65,53,42,36,36,31,31,31,31,17,41,33,28,52,19,80,71,66,45,45,47,47,55,55,55,55,56,56,56,47,47,34,56,56,56,50,50,50,18,18,5,5,5,10],"items_purged":["Strike_R","Bite"],"gold":85,"score":488,"play_id":"eb08ebd7-201d-4efa-8f24-3b9479823b07","local_time":"20180314013116","is_prod":false,"is_daily":false,"is_ascension_mode":false,"campfire_upgraded":7,"timestamp":1520980276,"path_taken":["M","M","?","?","?","R","M","R","T","$","M","R","M","M","R","BOSS","M","?","M","?","?","R","M","?","T","R","M","$","R","E","R","BOSS","M","?","?","$","?","E","R","M","T","?","?","M"],"build_version":"2018-03-12v2","purchased_purges":2,"victory":false,"master_deck":["Defend_R+1","Defend_R","Defend_R+1","Bash","Cleave+1","Seeing Red","Thunderclap+1","Juggernaut","Armaments+1","Clothesline","Shrug It Off","Double Tap+1","Shrug It Off","Pummel","Bite","Bite","Bite+1","Bite+1","Pommel Strike+1","Heavy Blade+1","Corruption+1","Inflame+1","Offering+1","Body Slam+1","Intimidate+1","Headbutt","Iron Wave","Limit Break","Rage","Headbutt","Flex+1"],"max_hp_per_floor":[80,80,80,80,80,80,80,80,80,80,80,80,80,80,80,80,80,80,80,80,56,56,56,56,56,56,56,56,56,56,56,56,56,56,56,56,56,56,56,56,56,58,58,58,60],"relics":["Question Card","Dodecahedron","Orichalcum","War Paint","Cursed Key","Red Mask","Tiny Chest","Whetstone","Mercury Hourglass","Orrery","Singing Bowl","Ancient Tea Set","Bottled Flame"],"card_choices":[{"not_picked":["Combust","Ghostly Armor","Shrug It Off"],"picked":"Cleave"},{"not_picked":["Havoc","Anger","Pommel Strike"],"picked":"Seeing Red"},{"not_picked":["Sword Boomerang","Twin Strike","Warcry"],"picked":"Thunderclap"},{"not_picked":["Wild Strike","Entrench","Warcry"],"picked":"Juggernaut"},{"not_picked":["Reckless Charge","Body Slam","Disarm"],"picked":"Armaments"},{"not_picked":["Heavy Blade","Bloodletting","Burning Pact"],"picked":"Clothesline"},{"not_picked":["Twin Strike","Warcry","Infernal Blade"],"picked":"Shrug It Off"},{"not_picked":["Dark Embrace","Limit Break","Feed"],"picked":"Double Tap"},{"not_picked":["Body Slam","Bloodletting","Disarm"],"picked":"Shrug It Off"},{"not_picked":["Havoc","True Grit","Rage"],"picked":"Pummel"},{"not_picked":["Thunderclap","Entrench","Heavy Blade"],"picked":"Anger"},{"not_picked":["Body Slam","Perfected Strike","Heavy Blade"],"picked":"Pommel Strike"},{"not_picked":["Feel No Pain","Iron Wave","Immolate"],"picked":"Heavy Blade"},{"not_picked":["Twin Strike","Wild Strike","Sword Boomerang"],"picked":"Corruption"},{"not_picked":["Warcry","Ghostly Armor","Havoc"],"picked":"Inflame"},{"not_picked":["Impervious","Double Tap","Immolate"],"picked":"Offering"},{"not_picked":["Fire Breathing","Evolve","Perfected Strike"],"picked":"Body Slam"},{"not_picked":["Perfected Strike","Rampage","Wild Strike"],"picked":"Intimidate"},{"not_picked":["Warcry","Thunderclap","Heavy Blade"],"picked":"Headbutt"},{"not_picked":["Rupture","Battle Trance","Armaments"],"picked":"Iron Wave"},{"not_picked":["Clothesline","True Grit","Shrug It Off"],"picked":"Limit Break"},{"not_picked":["Perfected Strike","Warcry","Heavy Blade"],"picked":"Rage"},{"not_picked":["Anger","Heavy Blade","Cleave"],"picked":"Flex"}],"player_experience":269417,"potions_floor_usage":[22,22,31,33,33,42],"damage_taken":[{"damage":5,"enemies":"Jaw Worm","floor":1,"turns":4},{"damage":10,"enemies":"Small Slimes","floor":2,"turns":3},{"damage":6,"enemies":"Cultist","floor":5,"turns":3},{"damage":5,"enemies":"Gremlin Gang","floor":7,"turns":2},{"damage":14,"enemies":"Exordium Thugs","floor":11,"turns":4},{"damage":8,"enemies":"Blue Slaver","floor":13,"turns":4},{"damage":5,"enemies":"2 Fungi Beasts","floor":14,"turns":3},{"damage":33,"enemies":"The Guardian","floor":16,"turns":15},{"damage":9,"enemies":"Spheric Guardian","floor":18,"turns":5},{"damage":5,"enemies":"3 Byrds","floor":19,"turns":6},{"damage":21,"enemies":"Snake Plant","floor":20,"turns":6},{"damage":4,"enemies":"Masked Bandits","floor":22,"turns":3},{"damage":1,"enemies":"Cultist and Chosen","floor":24,"turns":5},{"damage":2,"enemies":"Centurion and Healer","floor":28,"turns":6},{"damage":12,"enemies":"Slavers","floor":31,"turns":3},{"damage":25,"enemies":"Automaton","floor":33,"turns":8},{"damage":4,"enemies":"Flame Bruiser 1 Orb","floor":35,"turns":4},{"damage":10,"enemies":"3 Shapes","floor":37,"turns":4},{"damage":48,"enemies":"Giant Head","floor":40,"turns":7},{"damage":25,"enemies":"Spire Growth","floor":42,"turns":3},{"damage":5,"enemies":"Flame Bruiser 2 Orb","floor":45,"turns":3},{"damage":24,"enemies":"Sphere and 2 Shapes","floor":46,"turns":3}],"event_choices":[{"event_name":"Scrap Ooze","player_choice":"success","floor":3,"damage_taken":12},{"event_name":"World of Goop","player_choice":"Gather Gold","floor":4,"damage_taken":0},{"event_name":"Vampires","player_choice":"Became a vampire","floor":21,"damage_taken":0},{"event_name":"Masked Bandits","player_choice":"Fought over 208 gold","floor":22,"damage_taken":0},{"event_name":"Beggar","player_choice":"Gave Gold","floor":25,"damage_taken":0},{"event_name":"Match and Keep!","player_choice":"1 cards matched","floor":39,"damage_taken":0},{"event_name":"Fountain of Cleansing","player_choice":"Removed Curse","floor":44,"damage_taken":0}],"boss_relics":[{"not_picked":["Calling Bell","White Beast Statue"],"picked":"Cursed Key"},{"not_picked":["Pandora\u0027s Box","Velvet Choker"],"picked":"Orrery"}],"potions_floor_spawned":[1,2,13,14,18,22,24,35],"seed_played":"7758305683714708053","killed_by":"Sphere and 2 Shapes","ascension_level":0,"is_trial":false}