{"gold_per_floor":[19,32,43,62,75,107,123,123,147,47,61,91,105,124,124,222,222,235,235],"floor_reached":19,"playtime":1089,"items_purged":["Strike_G"],"score":185,"play_id":"63dd1f92-4d7f-4ccc-8ad6-610d0ea6dbf2","local_time":"20181020223941","is_ascension_mode":false,"campfire_choices":[{"data":"Noxious Fumes","floor":8,"key":"SMITH"},{"data":"Catalyst","floor":15,"key":"SMITH"}],"neow_cost":"NO_GOLD","seed_source_timestamp":68305913289702,"circlet_count":0,"master_deck":["Defend_G","Defend_G","Defend_G","Defend_G","Defend_G","Strike_G","Strike_G","Strike_G","Strike_G","Survivor","Neutralize","Noxious Fumes+1","Well Laid Plans","Escape Plan","Noxious Fumes","Bane","Crippling Poison","Endless Agony","Deflect","Deadly Poison","Sucker Punch","Catalyst+1","PiercingWail","Night Terror","Backflip+1"],"relics":["Ring of the Snake","WingedGreaves","Juzu Bracelet","StoneCalendar","HoveringKite"],"potions_floor_usage":[6,7,12,12,16,19,19],"damage_taken":[{"damage":1,"enemies":"Cultist","floor":1,"turns":5},{"damage":0,"enemies":"Jaw Worm","floor":2,"turns":5},{"damage":0,"enemies":"2 Louse","floor":3,"turns":3},{"damage":23,"enemies":"Large Slime","floor":4,"turns":9},{"damage":3,"enemies":"Red Slaver","floor":5,"turns":5},{"damage":3,"enemies":"Lagavulin","floor":6,"turns":8},{"damage":1,"enemies":"3 Louse","floor":7,"turns":2},{"damage":0,"enemies":"2 Fungi Beasts","floor":11,"turns":4},{"damage":11,"enemies":"Gremlin Nob","floor":12,"turns":4},{"damage":1,"enemies":"Blue Slaver","floor":13,"turns":4},{"damage":2,"enemies":"Exordium Wildlife","floor":14,"turns":3},{"damage":10,"enemies":"Hexaghost","floor":16,"turns":7},{"damage":36,"enemies":"2 Thieves","floor":18,"turns":4},{"damage":11,"enemies":"Colosseum Slavers","floor":19,"turns":4},{"damage":44,"enemies":"Colosseum Nobs","floor":19,"turns":3}],"seed_played":"-5319225351299465209","potions_obtained":[{"floor":2,"key":"Regen Potion"},{"floor":3,"key":"Regen Potion"},{"floor":5,"key":"Explosive Potion"},{"floor":6,"key":"Energy Potion"},{"floor":11,"key":"Dexterity Potion"},{"floor":12,"key":"PowerPotion"},{"floor":16,"key":"PowerPotion"},{"floor":18,"key":"LiquidBronze"}],"is_trial":false,"path_per_floor":["M","M","M","M","M","E","M","R","T","$","M","E","M","M","R","B",null,"M"],"character_chosen":"THE_SILENT","items_purchased":["Deflect"],"campfire_rested":0,"item_purchase_floors":[10],"current_hp_per_floor":[83,83,83,60,57,68,67,67,67,67,67,56,55,53,53,43,84,48,0],"gold":235,"neow_bonus":"TWENTY_PERCENT_HP_BONUS","is_prod":false,"is_daily":false,"chose_seed":false,"campfire_upgraded":2,"win_rate":0,"timestamp":1540064381,"path_taken":["M","M","M","M","M","E","M","R","T","$","M","E","M","M","R","BOSS","M","?"],"build_version":"2018-10-19","purchased_purges":1,"victory":false,"max_hp_per_floor":[84,84,84,84,84,84,84,84,84,84,84,84,84,84,84,84,84,84,84],"card_choices":[{"not_picked":["PiercingWail","Dodge and Roll"],"picked":"Noxious Fumes","floor":1},{"not_picked":["Quick Slash","Outmaneuver"],"picked":"Well Laid Plans","floor":2},{"not_picked":["PiercingWail","Prepared"],"picked":"Escape Plan","floor":3},{"not_picked":["Flying Knee","Concentrate"],"picked":"Noxious Fumes","floor":4},{"not_picked":["Storm of Steel","Prepared"],"picked":"Bane","floor":5},{"not_picked":["Infinite Blades","Concentrate"],"picked":"Crippling Poison","floor":6},{"not_picked":["Crippling Poison","Riddle With Holes"],"picked":"Endless Agony","floor":7},{"not_picked":["Crippling Poison","Poisoned Stab"],"picked":"Deadly Poison","floor":11},{"not_picked":["Riddle With Holes","Slice"],"picked":"Sucker Punch","floor":12},{"not_picked":["A Thousand Cuts","Finisher"],"picked":"Catalyst","floor":13},{"not_picked":["Dagger Throw","Quick Slash"],"picked":"PiercingWail","floor":14},{"not_picked":["Envenom","Venomology"],"picked":"Night Terror","floor":16},{"not_picked":["Well Laid Plans","Underhanded Strike+1"],"picked":"Backflip+1","floor":18}],"player_experience":810032,"relics_obtained":[{"floor":6,"key":"WingedGreaves"},{"floor":9,"key":"Juzu Bracelet"},{"floor":12,"key":"StoneCalendar"}],"event_choices":[{"damage_healed":0,"gold_gain":0,"player_choice":"Fight","damage_taken":0,"max_hp_gain":0,"max_hp_loss":0,"event_name":"Colosseum","floor":19,"gold_loss":0},{"damage_healed":0,"gold_gain":0,"player_choice":"Fought Nobs","damage_taken":0,"max_hp_gain":0,"max_hp_loss":0,"event_name":"Colosseum","floor":19,"gold_loss":0}],"is_beta":true,"boss_relics":[{"not_picked":["WristBlade","Snecko Eye"],"picked":"HoveringKite"}],"items_purged_floors":[10],"is_endless":false,"potions_floor_spawned":[2,3,5,6,11,12,16,18],"killed_by":"Colosseum Nobs","ascension_level":0}