{"path_per_floor":["M","?","M","?","M","R","E","M","T","M","M","M","R","?","R","B",null,"M","?","M","$","?","R","E","M","T"],"character_chosen":"THE_SILENT","items_purchased":["Trip"],"gold_per_floor":[14,14,28,28,44,44,77,89,89,106,124,139,139,119,119,221,221,239,239,251,70,103,103,129,140,213,213],"floor_reached":27,"campfire_rested":2,"playtime":1028,"current_hp_per_floor":[69,69,69,55,54,54,37,28,28,22,14,14,35,35,35,30,70,55,55,43,43,22,43,34,5,5,0],"items_purged":["Strike_G"],"gold":213,"score":235,"play_id":"578a3125-bbe3-4b96-aed2-26d79e083672","local_time":"20180401140152","is_prod":false,"is_daily":false,"is_ascension_mode":false,"campfire_upgraded":2,"timestamp":1522580512,"path_taken":["M","?","M","?","?","R","E","M","T","M","M","M","R","?","R","BOSS","M","?","M","$","?","R","E","M","T","?"],"build_version":"2018-03-29","purchased_purges":1,"victory":false,"master_deck":["Defend_G+1","Defend_G+1","Defend_G+1","Defend_G+1","Strike_G+1","Strike_G+1","Strike_G+1","Survivor+1","Neutralize+1","Quick Slash+1","Infinite Blades","Dagger Spray","Poisoned Stab","Burst","Blur+1","Infinite Blades","Night Terror","Caltrops+1","Trip","Terror+1","Flying Knee","Cloak And Dagger"],"max_hp_per_floor":[70,70,70,70,70,70,70,70,70,70,70,70,70,70,70,70,70,70,70,70,70,70,70,70,70,70,70],"relics":["Ring of the Snake","Bottled Flame","Lantern","Philosopher\u0027s Stone","Red Mask","Du-Vu Doll","Toxic Egg 2"],"card_choices":[{"not_picked":["Bane","Sucker Punch"],"picked":"Quick Slash","floor":1},{"not_picked":["All Out Attack","Poisoned Stab"],"picked":"Infinite Blades","floor":3},{"not_picked":["Bane","Dodge and Roll"],"picked":"Dagger Spray","floor":7},{"not_picked":["Endless Agony","Accuracy"],"picked":"Poisoned Stab","floor":8},{"not_picked":["Underhanded Strike","Dodge and Roll"],"picked":"Burst","floor":10},{"not_picked":["Underhanded Strike","Bane"],"picked":"Blur","floor":11},{"not_picked":["Finisher","All Out Attack"],"picked":"Infinite Blades","floor":12},{"not_picked":["Venomology","Bullet Time"],"picked":"Night Terror","floor":16},{"not_picked":["Quick Slash","Deflect"],"picked":"Caltrops","floor":20},{"not_picked":["Bullet Time","PiercingWail"],"picked":"Terror","floor":22},{"not_picked":["Backflip","Deadly Poison"],"picked":"Flying Knee","floor":24},{"not_picked":["Dagger Throw","Quick Slash"],"picked":"Cloak And Dagger","floor":25}],"player_experience":308811,"potions_floor_usage":[16,18,18,24,25],"damage_taken":[{"damage":1,"enemies":"Cultist","floor":1,"turns":4},{"damage":0,"enemies":"Jaw Worm","floor":3,"turns":3},{"damage":1,"enemies":"Small Slimes","floor":5,"turns":4},{"damage":17,"enemies":"3 Sentries","floor":7,"turns":8},{"damage":9,"enemies":"3 Louse","floor":8,"turns":2},{"damage":6,"enemies":"2 Fungi Beasts","floor":10,"turns":3},{"damage":8,"enemies":"Exordium Thugs","floor":11,"turns":4},{"damage":0,"enemies":"Looter","floor":12,"turns":3},{"damage":5,"enemies":"Hexaghost","floor":16,"turns":11},{"damage":15,"enemies":"Chosen","floor":18,"turns":6},{"damage":12,"enemies":"Spheric Guardian","floor":20,"turns":4},{"damage":21,"enemies":"Masked Bandits","floor":22,"turns":6},{"damage":9,"enemies":"Slavers","floor":24,"turns":5},{"damage":29,"enemies":"Slaver and Parasite","floor":25,"turns":5}],"event_choices":[{"event_name":"Living Wall","player_choice":"Grow","floor":2,"damage_taken":0},{"event_name":"Shining Light","player_choice":"Entered Light","floor":4,"damage_taken":0},{"event_name":"The Woman in Blue","player_choice":"Bought 1 Potion","floor":14,"damage_taken":0},{"event_name":"Back to Basics","player_choice":"Simplicity","floor":19,"damage_taken":0},{"event_name":"Masked Bandits","player_choice":"Fought over 70 gold","floor":22,"damage_taken":0}],"boss_relics":[{"not_picked":["Ectoplasm","Velvet Choker"],"picked":"Philosopher\u0027s Stone"}],"potions_floor_spawned":[7,8,12,16,20,22],"seed_played":"-2783595274644103212","ascension_level":0,"is_trial":false}