{"gold_per_floor":[119,139,155,167,167,201,201,216,291,291,309,309,325,352,352,451,451,466,83,99,115,115,115,130,142,190,190,54,72,83,83,83,183,183,196,196,71,71,71,87,87,104,183,196,206,221,71,91,91,91,91,91,91,91],"floor_reached":54,"playtime":5587,"items_purged":["Strike_R","Strike_R","Strike_R","Writhe"],"score":794,"play_id":"3a1e8f17-6036-4b40-b992-6e3818fb049b","local_time":"20190803160110","is_ascension_mode":true,"campfire_choices":[{"floor":7,"key":"RECALL"},{"data":"Bash","floor":10,"key":"SMITH"},{"data":"Body Slam","floor":12,"key":"SMITH"},{"data":"Armaments","floor":15,"key":"SMITH"},{"data":"Shrug It Off","floor":23,"key":"SMITH"},{"data":"Limit Break","floor":27,"key":"SMITH"},{"data":"Inflame","floor":32,"key":"SMITH"},{"floor":41,"key":"REST"},{"floor":49,"key":"REST"},{"floor":52,"key":"REST"}],"neow_cost":"NONE","seed_source_timestamp":167703168605500,"circlet_count":0,"master_deck":["Strike_R+1","Defend_R+1","Defend_R+1","Defend_R+1","Defend_R+1","Bash+1","Rampage+1","Body Slam+1","Flex+1","Carnage+1","Offering+1","Cleave+1","Whirlwind+1","Shrug It Off+1","Inflame+1","Armaments+1","Impervious+1","Intimidate+1","Flex+1","Body Slam+1","Shrug It Off+1","Whirlwind+1","Limit Break+1","Shockwave+1","Combust+1","Carnage+1","Dark Embrace+1","Hemokinesis+1","Thinking Ahead+1","Madness","Madness","Twin Strike","Twin Strike+1","Heavy Blade+1","Flex","Blood for Blood+1"],"relics":["Burning Blood","Potion Belt","Pocketwatch","Runic Pyramid","Mercury Hourglass","Bag of Marbles","Pen Nib","Fusion Hammer","Mark of the Bloom","Meat on the Bone"],"potions_floor_usage":[14,14,20,33,33,44,44,50,50,50],"damage_taken":[{"damage":0,"enemies":"Small Slimes","floor":1,"turns":4},{"damage":3,"enemies":"Jaw Worm","floor":2,"turns":3},{"damage":3,"enemies":"2 Louse","floor":3,"turns":3},{"damage":5,"enemies":"Exordium Wildlife","floor":4,"turns":4},{"damage":12,"enemies":"Gremlin Nob","floor":6,"turns":3},{"damage":11,"enemies":"Looter","floor":8,"turns":2},{"damage":2,"enemies":"Large Slime","floor":11,"turns":5},{"damage":8,"enemies":"Blue Slaver","floor":13,"turns":2},{"damage":6,"enemies":"Lagavulin","floor":14,"turns":4},{"damage":6,"enemies":"Slime Boss","floor":16,"turns":7},{"damage":6,"enemies":"3 Byrds","floor":18,"turns":6},{"damage":8,"enemies":"Spheric Guardian","floor":20,"turns":4},{"damage":12,"enemies":"Centurion and Healer","floor":21,"turns":4},{"damage":13,"enemies":"Shelled Parasite and Fungi","floor":24,"turns":4},{"damage":6,"enemies":"3 Cultists","floor":25,"turns":2},{"damage":0,"enemies":"Snake Plant","floor":29,"turns":4},{"damage":6,"enemies":"Chosen and Byrds","floor":30,"turns":4},{"damage":30,"enemies":"Collector","floor":33,"turns":4},{"damage":7,"enemies":"Orb Walker","floor":35,"turns":3},{"damage":18,"enemies":"3 Darklings","floor":40,"turns":3},{"damage":4,"enemies":"Transient","floor":42,"turns":5},{"damage":31,"enemies":"Jaw Worm Horde","floor":44,"turns":2},{"damage":0,"enemies":"Sphere and 2 Shapes","floor":45,"turns":3},{"damage":0,"enemies":"Transient","floor":46,"turns":5},{"damage":0,"enemies":"Jaw Worm Horde","floor":48,"turns":1},{"damage":22,"enemies":"Donu and Deca","floor":50,"turns":7},{"damage":2,"enemies":"Shield and Spear","floor":54,"turns":2}],"seed_played":"-5547969206614743812","potions_obtained":[{"floor":1,"key":"Regen Potion"},{"floor":2,"key":"Dexterity Potion"},{"floor":4,"key":"SkillPotion"},{"floor":8,"key":"Ancient Potion"},{"floor":13,"key":"Poison Potion"},{"floor":16,"key":"GamblersBrew"},{"floor":20,"key":"Strength Potion"},{"floor":21,"key":"BloodPotion"},{"floor":29,"key":"PowerPotion"},{"floor":40,"key":"Weak Potion"},{"floor":44,"key":"Poison Potion"},{"floor":46,"key":"Regen Potion"}],"is_trial":false,"path_per_floor":["M","M","M","M","?","E","R","M","T","R","M","R","M","E","R","B",null,"M","$","M","M","?","R","M","M","T","R","$","M","M","?","R","B",null,"M","?","$","?","?","M","R","M","T","M","M","M","$","M","R","B",null,"R","$","E"],"character_chosen":"IRONCLAD","items_purchased":["Mercury Hourglass","Flex","Shockwave"],"campfire_rested":3,"item_purchase_floors":[19,19,28],"current_hp_per_floor":[88,88,88,88,88,82,82,77,77,77,81,81,79,79,79,79,88,88,88,86,80,80,80,73,73,73,73,73,79,79,79,79,55,88,87,87,87,87,76,58,58,54,54,23,23,23,23,23,23,1,1,1,1,0],"gold":91,"neow_bonus":"TEN_PERCENT_HP_BONUS","is_prod":false,"is_daily":false,"chose_seed":false,"campfire_upgraded":6,"win_rate":0,"timestamp":1564815670,"path_taken":["M","M","M","M","?","E","R","M","T","R","M","R","M","E","R","BOSS","M","$","M","M","?","R","M","M","T","R","?","M","M","?","R","BOSS","M","?","$","?","?","M","R","M","T","M","M","?","$","M","R","BOSS","R","$","E"],"build_version":"2019-07-17","purchased_purges":4,"victory":false,"max_hp_per_floor":[88,88,88,88,88,88,88,88,88,88,88,88,88,88,88,88,88,88,88,88,88,88,88,88,88,88,88,88,88,88,88,88,88,88,88,88,88,88,88,88,88,88,88,88,88,88,88,88,88,88,88,88,88,88],"card_choices":[{"not_picked":["Sword Boomerang","Combust"],"picked":"Rampage","floor":1},{"not_picked":["Pommel Strike","Headbutt"],"picked":"Body Slam","floor":2},{"not_picked":["Fire Breathing","Twin Strike"],"picked":"Flex","floor":3},{"not_picked":["Metallicize","Sword Boomerang"],"picked":"Carnage","floor":4},{"not_picked":["Combust","Flame Barrier"],"picked":"Cleave","floor":6},{"not_picked":["Headbutt","Pommel Strike"],"picked":"Whirlwind","floor":8},{"not_picked":["Iron Wave","Flex"],"picked":"Shrug It Off","floor":11},{"not_picked":["Sword Boomerang","Whirlwind"],"picked":"Inflame","floor":13},{"not_picked":["Dark Embrace","Cleave"],"picked":"Armaments","floor":14},{"not_picked":["Offering","Fiend Fire"],"picked":"Impervious","floor":16},{"not_picked":["Bloodletting+1","Uppercut"],"picked":"Intimidate","floor":18},{"not_picked":["Armaments","Thunderclap"],"picked":"Body Slam+1","floor":20},{"not_picked":["Perfected Strike","Body Slam"],"picked":"Shrug It Off","floor":21},{"not_picked":["Seeing Red","Clash"],"picked":"Whirlwind+1","floor":24},{"not_picked":["Sword Boomerang","Heavy Blade"],"picked":"Limit Break","floor":25},{"not_picked":["Flame Barrier","Clothesline"],"picked":"Combust+1","floor":29},{"not_picked":["Intimidate","Metallicize"],"picked":"Carnage+1","floor":30},{"not_picked":["Juggernaut","Offering"],"picked":"Dark Embrace","floor":33},{"not_picked":["Flex","Iron Wave+1"],"picked":"Hemokinesis+1","floor":35},{"not_picked":["Sadistic Nature","HandOfGreed"],"picked":"Thinking Ahead","floor":36},{"not_picked":["Dual Wield","Dropkick+1","Body Slam+1"],"picked":"SKIP","floor":40},{"not_picked":["Dual Wield","Dropkick+1","Body Slam+1"],"picked":"SKIP","floor":40},{"not_picked":["Sword Boomerang+1","Shrug It Off"],"picked":"Twin Strike","floor":42},{"not_picked":["Ghostly Armor+1","Cleave+1"],"picked":"Twin Strike+1","floor":44},{"not_picked":["Flame Barrier+1","Sword Boomerang+1"],"picked":"Heavy Blade+1","floor":45},{"not_picked":["Fire Breathing+1","Pummel+1"],"picked":"Flex","floor":46},{"not_picked":["Uppercut","Body Slam+1"],"picked":"Blood for Blood+1","floor":48}],"player_experience":98156,"relics_obtained":[{"floor":6,"key":"Potion Belt"},{"floor":14,"key":"Pocketwatch"},{"floor":26,"key":"Bag of Marbles"},{"floor":43,"key":"Meat on the Bone"}],"event_choices":[{"damage_healed":0,"gold_gain":0,"cards_transformed":["Strike_R"],"player_choice":"Change","damage_taken":0,"max_hp_gain":0,"max_hp_loss":0,"event_name":"Living Wall","floor":5,"gold_loss":0,"cards_obtained":["Offering"]},{"damage_healed":0,"gold_gain":0,"player_choice":"Ignored","damage_taken":0,"max_hp_gain":0,"max_hp_loss":0,"event_name":"Vampires","floor":22,"gold_loss":0},{"damage_healed":0,"gold_gain":0,"player_choice":"Opened","damage_taken":0,"relics_obtained":["Pen Nib"],"max_hp_gain":0,"max_hp_loss":0,"event_name":"The Mausoleum","floor":31,"gold_loss":0,"cards_obtained":["Writhe"]},{"damage_healed":0,"gold_gain":0,"player_choice":"Memory 1","damage_taken":0,"max_hp_gain":0,"max_hp_loss":0,"event_name":"SensoryStone","floor":36,"gold_loss":0},{"damage_healed":0,"gold_gain":0,"player_choice":"Upgrade","damage_taken":0,"relics_obtained":["Mark of the Bloom"],"max_hp_gain":0,"max_hp_loss":0,"event_name":"MindBloom","floor":38,"gold_loss":0,"cards_upgraded":["Strike_R","Defend_R","Defend_R","Defend_R","Defend_R","Rampage","Flex","Carnage","Offering","Cleave","Whirlwind","Impervious","Intimidate","Flex","Shrug It Off","Shockwave","Dark Embrace","Thinking Ahead"]},{"damage_healed":0,"gold_gain":0,"player_choice":"Embrace Madness","damage_taken":11,"max_hp_gain":0,"max_hp_loss":0,"event_name":"Winding Halls","floor":39,"gold_loss":0,"cards_obtained":["Madness","Madness"]}],"is_beta":false,"boss_relics":[{"not_picked":["Calling Bell","Busted Crown"],"picked":"Runic Pyramid"},{"not_picked":["Lizard Tail","White Beast Statue"],"picked":"Fusion Hammer"}],"items_purged_floors":[19,28,37,47],"is_endless":false,"potions_floor_spawned":[1,2,4,8,13,16,20,21,25,29,40,44,46],"killed_by":"Shield and Spear","ascension_level":1}