{"path_per_floor":["M","M","?","M","$","M","M","R","T","$","M","E","?","M","R","B",null,"M","?","M","?","$","R","?","R","T","T","R","M","$","M","R","B",null,"M","?","M","M","?","R","M","M","T","?"],"character_chosen":"IRONCLAD","items_purchased":["Flame Barrier"],"gold_per_floor":[111,129,129,149,74,84,100,100,100,0,15,44,44,54,54,153,153,134,134,144,144,19,19,19,19,42,69,69,84,17,29,29,126,156,170,170,181,191,171,171,190,203,203,203],"floor_reached":45,"campfire_rested":0,"playtime":2184,"current_hp_per_floor":[74,76,76,77,77,73,66,66,66,66,48,38,38,44,44,37,80,70,70,66,66,66,66,50,50,50,50,50,53,53,52,52,41,85,85,85,48,34,34,34,36,11,11,11],"items_purged":["Strike_R","Defend_R","Defend_R"],"gold":203,"score":392,"play_id":"bcdd0dbd-437e-41f8-b748-824c20a235bf","is_prod":false,"is_daily":false,"is_ascension_mode":false,"campfire_upgraded":7,"path_taken":["M","M","?","?","$","?","M","R","T","$","M","E","?","M","R","BOSS","M","?","M","?","$","R","?","R","T","?","R","M","?","?","R","BOSS","M","?","M","?","?","R","?","M","T","?","?"],"build_version":"2018-02-16-BETA2","purchased_purges":3,"victory":false,"master_deck":["Strike_R","Defend_R","Defend_R","Bash+1","Disarm+1","Armaments+1","Metallicize+1","Whirlwind","Clothesline+1","Iron Wave+1","Bludgeon+1","Uppercut+1","Flame Barrier+1","Metallicize","Offering+1","Pommel Strike","Heavy Blade+1","Inflame+1","Seeing Red"],"max_hp_per_floor":[80,80,80,80,80,80,80,80,80,80,80,80,80,80,80,80,80,80,80,80,80,80,80,80,80,80,80,80,80,80,80,80,80,85,85,85,85,85,85,85,85,85,85,85],"relics":["Burning Blood","Whetstone","Velvet Choker","Nloth\u0027s Gift","Nilry\u0027s Codex","Ancient Tea Set","Anchor","Tiny House","Bag of Preparation"],"card_choices":[{"not_picked":["Clothesline","Intimidate"],"picked":"Disarm"},{"not_picked":["Juggernaut","Pommel Strike"],"picked":"Armaments"},{"not_picked":["Fire Breathing","True Grit"],"picked":"Metallicize"},{"not_picked":["Sentinel","Feed"],"picked":"Whirlwind"},{"not_picked":["Perfected Strike","Twin Strike"],"picked":"Clothesline"},{"not_picked":["Cleave","Blood for Blood"],"picked":"Iron Wave"},{"not_picked":["Dark Embrace","Reaper"],"picked":"Bludgeon"},{"not_picked":["Seeing Red","Wild Strike"],"picked":"Uppercut"},{"not_picked":["Perfected Strike","Clash"],"picked":"Metallicize"},{"not_picked":["Demon Form","Bludgeon"],"picked":"Offering"},{"not_picked":["Sword Boomerang","Twin Strike"],"picked":"Pommel Strike"},{"not_picked":["Flex","Headbutt"],"picked":"Heavy Blade"},{"not_picked":["Reckless Charge","Sword Boomerang"],"picked":"Inflame"},{"not_picked":["Power Through","Reaper"],"picked":"Seeing Red"}],"player_experience":219388,"potions_floor_usage":[12,18,33,33,33],"damage_taken":[{"damage":12,"enemies":"Small Slimes","floor":1,"turns":5},{"damage":4,"enemies":"Cultist","floor":2,"turns":3},{"damage":5,"enemies":"2 Louse","floor":4,"turns":2},{"damage":10,"enemies":"2 Fungi Beasts","floor":6,"turns":4},{"damage":13,"enemies":"Looter","floor":7,"turns":4},{"damage":24,"enemies":"Lots of Slimes","floor":11,"turns":7},{"damage":16,"enemies":"3 Sentries","floor":12,"turns":5},{"damage":0,"enemies":"Large Slime","floor":14,"turns":4},{"damage":13,"enemies":"Hexaghost","floor":16,"turns":9},{"damage":16,"enemies":"2 Thieves","floor":18,"turns":4},{"damage":10,"enemies":"Spheric Guardian","floor":20,"turns":5},{"damage":3,"enemies":"3 Cultists","floor":29,"turns":3},{"damage":7,"enemies":"Snake Plant","floor":31,"turns":3},{"damage":32,"enemies":"Collector","floor":33,"turns":13},{"damage":0,"enemies":"Orb Walker","floor":35,"turns":4},{"damage":43,"enemies":"3 Darklings","floor":37,"turns":10},{"damage":20,"enemies":"Sphere and 2 Shapes","floor":38,"turns":8},{"damage":4,"enemies":"Spire Growth","floor":41,"turns":4},{"damage":31,"enemies":"3 Darklings","floor":42,"turns":4},{"damage":19,"enemies":"Maw","floor":45,"turns":8}],"event_choices":[{"event_name":"Upgrade Shrine","player_choice":"Upgraded","floor":3,"damage_taken":0},{"event_name":"Purifier","player_choice":"One Purge","floor":13,"damage_taken":0},{"event_name":"Back to Basics","player_choice":"Elegance","floor":19,"damage_taken":0},{"event_name":"N\u0027loth","player_choice":"Traded a Red Skull","floor":21,"damage_taken":0},{"event_name":"Cursed Tome","player_choice":"Obtained Book","floor":24,"damage_taken":0},{"event_name":"The Woman in Blue","player_choice":"Bought 1 Potion","floor":39,"damage_taken":0},{"event_name":"Tomb of Lord Red Mask","player_choice":"Ignored","floor":44,"damage_taken":0}],"boss_relics":[{"not_picked":["Lizard Tail","Runic Dome"],"picked":"Velvet Choker"},{"not_picked":["Philosopher\u0027s Stone","Black Star"],"picked":"Tiny House"}],"potions_floor_spawned":[4,7,12,16,18,20,29,31,37,42],"seed_played":"3734190267037927010","killed_by":"Maw","ascension_level":0,"is_trial":false}