{"gold_per_floor":[112,62,62,237,257,257,109,134,134,147,147,173,188,214,214,318,318,334,344,344,344,12,39,50,50,50,50,64,93,109,121,121,223,223,237,237,282,282],"floor_reached":38,"playtime":1452,"items_purged":["Doubt"],"score":454,"play_id":"ce3d79cd-bd7a-4480-a59f-d1b313ee105f","local_time":"20181129105054","is_ascension_mode":true,"campfire_choices":[{"data":"Ball Lightning","floor":6,"key":"SMITH"},{"data":"Zap","floor":11,"key":"SMITH"},{"floor":15,"key":"REST"},{"floor":25,"key":"REST"},{"data":"Sunder","floor":27,"key":"SMITH"},{"data":"Hologram","floor":32,"key":"SMITH"}],"neow_cost":"NONE","seed_source_timestamp":787230813467506,"circlet_count":0,"master_deck":["Strike_B","Defend_B","Defend_B","Defend_B","Defend_B","Zap+1","Dualcast","Leap","Ball Lightning+1","Rebound","Conserve Battery","Gash","All For One","Reinforced Body","Capacitor","Self Repair","Core Surge","Static Discharge","Turbo+1","Necronomicurse","Sunder+1","Defragment","Flash of Steel","Redo","Glacier+1","Ball Lightning+1","Steam","Cold Snap","Leap+1","Hologram+1","Rainbow","Go for the Eyes","Hologram+1"],"relics":["Cracked Core","Bottled Flame","Bronze Scales","Regal Pillow","Black Star","Necronomicon","PreservedInsect","DataDisk","Juzu Bracelet","Boot","Potion Belt","Ancient Tea Set","Inserter","Thread and Needle"],"potions_floor_usage":[12,14,16,24,30,31,33,33],"damage_taken":[{"damage":2,"enemies":"Jaw Worm","floor":1,"turns":2},{"damage":9,"enemies":"2 Louse","floor":5,"turns":2},{"damage":20,"enemies":"Lagavulin","floor":8,"turns":5},{"damage":0,"enemies":"Small Slimes","floor":10,"turns":2},{"damage":9,"enemies":"3 Sentries","floor":12,"turns":6},{"damage":7,"enemies":"Blue Slaver","floor":13,"turns":2},{"damage":7,"enemies":"Gremlin Nob","floor":14,"turns":3},{"damage":34,"enemies":"Slime Boss","floor":16,"turns":10},{"damage":30,"enemies":"2 Thieves","floor":18,"turns":3},{"damage":3,"enemies":"Spheric Guardian","floor":19,"turns":4},{"damage":27,"enemies":"Gremlin Leader","floor":23,"turns":5},{"damage":10,"enemies":"Centurion and Healer","floor":24,"turns":5},{"damage":4,"enemies":"Snake Plant","floor":28,"turns":3},{"damage":25,"enemies":"Book of Stabbing","floor":29,"turns":3},{"damage":8,"enemies":"3 Cultists","floor":30,"turns":4},{"damage":1,"enemies":"Chosen and Byrds","floor":31,"turns":3},{"damage":20,"enemies":"Collector","floor":33,"turns":10},{"damage":4,"enemies":"Orb Walker","floor":35,"turns":3},{"damage":58,"enemies":"2 Orb Walkers","floor":37,"turns":5},{"damage":16,"enemies":"3 Darklings","floor":38,"turns":1}],"seed_played":"-3743347339482769568","potions_obtained":[{"floor":5,"key":"Energy Potion"},{"floor":12,"key":"PowerPotion"},{"floor":13,"key":"Explosive Potion"},{"floor":16,"key":"Weak Potion"},{"floor":19,"key":"PowerPotion"},{"floor":29,"key":"Swift Potion"},{"floor":30,"key":"Regen Potion"},{"floor":31,"key":"Block Potion"}],"is_trial":false,"path_per_floor":["M","?","?","?","M","R","$","E","T","M","R","E","M","E","R","B",null,"M","M","?","?","$","E","M","R","T","R","M","E","M","M","R","B",null,"M","?","?","M"],"character_chosen":"DEFECT","items_purchased":["Conserve Battery","Gash","PreservedInsect","Defragment","Flash of Steel","Redo"],"campfire_rested":2,"item_purchase_floors":[7,7,22,22,22,22],"current_hp_per_floor":[73,73,66,66,57,57,57,37,37,37,37,28,21,14,51,24,75,52,56,40,40,40,20,17,54,54,54,57,32,24,32,32,19,75,71,71,13,0],"gold":282,"neow_bonus":"THREE_CARDS","is_prod":false,"is_daily":false,"chose_seed":false,"campfire_upgraded":4,"win_rate":0,"timestamp":1543477854,"path_taken":["M","?","?","?","M","R","$","E","T","?","R","E","M","E","R","BOSS","M","M","?","?","$","E","M","R","T","R","M","E","M","M","R","BOSS","M","?","?","M"],"build_version":"2018-11-15","purchased_purges":1,"victory":false,"max_hp_per_floor":[75,75,75,75,75,75,75,75,75,75,75,75,75,75,75,75,75,75,75,75,75,75,75,75,75,75,75,75,75,75,75,75,75,75,75,75,75,75],"card_choices":[{"not_picked":["Stack","Turbo"],"picked":"Leap","floor":0},{"not_picked":["Cold Snap","Hologram"],"picked":"Ball Lightning","floor":1},{"not_picked":["Turbo","Go for the Eyes"],"picked":"Rebound","floor":5},{"not_picked":["Barrage","Heatsinks","Darkness"],"picked":"SKIP","floor":8},{"not_picked":["Capacitor","Rebound"],"picked":"All For One","floor":10},{"not_picked":["Rebound","BootSequence"],"picked":"Reinforced Body","floor":12},{"not_picked":["Cold Snap","Coolheaded"],"picked":"Capacitor","floor":13},{"not_picked":["Blizzard","Coolheaded"],"picked":"Self Repair","floor":14},{"not_picked":["Reboot","Seek"],"picked":"Core Surge","floor":16},{"not_picked":["Capacitor","Leap"],"picked":"Static Discharge","floor":18},{"not_picked":["Compile Driver+1","Gash"],"picked":"Turbo+1","floor":19},{"not_picked":["Seek","Core Surge"],"picked":"Glacier+1","floor":23},{"not_picked":["Compile Driver+1","Force Field"],"picked":"Ball Lightning+1","floor":24},{"not_picked":["Chill","Cold Snap"],"picked":"Steam","floor":28},{"not_picked":["Sweeping Beam","Tempest"],"picked":"Cold Snap","floor":29},{"not_picked":["Coolheaded","Gash"],"picked":"Leap+1","floor":30},{"not_picked":["Streamline","Electrodynamics"],"picked":"Hologram","floor":31},{"not_picked":["Buffer","Multi-Cast"],"picked":"Rainbow","floor":33},{"not_picked":["Turbo+1","Rebound"],"picked":"Go for the Eyes","floor":35},{"not_picked":["Fusion+1","Coolheaded"],"picked":"Hologram+1","floor":37}],"player_experience":941880,"relics_obtained":[{"floor":8,"key":"Bottled Flame"},{"floor":12,"key":"Bronze Scales"},{"floor":14,"key":"Regal Pillow"},{"floor":20,"key":"Necronomicon"},{"floor":23,"key":"DataDisk"},{"floor":23,"key":"Juzu Bracelet"},{"floor":26,"key":"Boot"},{"floor":29,"key":"Potion Belt"},{"floor":29,"key":"Ancient Tea Set"},{"floor":37,"key":"Thread and Needle"}],"event_choices":[{"cards_removed":["Strike_B"],"damage_healed":0,"gold_gain":0,"player_choice":"Card Removal","damage_taken":0,"max_hp_gain":0,"max_hp_loss":0,"event_name":"The Cleric","floor":2,"gold_loss":50},{"cards_removed":["Strike_B"],"damage_healed":0,"gold_gain":0,"player_choice":"Card Removal","damage_taken":7,"max_hp_gain":0,"max_hp_loss":0,"event_name":"Golden Wing","floor":3,"gold_loss":0},{"damage_healed":0,"gold_gain":175,"player_choice":"AGREE","damage_taken":0,"max_hp_gain":0,"max_hp_loss":0,"event_name":"Liars Game","floor":4,"gold_loss":0,"cards_obtained":["Doubt"]},{"damage_healed":0,"gold_gain":0,"player_choice":"Obtained Book","damage_taken":16,"max_hp_gain":0,"max_hp_loss":0,"event_name":"Cursed Tome","floor":20,"gold_loss":0},{"damage_healed":0,"gold_gain":0,"player_choice":"Read","damage_taken":0,"max_hp_gain":0,"max_hp_loss":0,"event_name":"The Library","floor":21,"gold_loss":0,"cards_obtained":["Sunder"]},{"cards_removed":["Strike_B"],"damage_healed":0,"gold_gain":0,"player_choice":"Removed Attack","damage_taken":0,"max_hp_gain":0,"max_hp_loss":0,"event_name":"Falling","floor":36,"gold_loss":0},{"damage_healed":0,"gold_gain":0,"player_choice":"Fight","damage_taken":0,"max_hp_gain":0,"max_hp_loss":0,"event_name":"Mysterious Sphere","floor":37,"gold_loss":0}],"is_beta":true,"boss_relics":[{"not_picked":["Runic Pyramid","Snecko Eye"],"picked":"Black Star"},{"not_picked":["Orrery","Runic Dome"],"picked":"Inserter"}],"items_purged_floors":[7],"is_endless":false,"potions_floor_spawned":[5,12,13,16,19,29,30,31],"killed_by":"3 Darklings","ascension_level":1}