{"gold_per_floor":[18,36,36,53,53,53,381,381,381,396,421,596,596,613,613,708,708,726,641,668,696,720,764,776,788,800,812,824,849,876,899,911,1021,1033,1064,1086,280,290,290,290,302,330,401,414,414,362,393,393,393,393],"floor_reached":51,"playtime":3480,"items_purged":["Doubt"],"score":889,"play_id":"7faec809-d6e6-4603-81e6-a6a40ffe4939","local_time":"20181019225608","is_ascension_mode":false,"campfire_choices":[{"data":"Neutralize","floor":6,"key":"SMITH"},{"floor":8,"key":"REST"},{"floor":13,"key":"REST"},{"data":"Blade Dance","floor":15,"key":"SMITH"},{"data":"Terror","floor":24,"key":"SMITH"},{"data":"Sucker Punch","floor":32,"key":"SMITH"},{"data":"Survivor","floor":40,"key":"SMITH"},{"data":"Deflect","floor":45,"key":"SMITH"},{"floor":49,"key":"REST"}],"neow_cost":"NO_GOLD","seed_source_timestamp":71629812868606,"circlet_count":0,"master_deck":["Survivor+1","Neutralize+1","Deflect+1","Terror+1","Sucker Punch+1","Decay","Blade Dance+1","Calculated Gamble+1","Cloak And Dagger+1","Well Laid Plans+1","Malaise+1","Distraction+1","Deflect+1","Cloak And Dagger+1","Distraction+1","Cloak And Dagger+1","Writhe","Bullet Time+1","PiercingWail+1","Blade Dance+1","Night Terror+1","Poisoned Stab","Noxious Fumes+1","PiercingWail+1","Dagger Throw","Prepared+1","Terror+1","Deflect+1","Acrobatics+1","Bane","Dagger Throw","Cloak And Dagger+1","Accuracy+1","Accuracy+1","Phantasmal Killer+1","Deep Breath+1","Enlightenment+1","Sadistic Nature+1","Reflex+1","Infinite Blades+1","Blade Dance+1","Masterful Stab"],"relics":["Ring of the Snake","Dead Branch","Frozen Egg 2","Old Coin","Toxic Egg 2","Blood Vial","WristBlade","MawBank","Juzu Bracelet","Mummified Hand","Sundial","Shuriken","Pandora\u0027s Box","Ancient Tea Set","Ninja Scroll","ClockworkSouvenir","Anchor","Paper Crane","Bronze Scales","Meat on the Bone","Dodecahedron"],"potions_floor_usage":[20,23,23,33,50,50,50],"damage_taken":[{"damage":1,"enemies":"2 Louse","floor":1,"turns":3},{"damage":5,"enemies":"Jaw Worm","floor":2,"turns":6},{"damage":0,"enemies":"Cultist","floor":4,"turns":4},{"damage":36,"enemies":"3 Sentries","floor":7,"turns":10},{"damage":2,"enemies":"Looter","floor":10,"turns":3},{"damage":21,"enemies":"Gremlin Nob","floor":11,"turns":4},{"damage":0,"enemies":"2 Fungi Beasts","floor":14,"turns":3},{"damage":2,"enemies":"The Guardian","floor":16,"turns":7},{"damage":2,"enemies":"Chosen","floor":18,"turns":6},{"damage":6,"enemies":"Spheric Guardian","floor":20,"turns":5},{"damage":10,"enemies":"Centurion and Healer","floor":21,"turns":4},{"damage":0,"enemies":"Shelled Parasite and Fungi","floor":22,"turns":1},{"damage":11,"enemies":"Slavers","floor":23,"turns":6},{"damage":0,"enemies":"Chosen and Byrds","floor":29,"turns":3},{"damage":0,"enemies":"Snecko","floor":30,"turns":3},{"damage":0,"enemies":"Sentry and Sphere","floor":31,"turns":3},{"damage":0,"enemies":"Champ","floor":33,"turns":5},{"damage":0,"enemies":"3 Shapes","floor":35,"turns":3},{"damage":0,"enemies":"3 Darklings","floor":36,"turns":3},{"damage":30,"enemies":"Transient","floor":38,"turns":5},{"damage":0,"enemies":"Spire Growth","floor":41,"turns":2},{"damage":2,"enemies":"Giant Head","floor":42,"turns":3},{"damage":0,"enemies":"Sphere and 2 Shapes","floor":44,"turns":1},{"damage":0,"enemies":"Nemesis","floor":47,"turns":1},{"damage":28,"enemies":"Time Eater","floor":50,"turns":5}],"seed_played":"7411892046898536224","potions_obtained":[{"floor":7,"key":"GhostInAJar"},{"floor":10,"key":"Ancient Potion"},{"floor":16,"key":"GhostInAJar"},{"floor":18,"key":"Fire Potion"},{"floor":20,"key":"FairyPotion"},{"floor":29,"key":"SpeedPotion"},{"floor":30,"key":"SteroidPotion"},{"floor":31,"key":"GhostInAJar"},{"floor":35,"key":"SkillPotion"},{"floor":41,"key":"Block Potion"},{"floor":44,"key":"SteroidPotion"}],"is_trial":false,"path_per_floor":["M","M","?","M","?","R","E","R","T","M","E","?","R","M","R","B",null,"M","?","M","M","M","E","R","T","T","?","?","M","M","M","R","B",null,"M","M","$","M","?","R","M","E","T","M","R","?","E","?","R","B"],"character_chosen":"THE_SILENT","items_purchased":["Ancient Tea Set","Ninja Scroll","ClockworkSouvenir","Accuracy+1","Phantasmal Killer+1"],"campfire_rested":3,"item_purchase_floors":[37,37,37,37,37],"current_hp_per_floor":[69,64,52,52,52,52,16,37,37,35,14,14,35,37,37,37,70,68,68,64,56,58,49,49,49,49,49,49,51,53,55,55,57,70,70,70,70,40,30,30,32,32,32,34,34,34,36,36,57,43],"gold":393,"neow_bonus":"ONE_RARE_RELIC","is_prod":false,"is_daily":false,"chose_seed":false,"campfire_upgraded":6,"win_rate":0,"timestamp":1539978968,"path_taken":["M","M","?","M","?","R","E","R","T","M","E","?","R","M","R","BOSS","M","?","?","M","?","E","R","?","T","?","?","M","M","M","R","BOSS","M","M","$","M","?","R","M","E","T","M","R","?","E","?","R","BOSS"],"build_version":"2018-10-18","purchased_purges":1,"victory":true,"max_hp_per_floor":[70,70,70,70,70,70,70,70,70,70,70,70,70,70,70,70,70,70,70,70,70,70,70,70,70,70,70,70,70,70,70,70,70,70,70,70,70,70,70,70,70,70,70,70,70,70,70,70,70,70],"card_choices":[{"not_picked":["Prepared","Poisoned Stab"],"picked":"Deflect","floor":1},{"not_picked":["Slice","Underhanded Strike"],"picked":"Terror","floor":2},{"not_picked":["Acrobatics","Deflect"],"picked":"Sucker Punch","floor":4},{"not_picked":["Eviscerate","Deflect"],"picked":"Blade Dance","floor":7},{"not_picked":["Sucker Punch","Slice"],"picked":"Calculated Gamble+1","floor":10},{"not_picked":["Sucker Punch","Well Laid Plans+1"],"picked":"Cloak And Dagger+1","floor":11},{"not_picked":["Bane","Poisoned Stab"],"picked":"Well Laid Plans+1","floor":14},{"not_picked":["Envenom+1","A Thousand Cuts+1"],"picked":"Malaise+1","floor":16},{"not_picked":["Deflect+1","Deadly Poison+1"],"picked":"Distraction+1","floor":18},{"not_picked":["PiercingWail+1","Dagger Throw"],"picked":"Deflect+1","floor":20},{"not_picked":["Poisoned Stab+1","Underhanded Strike","Quick Slash"],"picked":"SKIP","floor":21},{"not_picked":["Outmaneuver+1","All Out Attack"],"picked":"Cloak And Dagger+1","floor":22},{"not_picked":["Flying Knee","Dagger Throw"],"picked":"Distraction+1","floor":23},{"not_picked":["Dagger Spray","Slice+1"],"picked":"Bullet Time+1","floor":29},{"not_picked":["Dodge and Roll+1","Outmaneuver+1"],"picked":"PiercingWail+1","floor":30},{"not_picked":["Underhanded Strike","Sucker Punch"],"picked":"Blade Dance+1","floor":31},{"not_picked":["Envenom+1","Unload"],"picked":"Night Terror+1","floor":33},{"not_picked":["Deadly Poison+1","Blade Dance+1"],"picked":"Cloak And Dagger+1","floor":35},{"not_picked":["Dash+1","Acrobatics+1"],"picked":"Accuracy+1","floor":36},{"not_picked":["Quick Slash","Acrobatics+1","Deflect+1"],"picked":"SKIP","floor":38},{"not_picked":["The Bomb+1","Forethought+1"],"picked":"Deep Breath+1","floor":39},{"not_picked":["The Bomb+1","Thinking Ahead+1"],"picked":"Enlightenment+1","floor":39},{"not_picked":["Impatience+1","Dramatic Entrance"],"picked":"Sadistic Nature+1","floor":39},{"not_picked":["Bouncing Flask+1","Expertise+1"],"picked":"Reflex+1","floor":41},{"not_picked":["Poisoned Stab","Bouncing Flask+1"],"picked":"Infinite Blades+1","floor":42},{"not_picked":["Noxious Fumes+1","Acrobatics+1"],"picked":"Blade Dance+1","floor":44},{"not_picked":["Sucker Punch","Poisoned Stab+1"],"picked":"Masterful Stab","floor":47}],"player_experience":806552,"relics_obtained":[{"floor":7,"key":"Old Coin"},{"floor":9,"key":"Toxic Egg 2"},{"floor":11,"key":"Blood Vial"},{"floor":23,"key":"Juzu Bracelet"},{"floor":25,"key":"Mummified Hand"},{"floor":26,"key":"Sundial"},{"floor":42,"key":"Anchor"},{"floor":43,"key":"Paper Crane"},{"floor":47,"key":"Meat on the Bone"},{"floor":48,"key":"Dodecahedron"}],"event_choices":[{"damage_healed":0,"gold_gain":0,"player_choice":"Success","damage_taken":12,"relics_obtained":["Frozen Egg 2"],"max_hp_gain":0,"max_hp_loss":0,"event_name":"Scrap Ooze","floor":3,"gold_loss":0},{"damage_healed":0,"gold_gain":0,"player_choice":"Cursed","damage_taken":0,"max_hp_gain":0,"max_hp_loss":0,"event_name":"Wheel of Change","floor":5,"gold_loss":0,"cards_obtained":["Decay"]},{"damage_healed":0,"gold_gain":175,"player_choice":"AGREE","damage_taken":0,"max_hp_gain":0,"max_hp_loss":0,"event_name":"Liars Game","floor":12,"gold_loss":0,"cards_obtained":["Doubt"]},{"damage_healed":0,"gold_gain":0,"player_choice":"Obtained Relic","damage_taken":0,"relics_obtained":["MawBank"],"max_hp_gain":0,"max_hp_loss":0,"event_name":"Addict","floor":19,"gold_loss":85},{"damage_healed":0,"gold_gain":0,"player_choice":"Copied","damage_taken":0,"max_hp_gain":0,"max_hp_loss":0,"event_name":"Duplicator","floor":27,"gold_loss":0,"cards_obtained":["Cloak And Dagger"]},{"damage_healed":0,"gold_gain":0,"player_choice":"Opened","damage_taken":0,"relics_obtained":["Shuriken"],"max_hp_gain":0,"max_hp_loss":0,"event_name":"The Mausoleum","floor":28,"gold_loss":0,"cards_obtained":["Writhe"]},{"damage_healed":0,"gold_gain":0,"player_choice":"Memory 3","damage_taken":10,"max_hp_gain":0,"max_hp_loss":0,"event_name":"SensoryStone","floor":39,"gold_loss":0},{"damage_healed":0,"gold_gain":0,"player_choice":"Paid Gold","damage_taken":0,"relics_obtained":["Bronze Scales"],"max_hp_gain":0,"max_hp_loss":0,"event_name":"WeMeetAgain","floor":46,"gold_loss":52},{"damage_healed":0,"gold_gain":0,"player_choice":"Relic","damage_taken":0,"max_hp_gain":0,"max_hp_loss":0,"event_name":"Wheel of Change","floor":48,"gold_loss":0}],"is_beta":true,"boss_relics":[{"not_picked":["Snecko Eye","Philosopher\u0027s Stone"],"picked":"WristBlade"},{"not_picked":["Cursed Key","Runic Dome"],"picked":"Pandora\u0027s Box"}],"items_purged_floors":[37],"is_endless":false,"potions_floor_spawned":[7,10,16,18,20,29,30,31,35,41,42,44],"ascension_level":0}