{"gold_per_floor":[363,1,1,15,15,15,32,45,45,320,339,370,380,402,402,497,497,514,514,533,47,47,72,90,90,90,109,109,122,122,397,397,497,497,507,158,158,158,33,59,59,69,123,123,123,139,139,159,159,159],"floor_reached":51,"playtime":2125,"items_purged":["Regret","Pain","Regret"],"score":770,"play_id":"11fa5b6c-9e88-43b0-94b6-e6f1dc0cf83f","local_time":"20180924001626","is_ascension_mode":false,"campfire_choices":[{"data":"Mayhem","floor":6,"key":"SMITH"},{"data":"Inflame","floor":15,"key":"SMITH"},{"data":"Demon Form","floor":25,"key":"SMITH"},{"data":"Metallicize","floor":28,"key":"SMITH"},{"data":"Whirlwind","floor":30,"key":"SMITH"},{"floor":32,"key":"REST"},{"data":"Magnetism","floor":41,"key":"SMITH"},{"data":"Infernal Blade","floor":45,"key":"SMITH"},{"data":"Madness","floor":47,"key":"SMITH"},{"data":"Madness","floor":49,"key":"SMITH"}],"neow_cost":"PERCENT_DAMAGE","seed_source_timestamp":18163795350044,"circlet_count":0,"master_deck":["Strike_R","Strike_R","Strike_R","Strike_R","Strike_R","Defend_R","Defend_R","Defend_R","Bash","Pommel Strike","Mayhem+1","Sword Boomerang","Twin Strike","Shockwave","Inflame+1","Shockwave","Shrug It Off","Whirlwind+1","Infernal Blade+1","Demon Form+1","Inflame+1","Metallicize+1","Magnetism+1","Twin Strike","Iron Wave","Metallicize+1","Demon Form+1","Flame Barrier+1","Feel No Pain+1","Armaments+1","Headbutt+1","Injury","Madness+1","Madness+1","Sword Boomerang+1","Heavy Blade+1"],"relics":["Burning Blood","Blood Vial","Self Forming Clay","Bird Faced Urn","Odd Mushroom","Cursed Key","HandDrill","MutagenicStrength","Oddly Smooth Stone","Regal Pillow","Eternal Feather","Shuriken","Ginger","Boot","Juzu Bracelet"],"potions_floor_usage":[12,16,16,18,24,37,40,50,50,50],"damage_taken":[{"damage":7,"enemies":"Cultist","floor":1,"turns":6},{"damage":0,"enemies":"Small Slimes","floor":4,"turns":3},{"damage":11,"enemies":"Jaw Worm","floor":7,"turns":2},{"damage":18,"enemies":"Red Slaver","floor":8,"turns":4},{"damage":9,"enemies":"Exordium Wildlife","floor":11,"turns":4},{"damage":14,"enemies":"Gremlin Nob","floor":12,"turns":4},{"damage":15,"enemies":"3 Louse","floor":13,"turns":4},{"damage":21,"enemies":"The Mushroom Lair","floor":14,"turns":3},{"damage":22,"enemies":"Hexaghost","floor":16,"turns":6},{"damage":21,"enemies":"2 Thieves","floor":18,"turns":4},{"damage":22,"enemies":"Spheric Guardian","floor":20,"turns":4},{"damage":16,"enemies":"Book of Stabbing","floor":23,"turns":5},{"damage":17,"enemies":"Snecko","floor":24,"turns":5},{"damage":23,"enemies":"Cultist and Chosen","floor":27,"turns":5},{"damage":24,"enemies":"3 Cultists","floor":29,"turns":4},{"damage":59,"enemies":"Collector","floor":33,"turns":8},{"damage":16,"enemies":"Orb Walker","floor":35,"turns":4},{"damage":2,"enemies":"Mind Bloom Boss Battle","floor":37,"turns":7},{"damage":32,"enemies":"Giant Head","floor":40,"turns":7},{"damage":47,"enemies":"3 Darklings","floor":42,"turns":6},{"damage":25,"enemies":"Jaw Worm Horde","floor":46,"turns":5},{"damage":45,"enemies":"Spire Growth","floor":48,"turns":6},{"damage":64,"enemies":"Donu and Deca","floor":50,"turns":8}],"seed_played":"5131153731665549263","potions_obtained":[{"floor":4,"key":"Regen Potion"},{"floor":5,"key":"Strength Potion"},{"floor":5,"key":"Energy Potion"},{"floor":8,"key":"Strength Potion"},{"floor":14,"key":"Swift Potion"},{"floor":18,"key":"SpeedPotion"},{"floor":23,"key":"SkillPotion"},{"floor":27,"key":"SteroidPotion"},{"floor":33,"key":"Block Potion"},{"floor":35,"key":"Block Potion"},{"floor":37,"key":"Ancient Potion"},{"floor":48,"key":"BloodPotion"}],"is_trial":false,"path_per_floor":["M","$","?","M","?","R","M","M","T","?","M","E","M","?","R","B",null,"M","?","M","$","?","E","M","R","T","M","R","M","R","?","R","B",null,"M","$","?","?","$","E","R","M","T","?","R","M","R","M","R","B"],"character_chosen":"IRONCLAD","items_purchased":["Mayhem","Blood Vial","Sword Boomerang","Magnetism","HandDrill","Shuriken"],"campfire_rested":1,"item_purchase_floors":[2,2,2,21,21,36],"current_hp_per_floor":[55,55,55,63,63,63,60,50,50,50,49,55,52,43,43,44,80,69,54,44,44,44,46,47,47,47,40,40,38,38,38,78,41,85,81,81,85,85,85,62,80,53,53,42,60,59,80,61,82,53],"gold":159,"neow_bonus":"TWO_FIFTY_GOLD","is_prod":false,"is_daily":false,"chose_seed":false,"campfire_upgraded":9,"win_rate":0,"timestamp":1537737386,"path_taken":["M","$","?","M","?","R","?","M","T","?","M","E","M","?","R","BOSS","M","?","M","?","?","E","M","R","T","M","R","?","R","?","R","BOSS","M","$","?","?","$","E","R","M","T","?","R","M","R","M","R","BOSS"],"build_version":"2018-09-20","purchased_purges":3,"victory":true,"max_hp_per_floor":[80,80,80,80,80,80,80,80,80,80,80,80,80,80,80,80,80,80,85,85,85,85,85,85,85,85,85,85,85,85,85,85,85,85,85,85,85,85,85,85,85,85,85,85,85,85,85,85,85,85],"card_choices":[{"not_picked":["Heavy Blade","Wild Strike"],"picked":"Pommel Strike","floor":1},{"not_picked":["Sword Boomerang","Anger"],"picked":"Twin Strike","floor":4},{"not_picked":["Searing Blow","Dual Wield"],"picked":"Shockwave","floor":7},{"not_picked":["Pommel Strike","Feel No Pain"],"picked":"Inflame","floor":8},{"not_picked":["Combust","Burning Pact"],"picked":"Shockwave","floor":11},{"not_picked":["Dual Wield","True Grit"],"picked":"Shrug It Off","floor":12},{"not_picked":["True Grit","Fiend Fire"],"picked":"Whirlwind","floor":13},{"not_picked":["Searing Blow","Sentinel"],"picked":"Infernal Blade","floor":14},{"not_picked":["Juggernaut","Reaper"],"picked":"Demon Form","floor":16},{"not_picked":["Shrug It Off","Clothesline"],"picked":"Inflame+1","floor":18},{"not_picked":["Evolve+1","Body Slam+1"],"picked":"Metallicize","floor":20},{"not_picked":["Clash","Twin Strike","Sentinel"],"picked":"SKIP","floor":23},{"not_picked":["Clash","Sentinel"],"picked":"Twin Strike","floor":23},{"not_picked":["Body Slam","Perfected Strike"],"picked":"Iron Wave","floor":24},{"not_picked":["Warcry","Hemokinesis"],"picked":"Metallicize+1","floor":27},{"not_picked":["Clash","Fiend Fire","Havoc"],"picked":"SKIP","floor":29},{"not_picked":["Bludgeon","Berserk"],"picked":"Demon Form","floor":33},{"not_picked":["Warcry","Pommel Strike"],"picked":"Flame Barrier+1","floor":35},{"not_picked":["Blood for Blood+1","Wild Strike+1"],"picked":"Feel No Pain+1","floor":37},{"not_picked":["True Grit","Clash"],"picked":"Armaments+1","floor":40},{"not_picked":["Sword Boomerang","Sentinel+1"],"picked":"Headbutt+1","floor":42},{"not_picked":["Havoc","Twin Strike+1"],"picked":"Sword Boomerang+1","floor":46},{"not_picked":["Clothesline+1","Rampage+1"],"picked":"Heavy Blade+1","floor":48}],"player_experience":713816,"relics_obtained":[{"floor":9,"key":"Self Forming Clay"},{"floor":12,"key":"Bird Faced Urn"},{"floor":14,"key":"Odd Mushroom"},{"floor":23,"key":"Oddly Smooth Stone"},{"floor":26,"key":"Regal Pillow"},{"floor":37,"key":"Ginger"},{"floor":40,"key":"Boot"},{"floor":43,"key":"Juzu Bracelet"}],"event_choices":[{"event_name":"Bonfire Elementals","player_choice":"BASIC","floor":3,"damage_taken":0},{"event_name":"The Lab","player_choice":"Got Potions","floor":5,"damage_taken":0},{"event_name":"Golden Shrine","player_choice":"Desecrate","floor":10,"damage_taken":0},{"event_name":"Mushrooms","player_choice":"Fought Mushrooms","floor":14,"damage_taken":0},{"event_name":"Forgotten Altar","player_choice":"Shed Blood","floor":19,"damage_taken":0},{"event_name":"Drug Dealer","player_choice":"Inject Mutagens","floor":22,"damage_taken":0},{"event_name":"Golden Shrine","player_choice":"Desecrate","floor":31,"damage_taken":0},{"event_name":"MindBloom","player_choice":"Fight","floor":37,"damage_taken":0},{"event_name":"Upgrade Shrine","player_choice":"Upgraded","floor":38,"damage_taken":0},{"event_name":"Winding Halls","player_choice":"Embrace Madness","floor":44,"damage_taken":0}],"is_beta":true,"boss_relics":[{"not_picked":["Empty Cage","Lizard Tail"],"picked":"Cursed Key"},{"not_picked":["Philosopher\u0027s Stone","Orrery"],"picked":"Eternal Feather"}],"items_purged_floors":[21,36,39],"is_endless":false,"potions_floor_spawned":[4,7,8,14,18,23,27,33,35,37,48],"ascension_level":0}