{"gold_per_floor":[109,109,109,125,125,125,140,160,183,4,4,4,29,52,52,172,172,187,10,10,30,55,55,55,55,79,4,4,4,20,20,20,150,150,175,196,259,259,259,300,324,324],"floor_reached":42,"playtime":2638,"items_purged":["Defend_B"],"score":491,"play_id":"983c59d2-d163-436d-9f5a-7f1d1842ce20","local_time":"20180819213441","is_ascension_mode":false,"campfire_choices":[{"data":"Zap","floor":6.0,"key":"SMITH"},{"data":"Dualcast","floor":11.0,"key":"SMITH"},{"floor":15.0,"key":"REST"},{"data":"Hologram","floor":23.0,"key":"SMITH"},{"data":"Streamline","floor":29.0,"key":"SMITH"},{"data":"Sunder","floor":32.0,"key":"SMITH"}],"neow_cost":"PERCENT_DAMAGE","seed_source_timestamp":0,"circlet_count":0,"master_deck":["Defend_B","Defend_B","Defend_B","Zap+1","Dualcast+1","Ball Lightning","Undo","Darkness","Turbo","Sunder+1","Loop","Coolheaded","Hologram+1","Steam","Conserve Battery","Echo Form","Streamline+1","Leap+1","Go for the Eyes","Rebound+1","Doom and Gloom+1","Turbo","Ball Lightning","Bite","Bite","Bite","Bite","Necronomicurse","Barrage","White Noise","Echo Form","Compile Driver+1","Beam Cell","Gash+1","Aggregate","Steam+1","Madness","Madness","BootSequence+1","Streamline+1","Rip and Tear+1"],"special_seed":0,"relics":["Cracked Core","Shovel","Golden Idol","Art of War","Regal Pillow","Prayer Wheel","Philosopher\u0027s Stone","Ancient Tea Set","Necronomicon","Cursed Key","StoneCalendar","Omamori"],"potions_floor_usage":[40,40],"damage_taken":[{"damage":0.0,"enemies":"Small Slimes","floor":1.0,"turns":4.0},{"damage":1.0,"enemies":"Jaw Worm","floor":4.0,"turns":4.0},{"damage":0.0,"enemies":"2 Louse","floor":7.0,"turns":2.0},{"damage":10.0,"enemies":"Looter","floor":8.0,"turns":3.0},{"damage":0.0,"enemies":"Blue Slaver","floor":13.0,"turns":2.0},{"damage":0.0,"enemies":"Red Slaver","floor":14.0,"turns":2.0},{"damage":29.0,"enemies":"Slime Boss","floor":16.0,"turns":8.0},{"damage":0.0,"enemies":"Spheric Guardian","floor":18.0,"turns":3.0},{"damage":9.0,"enemies":"Shell Parasite","floor":21.0,"turns":5.0},{"damage":18.0,"enemies":"Snake Plant","floor":22.0,"turns":3.0},{"damage":15.0,"enemies":"Cultist and Chosen","floor":30.0,"turns":5.0},{"damage":47.0,"enemies":"Automaton","floor":33.0,"turns":7.0},{"damage":2.0,"enemies":"3 Darklings","floor":35.0,"turns":2.0},{"damage":11.0,"enemies":"3 Shapes","floor":36.0,"turns":4.0},{"damage":14.0,"floor":37.0,"turns":5.0},{"damage":19,"enemies":"Giant Head","floor":40,"turns":6},{"damage":39,"enemies":"Flame Bruiser 2 Orb","floor":41,"turns":6},{"damage":16,"enemies":"Jaw Worm Horde","floor":42,"turns":2}],"seed_played":"8529316749792087223","potions_obtained":[{"floor":1.0,"key":"Energy Potion"},{"floor":7.0,"key":"Fire Potion"},{"floor":14.0,"key":"SteroidPotion"},{"floor":16.0,"key":"Ancient Potion"},{"floor":21.0,"key":"SpeedPotion"},{"floor":22.0,"key":"Fruit Juice"},{"floor":30.0,"key":"PowerPotion"}],"is_trial":false,"path_per_floor":["M","?","?","M","?","R","M","M","T","$","R","T","M","M","R","B",null,"M","$","?","M","M","R","?","?","T","$","?","R","M","?","R","B",null,"M","M","?","?","?","E","M"],"character_chosen":"DEFECT","items_purchased":["Regal Pillow","Loop","Blood Vial","Go for the Eyes"],"campfire_rested":1,"item_purchase_floors":[10,10,19,19],"current_hp_per_floor":[54,54,36,35,35,35,35,25,25,25,25,25,25,25,62,33,75,75,75,68,61,50,50,50,76,76,76,60,60,53,53,53,10,80,78,69,61,51,51,38,9,0],"gold":324,"neow_bonus":"ONE_RARE_RELIC","is_prod":false,"is_daily":false,"chose_seed":false,"campfire_upgraded":5,"win_rate":0,"timestamp":1534703681,"path_taken":["M","?","?","?","?","R","M","M","T","$","R","?","?","M","R","BOSS","M","$","?","M","?","R","?","?","T","?","?","R","M","?","R","BOSS","M","M","?","?","?","E","M","M"],"build_version":"2018-08-16","purchased_purges":1,"victory":false,"max_hp_per_floor":[75,75,75,75,75,75,75,75,75,75,75,75,75,75,75,75,75,75,75,75,75,80,80,80,80,80,80,80,80,80,80,80,80,80,80,80,80,80,80,80,80,80],"card_choices":[{"not_picked":["Rip and Tear","Skim"],"picked":"Ball Lightning","floor":1.0},{"not_picked":["Leap","Hello World"],"picked":"Undo","floor":4.0},{"not_picked":["Rebound","Hologram"],"picked":"Turbo","floor":7.0},{"not_picked":["Gash","Redo"],"picked":"Sunder","floor":8.0},{"not_picked":["Static Discharge","Darkness"],"picked":"Coolheaded","floor":13.0},{"not_picked":["Undo","Redo"],"picked":"Hologram","floor":13.0},{"not_picked":["Scrape","Doom and Gloom"],"picked":"Steam","floor":14.0},{"not_picked":["Compile Driver","Sunder"],"picked":"Conserve Battery","floor":14.0},{"not_picked":["Electrodynamics","All For One"],"picked":"Echo Form","floor":16.0},{"not_picked":["Conserve Battery+1","Auto Shields"],"picked":"Streamline","floor":18.0},{"not_picked":["Cold Snap","Reprogram"],"picked":"Leap+1","floor":18.0},{"not_picked":["Compile Driver+1","Storm"],"picked":"Rebound+1","floor":21.0},{"not_picked":["Skim","Steam"],"picked":"Doom and Gloom+1","floor":21.0},{"not_picked":["Leap","Storm+1"],"picked":"Turbo","floor":22.0},{"not_picked":["Sweeping Beam","Rip and Tear+1"],"picked":"Ball Lightning","floor":22.0},{"not_picked":["Steam","Stack"],"picked":"Barrage","floor":30.0},{"not_picked":["Gash","FTL"],"picked":"White Noise","floor":30.0},{"not_picked":["Multi-Cast","Meteor Strike"],"picked":"Echo Form","floor":33.0},{"not_picked":["Blizzard+1","Conserve Battery+1"],"picked":"Compile Driver+1","floor":35.0},{"not_picked":["Undo+1","Leap+1"],"picked":"Beam Cell","floor":35.0},{"not_picked":["Hologram","Multi-Cast"],"picked":"Gash+1","floor":36.0},{"not_picked":["Sweeping Beam+1","Turbo"],"picked":"Aggregate","floor":36.0},{"not_picked":["Ball Lightning","Doom and Gloom"],"picked":"Steam+1","floor":37.0},{"not_picked":["Consume+1","Leap"],"picked":"BootSequence+1","floor":40},{"not_picked":["Rebound+1","Capacitor+1"],"picked":"Streamline+1","floor":41},{"not_picked":["Blizzard","Capacitor+1"],"picked":"Rip and Tear+1","floor":41}],"player_experience":636635,"relics_obtained":[{"floor":9.0,"key":"Art of War"},{"floor":12.0,"key":"Prayer Wheel"},{"floor":26.0,"key":"Ancient Tea Set"},{"floor":28.0,"key":"Necronomicon"},{"floor":37.0,"key":"StoneCalendar"},{"floor":40,"key":"Omamori"}],"event_choices":[{"event_name":"Living Wall","player_choice":"Forget","floor":2.0,"damage_taken":0.0},{"event_name":"Golden Idol","player_choice":"Take Damage","floor":3.0,"damage_taken":0.0},{"event_name":"Transmorgrifier","player_choice":"Transform","floor":5.0,"damage_taken":0.0},{"event_name":"Wheel of Change","player_choice":"Damage","floor":20.0,"damage_taken":0.0},{"event_name":"Vampires","player_choice":"Became a vampire (Vial)","floor":24.0,"damage_taken":0.0},{"event_name":"The Library","player_choice":"Heal","floor":25.0,"damage_taken":0.0},{"event_name":"Cursed Tome","player_choice":"Obtained Book","floor":28.0,"damage_taken":0.0},{"event_name":"Purifier","player_choice":"One Purge","floor":31.0,"damage_taken":0.0},{"event_name":"Mysterious Sphere","player_choice":"Fight","floor":37.0,"damage_taken":0.0},{"event_name":"Winding Halls","player_choice":"Embrace Madness","floor":38.0,"damage_taken":0.0},{"event_name":"Tomb of Lord Red Mask","player_choice":"Ignored","floor":39.0,"damage_taken":0.0}],"is_beta":true,"boss_relics":[{"not_picked":["Ectoplasm","White Beast Statue"],"picked":"Philosopher\u0027s Stone"},{"not_picked":["Lizard Tail","Orrery"],"picked":"Cursed Key"}],"items_purged_floors":[27],"is_endless":false,"potions_floor_spawned":[1,7,14,16,21,22,30],"killed_by":"Jaw Worm Horde","ascension_level":0}