{"path_per_floor":["M","$","M","?","?","R","M","E","T","M","R","?","M","T","R","B",null,"M","?","M","M","M","R","E","R","T","R","M","T","?","M","R","B",null,"M","?","$","M","M","R","M","?","T","M","R","M","E","M","R","B"],"character_chosen":"THE_SILENT","items_purchased":["Well Laid Plans","Tiny Chest","Bronze Scales","Footwork","Jack Of All Trades"],"gold_per_floor":[112,0,10,10,10,10,22,49,96,114,114,114,133,215,215,311,311,328,328,343,358,372,372,407,407,407,407,417,417,417,429,429,530,530,549,549,13,25,39,39,57,57,82,94,94,111,145,159,159,159],"floor_reached":51,"campfire_rested":0,"playtime":6165,"current_hp_per_floor":[61,61,61,61,61,61,59,46,46,50,50,50,56,56,56,30,63,62,52,57,55,43,43,52,52,52,52,57,57,57,63,63,41,69,69,59,59,69,69,69,69,69,69,68,68,66,48,40,40,29],"items_purged":["Strike_G","Strike_G"],"gold":159,"play_id":"95b399f9-2fa0-4fe9-93a0-52b551d9bbad","is_prod":false,"is_daily":false,"is_ascension_mode":true,"campfire_rituals":0,"campfire_upgraded":10,"path_taken":["M","$","?","?","?","R","M","E","T","M","R","?","?","?","R","BOSS","M","?","M","?","?","R","E","R","T","R","M","?","?","M","R","BOSS","M","?","$","M","?","R","M","?","T","M","R","?","E","?","R","BOSS"],"build_version":"2018-01-22-BETA2","purchased_purges":2,"victory":true,"master_deck":["Defend_G","Defend_G","Defend_G","Defend_G","Strike_G","Strike_G","Survivor","Neutralize","Dash","Well Laid Plans","Caltrops","Poisoned Stab","After Image","Deflect","Acrobatics","Burst","Blur","Necronomicurse","Backflip","PiercingWail","Malaise","Deadly Poison","Dagger Throw","Infinite Blades","Adrenaline","Terror","Madness","Footwork","Jack Of All Trades","Deadly Poison","Outmaneuver","Expertise","Calculated Gamble","Bouncing Flask"],"max_hp_per_floor":[63,63,63,63,63,63,63,63,63,63,63,63,63,63,63,63,63,63,69,69,69,69,69,69,69,69,69,69,69,69,69,69,69,69,69,69,69,69,69,69,69,69,69,69,69,69,69,69,69,69],"relics":["Ring of the Snake","Unceasing Top","Bird Faced Urn","Art of War","Darkstone Periapt","The Specimen","Necronomicon","Ornamental Fan","Torii","Toolbox","Black Star","Tiny Chest","Bronze Scales","Snake Skull","Vajra","Molten Egg"],"campfire_meditates":0,"card_choices":[{"not_picked":["Flying Knee","Sucker Punch"],"picked":"Dash"},{"not_picked":["Flying Knee","Bane"],"picked":"Caltrops"},{"not_picked":["Well Laid Plans","Catalyst"],"picked":"After Image"},{"not_picked":["Sucker Punch","Underhanded Strike"],"picked":"Deflect"},{"not_picked":["Deflect","Prepared"],"picked":"Acrobatics"},{"not_picked":["Tools of the Trade","Die Die Die"],"picked":"Burst"},{"not_picked":["Underhanded Strike","Quick Slash"],"picked":"Blur"},{"not_picked":["Bane","Underhanded Strike"],"picked":"Backflip"},{"not_picked":["Night Terror","Dagger Spray"],"picked":"PiercingWail"},{"not_picked":["Sucker Punch","Backflip"],"picked":"Malaise"},{"not_picked":["Bane","Outmaneuver"],"picked":"Deadly Poison"},{"not_picked":["Backflip","Flechettes"],"picked":"Dagger Throw"},{"not_picked":["Bullet Time","Doppelganger"],"picked":"Adrenaline"},{"not_picked":["Infinite Blades","Quick Slash"],"picked":"Terror"},{"not_picked":["Quick Slash","Crippling Poison"],"picked":"Deadly Poison"},{"not_picked":["Crippling Poison","Dagger Spray"],"picked":"Outmaneuver"},{"not_picked":["Quick Slash","Poisoned Stab"],"picked":"Expertise"},{"not_picked":["Envenom","Prepared"],"picked":"Calculated Gamble"},{"not_picked":["Blur","Bane"],"picked":"Bouncing Flask"}],"player_experience":143087,"potions_floor_usage":[22,24,35,38,47,47,50,50],"damage_taken":[{"damage":2,"enemies":"Blue Slaver","floor":1,"turns":5},{"damage":0,"enemies":"Cultist","floor":3,"turns":4},{"damage":2,"enemies":"2 Louse","floor":7,"turns":3},{"damage":13,"enemies":"3 Sentries","floor":8,"turns":9},{"damage":0,"enemies":"Looter","floor":10,"turns":3},{"damage":0,"enemies":"Red Slaver","floor":13,"turns":4},{"damage":32,"enemies":"Slime Boss","floor":16,"turns":17},{"damage":1,"enemies":"3 Byrds","floor":18,"turns":2},{"damage":1,"enemies":"Spheric Guardian","floor":20,"turns":5},{"damage":8,"enemies":"Centurion and Healer","floor":21,"turns":11},{"damage":18,"enemies":"Snecko","floor":22,"turns":9},{"damage":12,"enemies":"Slavers","floor":24,"turns":9},{"damage":1,"enemies":"Chosen and Byrds","floor":28,"turns":7},{"damage":2,"enemies":"Snake Plant","floor":31,"turns":6},{"damage":30,"enemies":"Champ","floor":33,"turns":16},{"damage":0,"enemies":"Orb Walker","floor":35,"turns":8},{"damage":0,"enemies":"Flame Bruiser 1 Orb","floor":38,"turns":7},{"damage":0,"enemies":"Maw","floor":39,"turns":9},{"damage":0,"enemies":"Spire Growth","floor":41,"turns":6},{"damage":7,"enemies":"3 Darklings","floor":44,"turns":6},{"damage":7,"enemies":"Sphere and 2 Shapes","floor":46,"turns":7},{"damage":32,"enemies":"2 Orb Walkers","floor":47,"turns":5},{"damage":18,"enemies":"Flame Bruiser 2 Orb","floor":48,"turns":6},{"damage":40,"enemies":"Awakened One","floor":50,"turns":13}],"event_choices":[{"event_name":"Living Wall","player_choice":"Forget","floor":4,"damage_taken":0},{"event_name":"Transmorgrifier","player_choice":"Transform","floor":5,"damage_taken":0},{"event_name":"Upgrade Shrine","player_choice":"Upgraded","floor":12,"damage_taken":0},{"event_name":"Cursed Tome","player_choice":"Obtained Book","floor":19,"damage_taken":0},{"event_name":"The Library","player_choice":"Read","floor":30,"damage_taken":0},{"event_name":"Winding Halls","player_choice":"Embrace Madness","floor":36,"damage_taken":0},{"event_name":"Bonfire Elementals","player_choice":"UNCOMMON","floor":42,"damage_taken":0}],"boss_relics":[{"not_picked":["Runic Pyramid","Runic Dome"],"picked":"The Specimen"},{"not_picked":["Eternal Feather","Sozu"],"picked":"Black Star"}],"potions_floor_spawned":[3,8,10,24,28,31,38,46,48],"seed_played":"-7390260316978768558","ascension_level":1,"is_trial":false}