{"gold_per_floor":[115,115,132,132,146,146,175,175,205,205,56,73,73,93,93,198,198,213,213,224,17,31,31,47,47,47,57,73,90,16,44,44,44],"floor_reached":33,"playtime":1709,"items_purged":["Strike_G"],"score":294,"play_id":"8fdbb9ed-28b9-4b34-ae92-014eb4c4bee5","local_time":"20181004135321","is_ascension_mode":false,"campfire_choices":[{"data":"Neutralize","floor":6.0,"key":"SMITH"},{"data":"Crippling Poison","floor":8,"key":"SMITH"},{"floor":13,"key":"REST"},{"data":"Dash","floor":15,"key":"SMITH"},{"data":"Bullet Time","floor":23,"key":"SMITH"},{"data":"Choke","floor":25,"key":"SMITH"},{"data":"Double Energy","floor":32,"key":"SMITH"}],"neow_cost":"","seed_source_timestamp":0,"circlet_count":0,"master_deck":["Defend_G","Defend_G","Defend_G","Defend_G","Strike_G","Strike_G+1","Strike_G","Strike_G","Survivor","Neutralize+1","Leg Sweep+1","Masterful Stab","Sucker Punch","Crippling Poison+1","Dash+1","Endless Agony","Choke+1","Bullet Time+1","Deflect+1","Flying Knee","Reckless Charge","Self Repair","Pain","Dash+1","Static Discharge+1","Disarm","Backstab","Double Energy+1"],"special_seed":0,"relics":["Ring of the Snake","Ninja Scroll","Tiny Chest","Unceasing Top","Cursed Key","PrismaticShard","Dodecahedron","Kunai"],"potions_floor_usage":[7,16,24,28,31,31,31,31,33],"damage_taken":[{"damage":11.0,"enemies":"Jaw Worm","floor":1.0,"turns":3.0},{"damage":0.0,"enemies":"2 Louse","floor":3.0,"turns":3.0},{"damage":0.0,"enemies":"Cultist","floor":5.0,"turns":4.0},{"damage":25,"enemies":"3 Sentries","floor":7,"turns":12},{"damage":1,"enemies":"Red Slaver","floor":12,"turns":3},{"damage":0,"enemies":"Looter","floor":14,"turns":2},{"damage":23,"enemies":"Hexaghost","floor":16,"turns":13},{"damage":0,"enemies":"3 Byrds","floor":18,"turns":4},{"damage":0,"enemies":"Chosen","floor":20,"turns":3},{"damage":18,"enemies":"Shelled Parasite and Fungi","floor":22,"turns":6},{"damage":0,"enemies":"Snake Plant","floor":24,"turns":2},{"damage":13,"enemies":"Chosen and Byrds","floor":27,"turns":8},{"damage":25,"enemies":"Centurion and Healer","floor":28,"turns":6},{"damage":12,"enemies":"3 Cultists","floor":29,"turns":5},{"damage":0,"enemies":"Slavers","floor":31,"turns":3},{"damage":32,"enemies":"Automaton","floor":33,"turns":6}],"seed_played":"-4579939209741916399","potions_obtained":[{"floor":3.0,"key":"GamblersBrew"},{"floor":7,"key":"GamblersBrew"},{"floor":14,"key":"Fire Potion"},{"floor":22,"key":"Regen Potion"},{"floor":28,"key":"EntropicBrew"},{"floor":29,"key":"PowerPotion"},{"floor":31,"key":"Ancient Potion"}],"is_trial":false,"path_per_floor":["M","?","M","?","M","R","E","R","T","T","$","M","R","M","R","B",null,"M","?","M","$","M","R","M","R","T","M","M","M","$","E","R"],"character_chosen":"THE_SILENT","items_purchased":["Dash","PrismaticShard","Backstab"],"campfire_rested":1,"item_purchase_floors":[11,21,30],"current_hp_per_floor":[59,52,52,38,38,38,13,13,13,13,13,12,33,33,33,10,70,70,57,57,57,39,39,39,39,39,33,30,25,25,32,32,0],"gold":44,"neow_bonus":"","is_prod":false,"is_daily":false,"chose_seed":false,"campfire_upgraded":6,"win_rate":0,"timestamp":1538650401,"path_taken":["M","?","M","?","?","R","E","R","T","?","?","?","R","M","R","BOSS","M","?","M","?","?","R","M","R","T","M","M","?","$","E","R","BOSS"],"build_version":"2018-10-03","purchased_purges":1,"victory":false,"max_hp_per_floor":[70,70,70,70,70,70,70,70,70,70,70,70,70,70,70,70,70,70,75,75,75,75,75,75,75,75,75,75,75,75,75,75,75],"card_choices":[{"not_picked":["Dagger Throw","Slice"],"picked":"Leg Sweep","floor":1.0},{"not_picked":["Slice","Eviscerate"],"picked":"Masterful Stab","floor":3.0},{"not_picked":["Quick Slash","Deadly Poison"],"picked":"Sucker Punch","floor":5.0},{"not_picked":["Poisoned Stab","Dodge and Roll"],"picked":"Crippling Poison","floor":7},{"not_picked":["Outmaneuver","Prepared"],"picked":"Endless Agony","floor":12},{"not_picked":["Corpse Explosion","Footwork"],"picked":"Choke","floor":14},{"not_picked":["A Thousand Cuts","Malaise"],"picked":"Bullet Time","floor":16},{"not_picked":["Flying Knee","Dagger Throw"],"picked":"Deflect+1","floor":18},{"not_picked":["Poisoned Stab","Bane"],"picked":"Flying Knee","floor":20},{"not_picked":["Tempest+1","Havoc"],"picked":"Reckless Charge","floor":22},{"not_picked":["Perfected Strike+1","Eviscerate"],"picked":"Self Repair","floor":24},{"not_picked":["Feel No Pain","Rebound"],"picked":"Dash+1","floor":27},{"not_picked":["Ball Lightning","Heel Hook"],"picked":"Static Discharge+1","floor":28},{"not_picked":["Chill","Feed"],"picked":"Disarm","floor":29},{"not_picked":["Clash","Recycle"],"picked":"Double Energy","floor":31}],"player_experience":736089,"relics_obtained":[{"floor":7,"key":"Ninja Scroll"},{"floor":9,"key":"Tiny Chest"},{"floor":10,"key":"Unceasing Top"},{"floor":26,"key":"Dodecahedron"},{"floor":31,"key":"Kunai"}],"event_choices":[{"event_name":"Golden Wing","player_choice":"Card Removal","floor":2.0,"damage_taken":0.0},{"event_name":"Shining Light","player_choice":"Entered Light","floor":4.0,"damage_taken":0.0},{"event_name":"Forgotten Altar","player_choice":"Shed Blood","floor":19,"damage_taken":0}],"is_beta":true,"boss_relics":[{"not_picked":["Velvet Choker","Snecko Eye"],"picked":"Cursed Key"}],"items_purged_floors":[11],"is_endless":false,"potions_floor_spawned":[3,7,14,22,28,29,31],"killed_by":"Automaton","ascension_level":0}