{"gold_per_floor":[113,113,113,123,133,133,133,133,133,148,182,182,232,243,243,319,319,339,339,359,371,296,296,324,344,369,319,319,59,59,87,87,161,161,176,126,0,0,16,48,64,91,118,131,231,231,231,181,181,181,181,181,181,38,73,73],"floor_reached":57,"playtime":2302,"items_purged":["Regret","Strike_G","Strike_G","Normality"],"score":2742,"play_id":"7a2f5ac4-0b30-4645-804f-fe23b5c6dae8","local_time":"20190728160412","is_ascension_mode":true,"campfire_choices":[{"data":"Dagger Spray","floor":6.0,"key":"SMITH"},{"data":"Flying Knee","floor":8.0,"key":"SMITH"},{"data":"Corpse Explosion","floor":15.0,"key":"SMITH"},{"data":"Noxious Fumes","floor":23.0,"key":"SMITH"},{"floor":28.0,"key":"REST"},{"data":"Leg Sweep","floor":30.0,"key":"SMITH"},{"data":"Adrenaline","floor":32.0,"key":"SMITH"},{"floor":49,"key":"RECALL"},{"data":"Burst","floor":53,"key":"SMITH"}],"neow_cost":"NONE","seed_source_timestamp":1600385448559794,"circlet_count":0,"master_deck":["AscendersBane","Defend_G","Defend_G","Defend_G","Defend_G","Defend_G","Survivor","Neutralize+1","Leg Sweep+1","Dagger Spray+1","Flying Knee+1","Corpse Explosion+1","Noxious Fumes+1","Adrenaline+1","Quick Slash+1","Footwork+1","Deadly Poison+1","Predator+1","Burst+1","Deflect","Prepared+1","PiercingWail","PiercingWail+1","Calculated Gamble","Catalyst+1","Backflip","Dodge and Roll"],"special_seed":0,"relics":["Ring of the Snake","Pear","Molten Egg 2","Cursed Key","Centennial Puzzle","Smiling Mask","ClockworkSouvenir","Pantograph","Runic Pyramid","Red Mask","Bird Faced Urn","Shuriken","Girya","Turnip"],"potions_floor_usage":[42,50,56],"damage_taken":[{"damage":1.0,"enemies":"Small Slimes","floor":1.0,"turns":4.0},{"damage":0.0,"enemies":"2 Louse","floor":4.0,"turns":4.0},{"damage":5.0,"enemies":"Cultist","floor":5.0,"turns":5.0},{"damage":0.0,"enemies":"2 Fungi Beasts","floor":10.0,"turns":3.0},{"damage":6.0,"enemies":"3 Sentries","floor":11.0,"turns":11.0},{"damage":7.0,"enemies":"Looter","floor":14.0,"turns":4.0},{"damage":22.0,"enemies":"The Guardian","floor":16.0,"turns":11.0},{"damage":4.0,"enemies":"2 Thieves","floor":18.0,"turns":2.0},{"damage":10.0,"enemies":"Shell Parasite","floor":20.0,"turns":4.0},{"damage":0.0,"enemies":"Centurion and Healer","floor":21.0,"turns":4.0},{"damage":35.0,"enemies":"Book of Stabbing","floor":24.0,"turns":5.0},{"damage":10.0,"enemies":"Snake Plant","floor":25.0,"turns":5.0},{"damage":12.0,"enemies":"Slavers","floor":31.0,"turns":3.0},{"damage":35.0,"enemies":"Collector","floor":33.0,"turns":8.0},{"damage":15.0,"enemies":"3 Darklings","floor":35.0,"turns":3.0},{"damage":0.0,"enemies":"Orb Walker","floor":39.0,"turns":4.0},{"damage":8.0,"enemies":"Reptomancer","floor":40.0,"turns":7.0},{"damage":0.0,"enemies":"3 Darklings","floor":41.0,"turns":3.0},{"damage":62,"enemies":"Giant Head","floor":42,"turns":9},{"damage":0,"enemies":"Sphere and 2 Shapes","floor":44,"turns":6},{"damage":0,"enemies":"Mind Bloom Boss Battle","floor":45,"turns":7},{"damage":20,"enemies":"Donu and Deca","floor":50,"turns":8},{"damage":30,"enemies":"Time Eater","floor":51,"turns":7},{"damage":21,"enemies":"Shield and Spear","floor":55,"turns":6},{"damage":51,"enemies":"The Heart","floor":56,"turns":11}],"seed_played":"5944775156141971887","potions_obtained":[{"floor":5.0,"key":"EssenceOfSteel"},{"floor":11.0,"key":"LiquidBronze"},{"floor":14.0,"key":"Block Potion"},{"floor":25.0,"key":"Weak Potion"},{"floor":31.0,"key":"Regen Potion"},{"floor":39.0,"key":"Strength Potion"},{"floor":40.0,"key":"LiquidBronze"},{"floor":42,"key":"Block Potion"}],"is_trial":false,"path_per_floor":["M","?","?","M","M","R","?","R","T","M","E","?","?","M","R","B",null,"M","T","M","M","?","R","E","M","T","$","R","$","R","E","R","B",null,"M","$","?","?","M","E","M","E","T","M","?","?","?","$","R","B","B",null,"R","$","E","B",null],"character_chosen":"THE_SILENT","items_purchased":["ClockworkSouvenir","GhostInAJar","Backflip"],"campfire_rested":1,"item_purchase_floors":[29,54,54],"current_hp_per_floor":[64,64,64,64,59,59,64,64,74,74,68,68,68,61,61,39,75,71,71,61,61,61,61,26,16,16,16,42,42,42,30,30,20,70,67,67,67,67,67,59,63,5,5,9,38,38,38,38,38,47,46,77,77,77,60,38],"gold":73,"neow_bonus":"TEN_PERCENT_HP_BONUS","is_prod":false,"is_daily":false,"chose_seed":false,"campfire_upgraded":7,"win_rate":0,"timestamp":1564355052,"path_taken":["M","?","?","M","?","R","?","R","T","M","E","?","?","M","R","BOSS","M","?","M","M","?","R","E","M","T","$","R","$","R","E","R","BOSS","M","$","?","?","M","E","?","E","T","M","?","?","?","?","R","BOSS","BOSS","R","$","E","BOSS"],"build_version":"2019-07-17","purchased_purges":4,"victory":true,"max_hp_per_floor":[72,72,72,72,72,72,77,77,87,87,87,87,87,87,87,87,87,87,87,87,87,87,87,87,87,87,87,87,87,87,87,87,87,87,87,87,87,87,87,87,87,87,87,87,87,87,87,87,87,87,87,87,87,87,87,87],"card_choices":[{"not_picked":["Acrobatics","Cloak And Dagger"],"picked":"Leg Sweep","floor":1.0},{"not_picked":["Catalyst","Eviscerate"],"picked":"Dagger Spray","floor":4.0},{"not_picked":["PiercingWail","Dodge and Roll"],"picked":"Flying Knee","floor":5.0},{"not_picked":["Slice","Deflect"],"picked":"Quick Slash","floor":10.0},{"not_picked":["Doppelganger","Underhanded Strike"],"picked":"Corpse Explosion","floor":11.0},{"not_picked":["PiercingWail","Outmaneuver"],"picked":"Noxious Fumes","floor":14.0},{"not_picked":["Bullet Time","Tools of the Trade"],"picked":"Adrenaline","floor":16.0},{"not_picked":["Dodge and Roll","Cloak And Dagger"],"picked":"Quick Slash+1","floor":18.0},{"not_picked":["Dodge and Roll","Dagger Throw+1","Sucker Punch+1"],"picked":"SKIP","floor":20.0},{"not_picked":["Acrobatics","Deadly Poison"],"picked":"Footwork+1","floor":21.0},{"not_picked":["Slice+1","Prepared"],"picked":"Deadly Poison+1","floor":24.0},{"not_picked":["Choke+1","Setup","Prepared"],"picked":"SKIP","floor":25.0},{"not_picked":["Escape Plan","Blade Dance"],"picked":"Predator+1","floor":31.0},{"not_picked":["After Image","Unload+1"],"picked":"Burst","floor":33.0},{"not_picked":["Poisoned Stab+1","Dagger Throw+1"],"picked":"Deflect","floor":35.0},{"not_picked":["A Thousand Cuts","Accuracy"],"picked":"Prepared+1","floor":39.0},{"not_picked":["Cloak And Dagger","Acrobatics"],"picked":"PiercingWail","floor":40.0},{"not_picked":["Dagger Throw+1","Bane+1"],"picked":"PiercingWail+1","floor":41.0},{"not_picked":["Dagger Spray+1","All Out Attack+1"],"picked":"Calculated Gamble","floor":42},{"not_picked":["Distraction","Poisoned Stab+1"],"picked":"Catalyst+1","floor":44},{"not_picked":["Deflect","Eviscerate+1"],"picked":"Dodge and Roll","floor":55}],"player_experience":853567,"relics_obtained":[{"floor":9.0,"key":"Pear"},{"floor":11.0,"key":"Molten Egg 2"},{"floor":24.0,"key":"Centennial Puzzle"},{"floor":26.0,"key":"Smiling Mask"},{"floor":31.0,"key":"Pantograph"},{"floor":40.0,"key":"Bird Faced Urn"},{"floor":42,"key":"Shuriken"},{"floor":45,"key":"Girya"},{"floor":55,"key":"Turnip"}],"event_choices":[{"cards_removed":["Strike_G"],"damage_healed":0.0,"max_hp_gain":0.0,"max_hp_loss":0.0,"gold_gain":0.0,"event_name":"Living Wall","player_choice":"Forget","floor":2.0,"gold_loss":0.0,"damage_taken":0.0},{"damage_healed":0.0,"max_hp_gain":0.0,"max_hp_loss":0.0,"gold_gain":0.0,"event_name":"Upgrade Shrine","player_choice":"Upgraded","floor":3.0,"gold_loss":0.0,"damage_taken":0.0,"cards_upgraded":["Neutralize"]},{"damage_healed":0.0,"max_hp_gain":5.0,"max_hp_loss":0.0,"gold_gain":0.0,"event_name":"Big Fish","player_choice":"Donut","floor":7.0,"gold_loss":0.0,"damage_taken":0.0},{"damage_healed":0.0,"max_hp_gain":0.0,"max_hp_loss":0.0,"gold_gain":0.0,"event_name":"Liars Game","player_choice":"Ignored","floor":12.0,"gold_loss":0.0,"damage_taken":0.0},{"damage_healed":0.0,"max_hp_gain":0.0,"max_hp_loss":0.0,"gold_gain":50.0,"event_name":"Golden Shrine","player_choice":"Pray","floor":13.0,"gold_loss":0.0,"damage_taken":0.0},{"cards_removed":["Strike_G"],"damage_healed":0.0,"max_hp_gain":0.0,"max_hp_loss":0.0,"gold_gain":0.0,"event_name":"Beggar","player_choice":"Gave Gold","floor":22.0,"gold_loss":75.0,"damage_taken":0.0},{"damage_healed":0.0,"max_hp_gain":0.0,"max_hp_loss":0.0,"gold_gain":0.0,"event_name":"Tomb of Lord Red Mask","player_choice":"Paid","floor":37.0,"gold_loss":126.0,"damage_taken":0.0,"relics_obtained":["Red Mask"]},{"cards_removed":["Strike_G"],"damage_healed":0.0,"max_hp_gain":0.0,"max_hp_loss":0.0,"gold_gain":0.0,"event_name":"Purifier","player_choice":"Purged","floor":38.0,"gold_loss":0.0,"damage_taken":0.0},{"damage_healed":0,"gold_gain":0,"player_choice":"Fight","damage_taken":0,"max_hp_gain":0,"max_hp_loss":0,"event_name":"MindBloom","floor":45,"gold_loss":0},{"damage_healed":0,"gold_gain":0,"player_choice":"Memory 1","damage_taken":0,"max_hp_gain":0,"max_hp_loss":0,"event_name":"SensoryStone","floor":46,"gold_loss":0},{"cards_removed":["Quick Slash"],"damage_healed":0,"gold_gain":0,"player_choice":"Removed Attack","damage_taken":0,"max_hp_gain":0,"max_hp_loss":0,"event_name":"Falling","floor":47,"gold_loss":0}],"is_beta":false,"boss_relics":[{"not_picked":["Tiny House","Eternal Feather"],"picked":"Cursed Key"},{"not_picked":["White Beast Statue","Sozu"],"picked":"Runic Pyramid"}],"items_purged_floors":[27,29,36,48],"is_endless":false,"potions_floor_spawned":[5,11,14,16,21,25,31,39,40,42],"ascension_level":20}