{"gold_per_floor":[113,123,123,135,135,161,161,194,194,223,22,55,72,72,72,173,173,188,188,5,16,115,144,144,176,176,176,176,206,220,239,239,336,336,349,349,57,57,70,84,84,122,159,206,218,275,299,327,339,351],"floor_reached":51,"playtime":2528,"items_purged":["Strike_G","Regret"],"score":1166,"play_id":"13768285-ce33-4bdd-9558-38c9632367ae","local_time":"20190513192548","is_ascension_mode":true,"campfire_choices":[{"data":"Noxious Fumes","floor":7.0,"key":"SMITH"},{"data":"Neutralize","floor":15.0,"key":"SMITH"},{"data":"Doppelganger","floor":24.0,"key":"SMITH"},{"data":"Burst","floor":32.0,"key":"SMITH"},{"data":"A Thousand Cuts","floor":45,"key":"SMITH"},{"data":"Footwork","floor":49,"key":"SMITH"}],"neow_cost":"","seed_source_timestamp":0,"circlet_count":0,"master_deck":["Defend_G+1","Defend_G+1","Defend_G+1","Defend_G+1","Strike_G+1","Strike_G+1","Survivor","Neutralize+1","Well Laid Plans","Dagger Spray","PiercingWail","Poisoned Stab+1","Noxious Fumes+1","Infinite Blades","Heel Hook+1","Glass Knife+1","strawberrySpire:Insectonator","Doppelganger+1","A Thousand Cuts+1","Deflect+1","strawberrySpire:Dropbox+1","Calculated Gamble","Burst+1","Footwork+1","Dash+1","Burst","strawberrySpire:DreamfoilDart+1","PiercingWail+1","Pain","Caltrops+1","Noxious Fumes","Dodge and Roll+1","Footwork+1","Footwork+1","strawberrySpire:Teyered","strawberrySpire:Slide"],"special_seed":0,"relics":["Ring of the Snake","FossilizedHelix","Question Card","Oddly Smooth Stone","Molten Egg 2","Bronze Scales","Strawberry","energizedSpire:CursedPentagram","Enchiridion","Matryoshka","strawberrySpire:KineticCharger","Orichalcum","Ninja Scroll","Ginger","energizedSpire:HighHeels","Medical Kit","strawberrySpire:Treaders","MawBank","Bag of Marbles","Potion Belt","Pear","Peace Pipe"],"potions_floor_usage":[39,39,40,40,42,42,44,46,47,48,48,48,50,50],"damage_taken":[{"damage":0.0,"enemies":"Cultist","floor":1.0,"turns":4.0},{"damage":0.0,"enemies":"Small Slimes","floor":2.0,"turns":3.0},{"damage":0.0,"enemies":"Jaw Worm","floor":4.0,"turns":3.0},{"damage":4.0,"enemies":"Gremlin Nob","floor":6.0,"turns":4.0},{"damage":10.0,"enemies":"3 Sentries","floor":8.0,"turns":7.0},{"damage":4.0,"enemies":"Lagavulin","floor":10.0,"turns":6.0},{"damage":0.0,"enemies":"Gremlin Nob","floor":12.0,"turns":3.0},{"damage":0.0,"enemies":"3 Louse","floor":13.0,"turns":3.0},{"damage":9.0,"enemies":"The Guardian","floor":16.0,"turns":7.0},{"damage":4.0,"enemies":"Spheric Guardian","floor":18.0,"turns":4.0},{"damage":0.0,"enemies":"3 Byrds","floor":21.0,"turns":3.0},{"damage":15.0,"enemies":"strawberrySpire:AncientClocktower","floor":23.0,"turns":5.0},{"damage":0.0,"enemies":"Book of Stabbing","floor":25.0,"turns":4.0},{"damage":18.0,"enemies":"Gremlin Leader","floor":29.0,"turns":4.0},{"damage":0.0,"enemies":"Centurion and Healer","floor":30.0,"turns":4.0},{"damage":0.0,"enemies":"Snake Plant","floor":31.0,"turns":2.0},{"damage":31.0,"enemies":"Champ","floor":33.0,"turns":10.0},{"damage":0.0,"enemies":"3 Shapes","floor":35.0,"turns":3.0},{"damage":19,"enemies":"3 Darklings","floor":39,"turns":4},{"damage":15,"enemies":"Spire Growth","floor":40,"turns":5},{"damage":5,"enemies":"Giant Head","floor":42,"turns":8},{"damage":6,"enemies":"Reptomancer","floor":44,"turns":5},{"damage":0,"enemies":"2 Orb Walkers","floor":46,"turns":4},{"damage":0,"enemies":"Sphere and 2 Shapes","floor":47,"turns":4},{"damage":4,"enemies":"Transient","floor":48,"turns":5},{"damage":21,"enemies":"Donu and Deca","floor":50,"turns":9}],"seed_played":"8199392230353911431","potions_obtained":[{"floor":2.0,"key":"AttackPotion"},{"floor":6.0,"key":"Block Potion"},{"floor":10.0,"key":"AttackPotion"},{"floor":12.0,"key":"Explosive Potion"},{"floor":23.0,"key":"Swift Potion"},{"floor":29.0,"key":"SkillPotion"},{"floor":31.0,"key":"AttackPotion"},{"floor":35.0,"key":"AttackPotion"},{"floor":39,"key":"Energy Potion"},{"floor":47,"key":"Weak Potion"}],"is_trial":false,"path_per_floor":["M","M","?","M","?","E","R","E","T","E","$","E","M","?","R","B",null,"M","?","$","M","?","E","R","E","T","?","?","E","M","M","R","B",null,"M","?","$","?","M","M","T","E","T","E","R","?","M","M","R","B",null],"character_chosen":"THE_SILENT","items_purchased":["Well Laid Plans","Dagger Spray","FossilizedHelix","Glass Knife+1","strawberrySpire:Insectonator","strawberrySpire:Dropbox+1","Medical Kit"],"campfire_rested":0,"item_purchase_floors":[0,0,0,11,11,20,37],"current_hp_per_floor":[70,70,70,70,63,59,59,49,49,45,45,52,52,52,52,43,77,73,57,57,57,57,48,48,54,54,54,59,47,53,53,53,28,77,77,77,77,77,58,49,49,50,50,60,60,66,66,68,68,68],"gold":363,"neow_bonus":"","is_prod":false,"is_daily":false,"chose_seed":false,"campfire_upgraded":6,"win_rate":0,"timestamp":1557764748,"path_taken":["M","M","?","?","?","E","R","E","T","E","$","E","M","?","R","BOSS","M","?","$","M","?","E","R","E","T","?","?","E","?","?","R","BOSS","M","?","$","?","M","?","?","E","T","E","R","?","M","M","R","BOSS"],"build_version":"2019-01-23","purchased_purges":2,"victory":true,"max_hp_per_floor":[70,70,70,70,70,70,70,70,70,70,70,77,77,77,77,77,77,77,77,77,77,77,77,77,77,77,77,77,77,77,77,77,77,77,77,77,77,77,77,77,77,77,77,87,87,87,87,87,87,87],"card_choices":[{"not_picked":["Underhanded Strike","Dagger Throw"],"picked":"PiercingWail","floor":1.0},{"not_picked":["strawberrySpire:DeltaFlow","Eviscerate"],"picked":"Poisoned Stab","floor":2.0},{"not_picked":["Acrobatics","strawberrySpire:DeltaFlow","strawberrySpire:Pant"],"picked":"SKIP","floor":4.0},{"not_picked":["Calculated Gamble","Bane"],"picked":"Noxious Fumes","floor":6.0},{"not_picked":["Underhanded Strike","Masterful Stab","Concentrate"],"picked":"Infinite Blades","floor":8.0},{"not_picked":["Deflect","Cloak And Dagger","strawberrySpire:Urgency"],"picked":"Heel Hook+1","floor":10.0},{"not_picked":["Tactician","Flechettes+1","Well Laid Plans"],"picked":"strawberrySpire:Insectonator","floor":12.0},{"not_picked":["Poisoned Stab+1","strawberrySpire:Momentum","Predator+1"],"picked":"Doppelganger","floor":13.0},{"not_picked":["strawberrySpire:Marathoner","Storm of Steel","Unload+1"],"picked":"A Thousand Cuts","floor":16.0},{"not_picked":["Underhanded Strike+1","strawberrySpire:Rummage","strawberrySpire:Pant"],"picked":"Deflect+1","floor":18.0},{"not_picked":["Dagger Throw+1","Flying Knee+1","strawberrySpire:Momentum","Slice+1"],"picked":"SKIP","floor":21.0},{"not_picked":["strawberrySpire:Momentum","Quick Slash+1","Deflect"],"picked":"Blade Dance+1","floor":23.0},{"not_picked":["Reflex","Masterful Stab+1","Blade Dance"],"picked":"Calculated Gamble","floor":25.0},{"not_picked":["Dash+1","strawberrySpire:Pant","strawberrySpire:Insectonator"],"picked":"Burst","floor":29.0},{"not_picked":["Tactician","Flying Knee+1","Slice+1"],"picked":"Footwork+1","floor":30.0},{"not_picked":["strawberrySpire:HopSkipAndJump","strawberrySpire:Pant","Masterful Stab+1"],"picked":"Dash+1","floor":31.0},{"not_picked":["Die Die Die+1","strawberrySpire:HotShot","Doppelganger"],"picked":"Burst","floor":33.0},{"not_picked":["strawberrySpire:DeltaFlow","strawberrySpire:Rummage+1","Dash+1"],"picked":"strawberrySpire:DreamfoilDart+1","floor":35.0},{"not_picked":["strawberrySpire:Rummage+1","Sucker Punch+1","strawberrySpire:Insectonator+1"],"picked":"PiercingWail+1","floor":39},{"not_picked":["Flying Knee+1","Deadly Poison","strawberrySpire:DeltaFlow+1"],"picked":"Caltrops+1","floor":40},{"not_picked":["strawberrySpire:HopSkipAndJump","Bouncing Flask","strawberrySpire:Trickbox+1"],"picked":"Noxious Fumes","floor":42},{"not_picked":["Tools of the Trade","strawberrySpire:Grapple+1","Infinite Blades"],"picked":"Dodge and Roll+1","floor":44},{"not_picked":["Bane+1","Skewer+1","strawberrySpire:DeltaFlow"],"picked":"Footwork+1","floor":46},{"not_picked":["Sucker Punch+1","Deflect","Slice+1"],"picked":"Footwork","floor":47},{"not_picked":["strawberrySpire:SpinKick+1","strawberrySpire:Swampstar+1","Concentrate"],"picked":"strawberrySpire:Slide","floor":48}],"player_experience":137221,"relics_obtained":[{"floor":6.0,"key":"Question Card"},{"floor":8.0,"key":"Oddly Smooth Stone"},{"floor":9.0,"key":"Molten Egg 2"},{"floor":10.0,"key":"Bronze Scales"},{"floor":12.0,"key":"Strawberry"},{"floor":19.0,"key":"Enchiridion"},{"floor":23.0,"key":"Matryoshka"},{"floor":25.0,"key":"strawberrySpire:KineticCharger"},{"floor":26.0,"key":"Orichalcum"},{"floor":26.0,"key":"Ninja Scroll"},{"floor":29.0,"key":"Ginger"},{"floor":41,"key":"strawberrySpire:Treaders"},{"floor":41,"key":"MawBank"},{"floor":42,"key":"Bag of Marbles"},{"floor":43,"key":"Potion Belt"},{"floor":44,"key":"Pear"},{"floor":46,"key":"Peace Pipe"}],"event_choices":[{"damage_healed":0.0,"max_hp_gain":0.0,"max_hp_loss":0.0,"gold_gain":0.0,"event_name":"Upgrade Shrine","player_choice":"Upgraded","floor":3.0,"gold_loss":0.0,"damage_taken":0.0,"cards_upgraded":["Poisoned Stab"]},{"cards_removed":["Defend_G"],"damage_healed":0.0,"max_hp_gain":0.0,"max_hp_loss":0.0,"gold_gain":0.0,"event_name":"Golden Wing","player_choice":"Card Removal","floor":5.0,"gold_loss":0.0,"damage_taken":7.0},{"cards_removed":["Strike_G"],"damage_healed":0.0,"max_hp_gain":0.0,"max_hp_loss":0.0,"gold_gain":0.0,"event_name":"Living Wall","player_choice":"Forget","floor":14.0,"gold_loss":0.0,"damage_taken":0.0},{"damage_healed":0.0,"max_hp_gain":0.0,"max_hp_loss":0.0,"gold_gain":0.0,"event_name":"Cursed Tome","player_choice":"Obtained Book","floor":19.0,"gold_loss":0.0,"damage_taken":16.0},{"damage_healed":0.0,"max_hp_gain":0.0,"max_hp_loss":0.0,"gold_gain":99.0,"event_name":"Nest","player_choice":"Stole From Cult","floor":22.0,"gold_loss":0.0,"damage_taken":0.0},{"damage_healed":0.0,"max_hp_gain":0.0,"max_hp_loss":0.0,"gold_gain":0.0,"event_name":"Back to Basics","player_choice":"Simplicity","floor":27.0,"gold_loss":0.0,"damage_taken":0.0,"cards_upgraded":["Defend_G","Defend_G","Defend_G","Defend_G","Strike_G","Strike_G","Strike_G"]},{"cards_removed":["strawberrySpire:Insectonator"],"damage_healed":5.0,"max_hp_gain":0.0,"max_hp_loss":0.0,"gold_gain":0.0,"event_name":"Bonfire Elementals","player_choice":"Offered Common","floor":28.0,"gold_loss":0.0,"damage_taken":0.0},{"cards_removed":["strawberrySpire:Insectonator"],"damage_healed":5.0,"max_hp_gain":0.0,"max_hp_loss":0.0,"gold_gain":0.0,"event_name":"Bonfire Elementals","player_choice":"Offered Special","floor":28.0,"gold_loss":0.0,"damage_taken":0.0},{"cards_removed":["Blade Dance"],"damage_healed":0.0,"max_hp_gain":0.0,"max_hp_loss":0.0,"gold_gain":0.0,"event_name":"Falling","player_choice":"Removed Skill","floor":36.0,"gold_loss":0.0,"damage_taken":0.0},{"cards_removed":["Strike_G"],"damage_healed":0,"gold_gain":0,"player_choice":"Card Removal","damage_taken":0,"max_hp_gain":0,"max_hp_loss":0,"event_name":"Wheel of Change","floor":38,"gold_loss":0},{"damage_healed":0,"gold_gain":0,"player_choice":"Fight","damage_taken":0,"max_hp_gain":0,"max_hp_loss":0,"event_name":"Mysterious Sphere","floor":46,"gold_loss":0}],"is_beta":false,"boss_relics":[{"not_picked":["Eternal Feather","energizedSpire:RedRose"],"picked":"energizedSpire:CursedPentagram"},{"not_picked":["Runic Dome","White Beast Statue"],"picked":"energizedSpire:HighHeels"}],"items_purged_floors":[0,37],"is_endless":false,"potions_floor_spawned":[2,6,10,12,23,29,31,33,35,39,40,47],"ascension_level":1}