{"gold_per_floor":[15,34,46,57,72,103,103,68,68,81,93,123,123,123,123,243,243,264,264,264,0,16,16,16],"floor_reached":24,"playtime":2351,"items_purged":["Strike_B"],"score":208,"play_id":"bbc16365-a05c-48ee-8577-ac4290e3bc92","local_time":"20181018211647","is_ascension_mode":false,"campfire_choices":[{"floor":7.0,"key":"REST"},{"floor":15.0,"key":"REST"},{"data":"Mayhem","floor":23,"key":"SMITH"}],"neow_cost":"NO_GOLD","seed_source_timestamp":0,"circlet_count":0,"master_deck":["Strike_B","Strike_B","Strike_B","Defend_B","Defend_B","Defend_B+1","Defend_B","Zap","Dualcast+1","Creative AI+1","Chaos","Sweeping Beam","Go for the Eyes","Defragment","Chill","Fission","Streamline","Leap","Echo Form","Injury","Core Surge","Mayhem+1","Stack","FTL+1"],"special_seed":0,"relics":["FrozenCore","Symbiotic Virus","War Paint","Art of War","Golden Idol"],"potions_floor_usage":[24,24],"damage_taken":[{"damage":5.0,"enemies":"Cultist","floor":1.0,"turns":6.0},{"damage":15.0,"enemies":"Jaw Worm","floor":2.0,"turns":5.0},{"damage":2.0,"enemies":"Small Slimes","floor":3.0,"turns":4.0},{"damage":4.0,"enemies":"2 Fungi Beasts","floor":4.0,"turns":4.0},{"damage":25.0,"enemies":"Lots of Slimes","floor":5.0,"turns":5.0},{"damage":21.0,"enemies":"3 Sentries","floor":6.0,"turns":6.0},{"damage":10.0,"enemies":"Blue Slaver","floor":10.0,"turns":3.0},{"damage":4.0,"enemies":"Gremlin Gang","floor":11.0,"turns":6.0},{"damage":15.0,"enemies":"Lagavulin","floor":12.0,"turns":6.0},{"damage":16.0,"enemies":"The Guardian","floor":16.0,"turns":11.0},{"damage":21.0,"enemies":"Spheric Guardian","floor":18.0,"turns":4.0},{"damage":30,"enemies":"Colosseum Slavers","floor":20,"turns":6},{"damage":11,"enemies":"Shell Parasite","floor":22,"turns":7},{"damage":13,"enemies":"Cultist and Chosen","floor":24,"turns":4}],"seed_played":"7762806140678566652","potions_obtained":[{"floor":1.0,"key":"Block Potion"},{"floor":2.0,"key":"Fire Potion"},{"floor":11.0,"key":"Weak Potion"},{"floor":13.0,"key":"FearPotion"},{"floor":13.0,"key":"SmokeBomb"},{"floor":13.0,"key":"Regen Potion"},{"floor":16.0,"key":"Ancient Potion"},{"floor":22,"key":"PowerPotion"}],"is_trial":false,"path_per_floor":["M","M","M","M","M","E","R","?","T","M","M","E","?","?","R","B",null,"M","?","?","$","M","R"],"character_chosen":"DEFECT","items_purchased":["Mayhem","Stack"],"campfire_rested":2,"item_purchase_floors":[21,21],"current_hp_per_floor":[70,55,53,49,24,3,25,43,43,33,29,14,14,14,36,35,75,54,54,24,24,13,13,0],"gold":16,"neow_bonus":"THREE_RARE_CARDS","is_prod":false,"is_daily":false,"chose_seed":false,"campfire_upgraded":1,"win_rate":0,"timestamp":1539886607,"path_taken":["M","M","M","?","M","E","R","?","T","M","?","E","?","?","R","BOSS","M","?","?","$","M","R","M"],"build_version":"2018-10-17v3","purchased_purges":1,"victory":false,"max_hp_per_floor":[75,75,75,75,75,75,75,75,75,75,75,75,75,75,75,75,75,75,75,75,75,75,75,75],"card_choices":[{"not_picked":["Fission","Rainbow"],"picked":"Creative AI","floor":0.0},{"not_picked":["Auto Shields","Fusion"],"picked":"Chaos","floor":1.0},{"not_picked":["Barrage","Stack"],"picked":"Sweeping Beam","floor":2.0},{"not_picked":["Coolheaded","Genetic Algorithm"],"picked":"Go for the Eyes","floor":3.0},{"not_picked":["Coolheaded","Static Discharge"],"picked":"Defragment","floor":4.0},{"not_picked":["Go for the Eyes","Coolheaded"],"picked":"Chill","floor":5.0},{"not_picked":["Darkness","Reprogram"],"picked":"Fission","floor":6.0},{"not_picked":["Go for the Eyes","Lockon"],"picked":"Streamline","floor":10.0},{"not_picked":["White Noise","Coolheaded"],"picked":"Leap","floor":11.0},{"not_picked":["Go for the Eyes","Darkness"],"picked":"Echo Form","floor":12.0},{"not_picked":["Biased Cognition","Hyperbeam"],"picked":"Core Surge","floor":16.0},{"not_picked":["Scrape","Streamline","Doom and Gloom"],"picked":"SKIP","floor":18.0},{"not_picked":["White Noise","Redo"],"picked":"FTL+1","floor":22}],"player_experience":801626,"relics_obtained":[{"floor":6.0,"key":"Symbiotic Virus"},{"floor":9.0,"key":"War Paint"},{"floor":12.0,"key":"Art of War"}],"event_choices":[{"damage_healed":18.0,"max_hp_gain":0.0,"max_hp_loss":0.0,"gold_gain":0.0,"event_name":"The Cleric","player_choice":"Healed","floor":8.0,"gold_loss":35.0,"damage_taken":0.0},{"damage_healed":0.0,"max_hp_gain":0.0,"max_hp_loss":0.0,"gold_gain":0.0,"event_name":"The Lab","player_choice":"Got Potions","floor":13.0,"gold_loss":0.0,"damage_taken":0.0},{"damage_healed":0.0,"max_hp_gain":0.0,"max_hp_loss":0.0,"gold_gain":0.0,"event_name":"Golden Idol","player_choice":"Take Wound","floor":14.0,"gold_loss":0.0,"damage_taken":0.0,"relics_obtained":["Golden Idol"],"cards_obtained":["Injury"]},{"damage_healed":0.0,"max_hp_gain":0.0,"max_hp_loss":0.0,"gold_gain":0.0,"event_name":"Upgrade Shrine","player_choice":"Upgraded","floor":19.0,"gold_loss":0.0,"damage_taken":0.0,"cards_upgraded":["Creative AI"]},{"damage_healed":0,"gold_gain":0,"player_choice":"Fight","damage_taken":0,"max_hp_gain":0,"max_hp_loss":0,"event_name":"Colosseum","floor":20,"gold_loss":0},{"damage_healed":0,"gold_gain":0,"player_choice":"Fled From Nobs","damage_taken":0,"max_hp_gain":0,"max_hp_loss":0,"event_name":"Colosseum","floor":20,"gold_loss":0}],"is_beta":true,"boss_relics":[{"not_picked":["Astrolabe","Philosopher\u0027s Stone"],"picked":"FrozenCore"}],"items_purged_floors":[21],"is_endless":false,"potions_floor_spawned":[1,2,11,16,22],"killed_by":"Cultist and Chosen","ascension_level":0}