{"gold_per_floor":[112,33,33,49,49,88,108,108,108,181,204,219,263,287,287,410,410,431,455,476,575,8,8,41,53,65,103,135,170,182,194,206,341,353,379,391,427,464,489,501,73,73,73,107,183,183,26,51,51,51],"floor_reached":51,"playtime":2645,"items_purged":["Defend_G"],"score":917,"play_id":"04b0e823-cf24-450b-8a0f-0845dca16858","local_time":"20181005015635","is_ascension_mode":false,"campfire_choices":[{"data":"Glass Knife","floor":8,"key":"SMITH"},{"data":"Cloak And Dagger","floor":15,"key":"SMITH"},{"data":"Cloak And Dagger","floor":23,"key":"SMITH"},{"data":"Infinite Blades","floor":25,"key":"SMITH"},{"data":"Neutralize","floor":30,"key":"SMITH"},{"floor":32,"key":"REST"},{"floor":40,"key":"REST"},{"floor":42,"key":"REST"},{"data":"Tools of the Trade","floor":46,"key":"SMITH"},{"floor":49,"key":"REST"}],"neow_cost":"NONE","seed_source_timestamp":974049065744282,"circlet_count":0,"master_deck":["Survivor","Neutralize+1","Dodge and Roll","Glass Knife+1","Cloak And Dagger+1","Quick Slash+1","Tools of the Trade+1","Heel Hook+1","Backflip","Escape Plan","Cloak And Dagger+1","Poisoned Stab+1","Glass Knife+1","Deflect+1","Outmaneuver","Cloak And Dagger+1","Finesse","Infinite Blades+1","Infinite Blades","Slice+1","Corpse Explosion","Distraction","Acrobatics","Dagger Spray+1","Well Laid Plans","Blade Dance","Bane+1","Well Laid Plans","Terror","Flying Knee+1","Purity","Endless Agony+1","Choke+1","Cloak And Dagger+1","Finisher+1","Blade Dance","After Image","Backstab+1","Finisher+1","Prepared+1","Reflex+1","Infinite Blades+1"],"relics":["Ring of the Serpent","NeowsBlessing","Golden Idol","Molten Egg 2","Bronze Scales","Tiny Chest","Pear","Kunai","Boot","MawBank","Blue Candle","Snake Skull","Du-Vu Doll","Pandora\u0027s Box","Blood Vial","Mercury Hourglass","PreservedInsect","Toxic Egg 2"],"potions_floor_usage":[10,10,13,16,16,20,29,33,48,50],"damage_taken":[{"damage":0,"enemies":"Cultist","floor":1,"turns":1},{"damage":0,"enemies":"Small Slimes","floor":4,"turns":1},{"damage":0,"enemies":"Gremlin Nob","floor":6,"turns":1},{"damage":0,"enemies":"2 Louse","floor":7,"turns":2},{"damage":5,"enemies":"3 Sentries","floor":10,"turns":6},{"damage":0,"enemies":"2 Fungi Beasts","floor":11,"turns":3},{"damage":9,"enemies":"3 Louse","floor":12,"turns":2},{"damage":0,"enemies":"Gremlin Nob","floor":13,"turns":3},{"damage":0,"enemies":"Large Slime","floor":14,"turns":6},{"damage":0,"enemies":"Hexaghost","floor":16,"turns":9},{"damage":0,"enemies":"Spheric Guardian","floor":18,"turns":3},{"damage":4,"enemies":"Chosen","floor":19,"turns":3},{"damage":5,"enemies":"Centurion and Healer","floor":20,"turns":6},{"damage":28,"enemies":"Slavers","floor":24,"turns":4},{"damage":6,"enemies":"Snecko","floor":28,"turns":4},{"damage":0,"enemies":"Snake Plant","floor":29,"turns":4},{"damage":46,"enemies":"Automaton","floor":33,"turns":11},{"damage":6,"enemies":"3 Shapes","floor":35,"turns":2},{"damage":25,"enemies":"3 Darklings","floor":37,"turns":3},{"damage":21,"enemies":"Jaw Worm Horde","floor":38,"turns":4},{"damage":17,"enemies":"Reptomancer","floor":39,"turns":5},{"damage":13,"enemies":"Giant Head","floor":44,"turns":7},{"damage":19,"enemies":"Spire Growth","floor":48,"turns":4},{"damage":45,"enemies":"Donu and Deca","floor":50,"turns":4}],"seed_played":"-6919291474671196267","potions_obtained":[{"floor":1,"key":"SkillPotion"},{"floor":4,"key":"EssenceOfSteel"},{"floor":6,"key":"Energy Potion"},{"floor":10,"key":"Energy Potion"},{"floor":13,"key":"Weak Potion"},{"floor":19,"key":"LiquidBronze"},{"floor":24,"key":"Energy Potion"},{"floor":28,"key":"Block Potion"},{"floor":37,"key":"Ancient Potion"},{"floor":38,"key":"SteroidPotion"}],"is_trial":false,"path_per_floor":["M","$","?","M","?","E","M","R","T","E","M","M","E","M","R","B",null,"M","M","M","?","$","R","E","R","T","T","M","M","R","T","R","B",null,"M","?","M","M","M","R","$","R","T","E","T","R","$","M","R","B"],"character_chosen":"THE_SILENT","items_purchased":["Glass Knife","Kunai","Finesse","Boot","Blood Vial","Finisher+1","Blade Dance","After Image","GhostInAJar","Finisher+1","Prepared+1","Reflex+1"],"campfire_rested":4,"item_purchase_floors":[2,22,22,22,41,41,41,41,41,47,47,47],"current_hp_per_floor":[70,70,63,63,46,46,46,46,46,41,41,32,42,42,42,42,80,80,76,71,71,71,71,43,43,43,43,37,37,37,37,61,15,80,74,74,49,28,11,35,35,59,59,48,48,48,48,31,55,12],"gold":51,"neow_bonus":"THREE_ENEMY_KILL","is_prod":false,"is_daily":false,"chose_seed":false,"campfire_upgraded":6,"win_rate":0,"timestamp":1538693795,"path_taken":["M","$","?","M","?","E","M","R","T","E","M","M","E","M","R","BOSS","M","M","M","?","$","R","E","R","T","?","M","?","R","?","R","BOSS","M","?","M","M","?","R","$","R","T","E","?","R","$","M","R","BOSS"],"build_version":"2018-10-04","purchased_purges":1,"victory":true,"max_hp_per_floor":[70,70,70,70,70,70,70,70,70,70,70,70,80,80,80,80,80,80,80,80,80,80,80,80,80,80,80,80,80,80,80,80,80,80,80,80,80,80,80,80,80,80,80,80,80,80,80,80,80,80],"card_choices":[{"not_picked":["Caltrops","Accuracy"],"picked":"Dodge and Roll","floor":1},{"not_picked":["Poisoned Stab","Acrobatics"],"picked":"Cloak And Dagger","floor":4},{"not_picked":["Setup","Tactician"],"picked":"Quick Slash","floor":6},{"not_picked":["Bouncing Flask","Acrobatics"],"picked":"Tools of the Trade","floor":7},{"not_picked":["All Out Attack+1","Dodge and Roll"],"picked":"Heel Hook+1","floor":10},{"not_picked":["Heel Hook+1","Well Laid Plans"],"picked":"Backflip","floor":11},{"not_picked":["Leg Sweep","Dodge and Roll"],"picked":"Escape Plan","floor":12},{"not_picked":["Choke+1","Escape Plan"],"picked":"Cloak And Dagger","floor":13},{"not_picked":["Slice+1","Deadly Poison"],"picked":"Poisoned Stab+1","floor":14},{"not_picked":["Corpse Explosion","Storm of Steel"],"picked":"Glass Knife+1","floor":16},{"not_picked":["Escape Plan","Calculated Gamble"],"picked":"Deflect+1","floor":18},{"not_picked":["Bouncing Flask","Bane+1"],"picked":"Outmaneuver","floor":19},{"not_picked":["Outmaneuver+1","Dodge and Roll+1"],"picked":"Cloak And Dagger+1","floor":20},{"not_picked":["Cloak And Dagger+1","Quick Slash+1"],"picked":"Infinite Blades","floor":24},{"not_picked":["Unload+1","Dagger Throw+1"],"picked":"Infinite Blades","floor":28},{"not_picked":["Outmaneuver","Sucker Punch+1"],"picked":"Slice+1","floor":29},{"not_picked":["Venomology","Storm of Steel"],"picked":"Corpse Explosion","floor":33},{"not_picked":["Outmaneuver","Poisoned Stab+1"],"picked":"Flying Knee+1","floor":35},{"not_picked":["Dagger Throw+1","Footwork"],"picked":"Endless Agony+1","floor":37},{"not_picked":["Flying Knee+1","Outmaneuver"],"picked":"Choke+1","floor":38},{"not_picked":["Dagger Spray+1","Calculated Gamble+1"],"picked":"Cloak And Dagger+1","floor":39},{"not_picked":["Heel Hook+1","Caltrops+1"],"picked":"Backstab+1","floor":44},{"not_picked":["Deflect+1","Sucker Punch+1"],"picked":"Infinite Blades+1","floor":48}],"player_experience":737798,"relics_obtained":[{"floor":6,"key":"Molten Egg 2"},{"floor":9,"key":"Bronze Scales"},{"floor":10,"key":"Tiny Chest"},{"floor":13,"key":"Pear"},{"floor":24,"key":"MawBank"},{"floor":26,"key":"Blue Candle"},{"floor":27,"key":"Snake Skull"},{"floor":31,"key":"Du-Vu Doll"},{"floor":43,"key":"Mercury Hourglass"},{"floor":44,"key":"PreservedInsect"},{"floor":45,"key":"Toxic Egg 2"}],"event_choices":[{"event_name":"Golden Wing","player_choice":"Card Removal","floor":3,"damage_taken":0},{"event_name":"Golden Idol","player_choice":"Take Damage","floor":5,"damage_taken":0},{"event_name":"Nest","player_choice":"Stole From Cult","floor":21,"damage_taken":0},{"event_name":"Match and Keep!","player_choice":"1 cards matched","floor":36,"damage_taken":0}],"is_beta":true,"boss_relics":[{"not_picked":["Philosopher\u0027s Stone","Runic Pyramid"],"picked":"Ring of the Serpent"},{"not_picked":["Orrery","Empty Cage"],"picked":"Pandora\u0027s Box"}],"items_purged_floors":[22],"is_endless":false,"potions_floor_spawned":[1,4,6,10,13,19,24,28,37,38,44],"ascension_level":0}