{"gold_per_floor":[116,134,134,134,153,185,185,217,244,244,244,254,254,4,4,101,101,114,114,114,114,14,46,46,46,46,75,75,103,116,116,116,216,216,229,229,244,45,0,0,32,32,32,57,71,71,71,96,96,96],"floor_reached":51,"playtime":2208,"items_purged":["Strike_B","Pain"],"score":1312,"play_id":"d2e98c2a-74ac-43ae-ac60-1378f2d9734a","local_time":"20190507152003","is_ascension_mode":true,"campfire_choices":[{"data":"strawberrySpire:Flashback","floor":7,"key":"SMITH"},{"data":"strawberrySpire:Flashback","floor":11,"key":"SMITH"},{"data":"strawberrySpire:Flashback","floor":13,"key":"SMITH"},{"data":"strawberrySpire:Flashback","floor":15,"key":"SMITH"},{"data":"strawberrySpire:Flashback","floor":24,"key":"SMITH"},{"data":"strawberrySpire:Flashback","floor":28,"key":"SMITH"},{"data":"strawberrySpire:Ronchyble","floor":32,"key":"SMITH"},{"data":"strawberrySpire:FocalLaser","floor":40,"key":"SMITH"},{"data":"Capacitor","floor":42,"key":"SMITH"},{"data":"Hologram","floor":49,"key":"SMITH"}],"neow_cost":"","seed_source_timestamp":537559585123606,"circlet_count":0,"master_deck":["Strike_B","Strike_B","Defend_B","Defend_B","Defend_B","Defend_B","Zap+1","Dualcast","strawberrySpire:Flashback","Hologram+1","Rebound+1","strawberrySpire:AngeryBot","strawberrySpire:FocalLaser+1","strawberrySpire:Flashback","Coolheaded","Rip and Tear","Conserve Battery","Hologram","Cold Snap+1","Go for the Eyes","Core Surge","Capacitor+1","Glacier","Glacier","strawberrySpire:Compressor+1","strawberrySpire:Ronchyble+1","strawberrySpire:ReturnNull+1","strawberrySpire:Ronchyble+1","Turbo","Ball Lightning+1","Tempest+1","Stack+1","Madness","Madness","Leap+1"],"relics":["Cracked Core","Strange Spoon","Happy Flower","strawberrySpire:Treaders","DataDisk","Juzu Bracelet","strawberrySpire:TinySteamboat","Black Star","WarpedTongs","Bird Faced Urn","StoneCalendar","Nloth\u0027s Gift","Pear","Question Card","Bottled Tornado","Vajra","Ginger","strawberrySpire:CapacitorDischarge","strawberrySpire:AztechBall","Red Mask","Centennial Puzzle","Art of War","Pen Nib","Whetstone","Potion Belt","strawberrySpire:ThornyGelberry","Regal Pillow"],"potions_floor_usage":[23,23,29,33,44,50,50,50],"damage_taken":[{"damage":3,"enemies":"Small Slimes","floor":1,"turns":3},{"damage":1,"enemies":"2 Louse","floor":2,"turns":2},{"damage":0,"enemies":"Jaw Worm","floor":5,"turns":3},{"damage":7,"enemies":"Gremlin Nob","floor":6,"turns":3},{"damage":15,"enemies":"strawberrySpire:EnergyPylons","floor":8,"turns":5},{"damage":0,"enemies":"Looter","floor":12,"turns":2},{"damage":7,"enemies":"The Guardian","floor":16,"turns":8},{"damage":0,"enemies":"3 Byrds","floor":18,"turns":5},{"damage":36,"enemies":"Slavers","floor":23,"turns":7},{"damage":3,"enemies":"Gremlin Leader","floor":27,"turns":10},{"damage":0,"enemies":"Book of Stabbing","floor":29,"turns":7},{"damage":0,"enemies":"Shell Parasite","floor":30,"turns":4},{"damage":23,"enemies":"Automaton","floor":33,"turns":8},{"damage":0,"enemies":"3 Darklings","floor":35,"turns":7},{"damage":0,"enemies":"3 Shapes","floor":37,"turns":4},{"damage":37,"enemies":"Reptomancer","floor":41,"turns":7},{"damage":8,"enemies":"Nemesis","floor":44,"turns":7},{"damage":0,"enemies":"Sphere and 2 Shapes","floor":45,"turns":5},{"damage":33,"enemies":"Giant Head","floor":48,"turns":10},{"damage":14,"enemies":"Awakened One","floor":50,"turns":8}],"seed_played":"-4933222802337707973","potions_obtained":[{"floor":5,"key":"FearPotion"},{"floor":6,"key":"Dexterity Potion"},{"floor":8,"key":"Block Potion"},{"floor":16,"key":"FocusPotion"},{"floor":30,"key":"Swift Potion"},{"floor":33,"key":"LiquidBronze"},{"floor":41,"key":"SkillPotion"},{"floor":45,"key":"EssenceOfSteel"},{"floor":48,"key":"Poison Potion"}],"is_trial":false,"path_per_floor":["M","M","?","?","M","E","R","E","T","?","R","M","R","$","R","B",null,"M","?","?","?","$","E","R","?","T","E","R","E","M","$","R","B",null,"M","?","M","$","?","R","E","R","T","E","M","?","?","E","R","B",null],"character_chosen":"DEFECT","items_purchased":["strawberrySpire:Flashback","Hologram","Rebound","strawberrySpire:AngeryBot","strawberrySpire:FocalLaser","strawberrySpire:Flashback","Orichalcum","Strange Spoon","Happy Flower","Coolheaded","Rip and Tear","strawberrySpire:TinySteamboat","strawberrySpire:AztechBall"],"campfire_rested":0,"item_purchase_floors":[0,0,0,0,0,0,0,0,0,0,0,14,38],"current_hp_per_floor":[72,71,71,56,56,49,49,34,34,39,39,39,39,39,39,32,80,80,80,80,80,80,44,44,44,54,67,67,81,90,90,90,69,90,90,90,90,90,90,90,61,61,61,77,90,79,79,61,61,61],"gold":96,"neow_bonus":"","is_prod":false,"is_daily":false,"chose_seed":false,"campfire_upgraded":10,"win_rate":0,"timestamp":1557231603,"path_taken":["M","M","?","?","M","E","R","E","T","?","R","M","R","?","R","BOSS","M","?","?","?","$","E","R","?","T","E","R","E","M","?","R","BOSS","M","?","M","?","?","R","E","R","T","E","M","?","?","E","R","BOSS"],"build_version":"2019-01-23","purchased_purges":2,"victory":true,"max_hp_per_floor":[75,75,75,75,75,75,75,75,75,80,80,80,80,80,80,80,80,80,80,80,80,80,80,80,80,90,90,90,90,90,90,90,90,90,90,90,90,90,90,90,90,90,90,90,90,90,90,90,90,90],"card_choices":[{"not_picked":["Barrage","strawberrySpire:NeonFlight"],"picked":"Conserve Battery","floor":1},{"not_picked":["Loop","Chaos","Coolheaded"],"picked":"SKIP","floor":2},{"not_picked":["strawberrySpire:FocalLaser","Streamline"],"picked":"Hologram","floor":5},{"not_picked":["strawberrySpire:GearCrunch","strawberrySpire:DataDump"],"picked":"Cold Snap","floor":6},{"not_picked":["Buffer","Compile Driver"],"picked":"Steam","floor":8},{"not_picked":["Reprogram","Redo"],"picked":"Go for the Eyes","floor":12},{"not_picked":["Seek","Multi-Cast"],"picked":"Core Surge","floor":16},{"not_picked":["Barrage","Heatsinks"],"picked":"Capacitor","floor":18},{"not_picked":["Rip and Tear+1","Barrage+1"],"picked":"Glacier","floor":23},{"not_picked":["Go for the Eyes","strawberrySpire:Refactor"],"picked":"strawberrySpire:Compressor+1","floor":27},{"not_picked":["Coolheaded","Stack","Beam Cell+1"],"picked":"strawberrySpire:Ronchyble","floor":29},{"not_picked":["strawberrySpire:NeonFlight","Compile Driver+1","Coolheaded+1"],"picked":"strawberrySpire:ReturnNull","floor":30},{"not_picked":["Electrodynamics","Biased Cognition","Multi-Cast"],"picked":"strawberrySpire:Ronchyble","floor":33},{"not_picked":["Darkness","Sweeping Beam+1","Coolheaded+1","strawberrySpire:Disconnect"],"picked":"SKIP","floor":35},{"not_picked":["Recycle","Hologram","Doom and Gloom+1"],"picked":"Turbo","floor":37},{"not_picked":["Electrodynamics","Cold Snap","strawberrySpire:Refactor"],"picked":"Ball Lightning+1","floor":41},{"not_picked":["strawberrySpire:DataDump","Heatsinks","Stack+1"],"picked":"Tempest+1","floor":44},{"not_picked":["Barrage","strawberrySpire:Disconnect","Conserve Battery"],"picked":"Stack+1","floor":45},{"not_picked":["Barrage","strawberrySpire:Refactor","Compile Driver+1"],"picked":"Leap+1","floor":48}],"player_experience":135116,"relics_obtained":[{"floor":6,"key":"strawberrySpire:Treaders"},{"floor":8,"key":"DataDisk"},{"floor":9,"key":"Juzu Bracelet"},{"floor":23,"key":"Bird Faced Urn"},{"floor":23,"key":"StoneCalendar"},{"floor":26,"key":"Pear"},{"floor":27,"key":"Question Card"},{"floor":27,"key":"Bottled Tornado"},{"floor":29,"key":"Vajra"},{"floor":29,"key":"Ginger"},{"floor":41,"key":"Centennial Puzzle"},{"floor":41,"key":"Art of War"},{"floor":43,"key":"Pen Nib"},{"floor":44,"key":"Whetstone"},{"floor":44,"key":"Potion Belt"},{"floor":48,"key":"strawberrySpire:ThornyGelberry"},{"floor":48,"key":"Regal Pillow"}],"event_choices":[{"cards_removed":["Strike_B"],"damage_healed":0,"gold_gain":0,"player_choice":"Forget","damage_taken":0,"max_hp_gain":0,"max_hp_loss":0,"event_name":"Living Wall","floor":3,"gold_loss":0},{"damage_healed":0,"gold_gain":0,"player_choice":"Entered Light","damage_taken":15,"max_hp_gain":0,"max_hp_loss":0,"event_name":"Shining Light","floor":4,"gold_loss":0,"cards_upgraded":["Rebound","Zap"]},{"damage_healed":0,"gold_gain":0,"player_choice":"Donut","damage_taken":0,"max_hp_gain":5,"max_hp_loss":0,"event_name":"Big Fish","floor":10,"gold_loss":0},{"damage_healed":0,"gold_gain":0,"player_choice":"Ignored","damage_taken":0,"max_hp_gain":0,"max_hp_loss":0,"event_name":"Vampires","floor":19,"gold_loss":0},{"damage_healed":0,"gold_gain":0,"player_choice":"Rummage","damage_taken":0,"relics_obtained":["WarpedTongs"],"max_hp_gain":0,"max_hp_loss":0,"event_name":"Accursed Blacksmith","floor":20,"gold_loss":0,"cards_obtained":["Pain"]},{"damage_healed":0,"gold_gain":0,"player_choice":"Read","damage_taken":0,"max_hp_gain":0,"max_hp_loss":0,"event_name":"The Library","floor":21,"gold_loss":0,"cards_obtained":["Glacier"]},{"damage_healed":0,"gold_gain":0,"player_choice":"Traded Relic","damage_taken":0,"relics_obtained":["Nloth\u0027s Gift"],"max_hp_gain":0,"max_hp_loss":0,"event_name":"N\u0027loth","floor":25,"relics_lost":["Orichalcum"],"gold_loss":0},{"damage_healed":0,"gold_gain":0,"player_choice":"Upgraded","damage_taken":0,"max_hp_gain":0,"max_hp_loss":0,"event_name":"Upgrade Shrine","floor":36,"gold_loss":0,"cards_upgraded":["strawberrySpire:Ronchyble"]},{"damage_healed":0,"gold_gain":0,"player_choice":"Paid","damage_taken":0,"relics_obtained":["Red Mask"],"max_hp_gain":0,"max_hp_loss":0,"event_name":"Tomb of Lord Red Mask","floor":39,"gold_loss":45},{"damage_healed":0,"gold_gain":0,"player_choice":"Embrace Madness","damage_taken":11,"max_hp_gain":0,"max_hp_loss":0,"event_name":"Winding Halls","floor":46,"gold_loss":0,"cards_obtained":["Madness","Madness"]},{"cards_removed":["Steam"],"damage_healed":0,"gold_gain":0,"player_choice":"Removed Skill","damage_taken":0,"max_hp_gain":0,"max_hp_loss":0,"event_name":"Falling","floor":47,"gold_loss":0}],"is_beta":false,"boss_relics":[{"not_picked":["Eternal Feather","strawberrySpire:RottenAvocado"],"picked":"Black Star"},{"not_picked":["Inserter","energizedSpire:RedRose"],"picked":"strawberrySpire:CapacitorDischarge"}],"items_purged_floors":[0,22],"is_endless":false,"potions_floor_spawned":[5,6,8,16,18,30,33,41,45,48],"ascension_level":4}