{"path_per_floor":["M","?","M","?","M","E","R","M","T","$","M","$","?","E","R","B",null,"M","?","$","M","?","R","M","M","T","E","R","M","?","M","R","B",null,"M","M","?","M","M","R","?","R","T","?","$","T","M","M","R"],"character_chosen":"THE_SILENT","items_purchased":["Glass Knife","Noxious Fumes","Energy Potion","Boot"],"gold_per_floor":[114,114,127,127,146,175,175,189,212,2,18,18,18,51,51,155,155,170,170,18,38,38,38,51,71,71,105,105,117,117,129,129,233,233,250,268,318,328,348,348,0,0,26,26,26,73,87,104,104,104],"floor_reached":50,"campfire_rested":4,"playtime":3182,"current_hp_per_floor":[70,75,75,57,57,49,49,48,48,48,48,48,33,31,31,10,75,73,73,73,72,72,72,56,52,52,20,42,28,12,11,33,31,75,75,75,61,31,31,31,31,53,53,53,53,53,30,21,43,0],"items_purged":[],"gold":104,"score":524,"play_id":"96575991-1cd4-4eee-95f0-1d71a04ef47d","local_time":"20180517222443","is_prod":false,"is_daily":false,"chose_seed":false,"is_ascension_mode":false,"campfire_upgraded":4,"timestamp":1526585083,"campfire_choices":[{"data":"Dagger Spray","floor":7,"key":"SMITH"},{"data":"Glass Knife","floor":15,"key":"SMITH"},{"data":"Adrenaline","floor":23,"key":"SMITH"},{"floor":28,"key":"REST"},{"floor":32,"key":"REST"},{"data":"Calculated Gamble","floor":40,"key":"SMITH"},{"floor":42,"key":"REST"},{"floor":49,"key":"REST"}],"path_taken":["M","?","?","?","?","E","R","M","T","$","M","?","?","E","R","BOSS","M","?","?","M","?","R","M","?","T","E","R","M","?","M","R","BOSS","M","?","?","?","M","R","?","R","T","?","?","?","M","M","R","BOSS"],"build_version":"2018-05-17","seed_source_timestamp":98239945365440,"purchased_purges":0,"victory":false,"master_deck":["Survivor","Neutralize","Poisoned Stab","Dagger Spray+1","Sucker Punch","Acrobatics","Prepared","Glass Knife+1","Noxious Fumes+1","Storm of Steel+1","Calculated Gamble+1","Adrenaline+1","Outmaneuver","Sucker Punch","Catalyst","Backflip","Catalyst","Cloak And Dagger","Poisoned Stab","Underhanded Strike+1","Malaise","Backflip","Crippling Poison+1","Slice","Dagger Throw","Dash+1","PiercingWail+1","Well Laid Plans","Slice+1","Burst","Flying Knee+1","Riddle With Holes+1","Quick Slash","All Out Attack+1","Quick Slash","Pain","Writhe","Escape Plan+1","Malaise+1"],"max_hp_per_floor":[70,75,75,75,75,75,75,75,75,75,75,75,75,75,75,75,75,75,75,75,75,75,75,75,75,75,75,75,75,75,75,75,75,75,75,75,75,75,75,75,75,75,75,75,75,75,75,75,75,75],"relics":["Ring of the Snake","Turnip","Orichalcum","Omamori","Snake Skull","Art of War","Pandora\u0027s Box","Boot","Smiling Mask","Dodecahedron","Whetstone","Necronomicon","Cursed Key","Gambling Chip","Red Mask","Bag of Marbles","Pen Nib"],"card_choices":[{"not_picked":["Caltrops","Reflex"],"picked":"Poisoned Stab","floor":1},{"not_picked":["Slice","Prepared"],"picked":"Dagger Spray","floor":3},{"not_picked":["Deadly Poison","A Thousand Cuts"],"picked":"Sucker Punch","floor":5},{"not_picked":["Flechettes","Deadly Poison"],"picked":"Acrobatics","floor":6},{"not_picked":["Outmaneuver","Acrobatics"],"picked":"Prepared","floor":8},{"not_picked":["Skewer","Acrobatics"],"picked":"Storm of Steel","floor":11},{"not_picked":["Slice","Poisoned Stab"],"picked":"Calculated Gamble","floor":14},{"not_picked":["Phantasmal Killer","Tactician"],"picked":"Adrenaline","floor":16},{"not_picked":["Sucker Punch","PiercingWail"],"picked":"Crippling Poison+1","floor":18},{"not_picked":["Expertise+1","Accuracy"],"picked":"Slice","floor":21},{"not_picked":["Caltrops","Bane"],"picked":"Dagger Throw","floor":24},{"not_picked":["Flying Knee","Flechettes+1"],"picked":"Dash","floor":25},{"not_picked":["Concentrate+1","Choke+1"],"picked":"PiercingWail+1","floor":27},{"not_picked":["Backflip","Flechettes"],"picked":"Well Laid Plans","floor":29},{"not_picked":["Bouncing Flask","Dagger Throw+1"],"picked":"Slice+1","floor":31},{"not_picked":["Grand Finale","Wraith Form v2"],"picked":"Burst","floor":33},{"not_picked":["Deadly Poison","Dagger Spray"],"picked":"Flying Knee+1","floor":35},{"not_picked":["Acrobatics+1","Terror"],"picked":"Riddle With Holes+1","floor":36},{"not_picked":["Sucker Punch","Backflip"],"picked":"Quick Slash","floor":37},{"not_picked":["Storm of Steel","Outmaneuver+1"],"picked":"All Out Attack+1","floor":38},{"not_picked":["Accuracy","Slice"],"picked":"Quick Slash","floor":39},{"not_picked":["Sucker Punch+1","Poisoned Stab"],"picked":"Escape Plan+1","floor":47},{"not_picked":["Choke+1","Backflip"],"picked":"Malaise+1","floor":48}],"player_experience":436980,"potions_floor_usage":[6,16,16,27,27,33,50,50],"damage_taken":[{"damage":0,"enemies":"Jaw Worm","floor":1,"turns":5},{"damage":0,"enemies":"2 Louse","floor":3,"turns":3},{"damage":0,"enemies":"Small Slimes","floor":5,"turns":3},{"damage":8,"enemies":"Gremlin Nob","floor":6,"turns":5},{"damage":1,"enemies":"Gremlin Gang","floor":8,"turns":3},{"damage":0,"enemies":"2 Fungi Beasts","floor":11,"turns":2},{"damage":2,"enemies":"3 Sentries","floor":14,"turns":4},{"damage":21,"enemies":"The Guardian","floor":16,"turns":11},{"damage":2,"enemies":"Spheric Guardian","floor":18,"turns":3},{"damage":1,"enemies":"Shell Parasite","floor":21,"turns":2},{"damage":16,"enemies":"Snake Plant","floor":24,"turns":4},{"damage":4,"enemies":"Centurion and Healer","floor":25,"turns":5},{"damage":32,"enemies":"Slavers","floor":27,"turns":4},{"damage":14,"enemies":"Sentry and Sphere","floor":29,"turns":5},{"damage":1,"enemies":"Chosen and Byrds","floor":31,"turns":4},{"damage":2,"enemies":"Automaton","floor":33,"turns":6},{"damage":0,"enemies":"Flame Bruiser 1 Orb","floor":35,"turns":4},{"damage":0,"enemies":"Orb Walker","floor":36,"turns":2},{"damage":14,"enemies":"Mysterious Sphere","floor":37,"turns":3},{"damage":30,"enemies":"Spire Growth","floor":38,"turns":3},{"damage":0,"enemies":"4 Shapes","floor":39,"turns":3},{"damage":23,"enemies":"Sphere and 2 Shapes","floor":47,"turns":3},{"damage":9,"enemies":"3 Darklings","floor":48,"turns":1},{"damage":50,"enemies":"Time Eater","floor":50,"turns":7}],"relics_obtained":[{"floor":6,"key":"Omamori"},{"floor":9,"key":"Snake Skull"},{"floor":14,"key":"Art of War"},{"floor":26,"key":"Dodecahedron"},{"floor":27,"key":"Whetstone"},{"floor":30,"key":"Necronomicon"},{"floor":37,"key":"Gambling Chip"},{"floor":43,"key":"Bag of Marbles"},{"floor":46,"key":"Pen Nib"}],"event_choices":[{"event_name":"Big Fish","player_choice":"Donut","floor":2,"damage_taken":0},{"event_name":"Scrap Ooze","player_choice":"success","floor":4,"damage_taken":18},{"event_name":"Shining Light","player_choice":"Entered Light","floor":13,"damage_taken":0},{"event_name":"Back to Basics","player_choice":"Elegance","floor":19,"damage_taken":0},{"event_name":"The Mausoleum","player_choice":"Yes","floor":22,"damage_taken":0},{"event_name":"Cursed Tome","player_choice":"Obtained Book","floor":30,"damage_taken":0},{"event_name":"Mysterious Sphere","player_choice":"Fight","floor":37,"damage_taken":0},{"event_name":"Tomb of Lord Red Mask","player_choice":"Paid","floor":41,"damage_taken":0},{"event_name":"Accursed Blacksmith","player_choice":"Forge","floor":44,"damage_taken":0}],"boss_relics":[{"not_picked":["Sozu","Astrolabe"],"picked":"Pandora\u0027s Box"},{"not_picked":["Black Star","Calling Bell"],"picked":"Cursed Key"}],"potions_floor_spawned":[5,6,8,14,18,24,25,36,37,38],"seed_played":"8004842178953335506","killed_by":"Time Eater","ascension_level":0,"potions_obtained":[{"floor":5,"key":"Ancient Potion"},{"floor":6,"key":"Weak Potion"},{"floor":8,"key":"LiquidBronze"},{"floor":18,"key":"PowerPotion"},{"floor":24,"key":"Block Potion"},{"floor":36,"key":"SkillPotion"},{"floor":37,"key":"SteroidPotion"},{"floor":38,"key":"Fire Potion"}],"is_trial":false}