{"path_per_floor":["M","?","M","M","M","R","E","R","T","$","M","E","?","E","R","B",null,"M","?","M","M","?","E","?","R","T","M","$","?","M"],"character_chosen":"DEFECT","items_purchased":["Static Discharge","Streamline","Melter","Anchor","Secret Technique","Steam","Dramatic Entrance"],"gold_per_floor":[112,112,127,140,157,157,182,182,255,31,43,74,74,103,103,199,229,246,246,262,277,527,555,555,555,580,596,19,19,34,34],"floor_reached":31,"campfire_rested":1,"playtime":1692,"item_purchase_floors":[10,10,10,28,28,28,28],"current_hp_per_floor":[74,79,73,73,65,65,45,45,45,45,45,31,31,30,30,24,90,90,90,69,39,39,14,21,50,50,13,13,13,3,0],"items_purged":["Normality","Regret"],"gold":34,"score":325,"play_id":"0ca19b6e-38e8-4753-b348-9cc9202daad7","local_time":"20180610233155","is_prod":false,"is_daily":false,"chose_seed":false,"is_ascension_mode":false,"campfire_upgraded":3,"win_rate":0,"timestamp":1528662715,"campfire_choices":[{"data":"Rainbow","floor":6,"key":"SMITH"},{"data":"Zap","floor":8,"key":"SMITH"},{"data":"Static Discharge","floor":15,"key":"SMITH"},{"floor":25,"key":"REST"}],"path_taken":["M","?","M","M","?","R","E","R","T","$","?","E","?","E","R","BOSS","M","?","M","M","?","E","?","R","T","M","$","?","M","M"],"build_version":"2018-06-08","seed_source_timestamp":102713506439080,"purchased_purges":2,"victory":false,"master_deck":["Strike_B+1","Strike_B+1","Strike_B+1","Strike_B+1","Defend_B+1","Defend_B+1","Defend_B+1","Defend_B+1","Zap+1","Dualcast+1","Rainbow+1","Rip and Tear","Go for the Eyes","Steam","Beam Cell+1","Glacier","Static Discharge+1","Streamline","Melter","Reinforced Body+1","Streamline","FTL","Echo Form","Aggregate","FTL","Turbo","Rebound","Turbo","Static Discharge+1","Writhe","Barrage+1","Secret Technique","Steam","Dramatic Entrance","Core Surge"],"max_hp_per_floor":[75,80,80,80,80,80,80,80,80,80,80,85,85,85,85,85,90,90,90,90,90,90,90,97,97,97,97,97,97,97,97],"relics":["Cracked Core","Shovel","Bottled Flame","War Paint","Kunai","Tiny House","Happy Flower","Strawberry","Juzu Bracelet","Anchor"],"card_choices":[{"not_picked":["Meteor Strike","Hyperbeam"],"picked":"Rainbow","floor":0},{"not_picked":["Cold Snap","Storm"],"picked":"Rip and Tear","floor":1},{"not_picked":["Stack","Gash"],"picked":"Go for the Eyes","floor":3},{"not_picked":["Go for the Eyes","Steam Power"],"picked":"Steam","floor":4},{"not_picked":["Cold Snap","Gash"],"picked":"Beam Cell","floor":5},{"not_picked":["Compile Driver","Reprogram"],"picked":"Glacier","floor":7},{"not_picked":["Cold Snap","Coolheaded"],"picked":"Reinforced Body","floor":11},{"not_picked":["Sweeping Beam","Redo"],"picked":"Streamline","floor":12},{"not_picked":["Lockon","Stack"],"picked":"FTL","floor":14},{"not_picked":["Thunder Strike","Seek"],"picked":"Echo Form","floor":16},{"not_picked":["Double Energy","Cold Snap"],"picked":"Aggregate","floor":17},{"not_picked":["Skim+1","Streamline"],"picked":"FTL","floor":18},{"not_picked":["Beam Cell","Sweeping Beam"],"picked":"Rebound","floor":20},{"not_picked":["Storm+1","Heatsinks+1"],"picked":"Turbo","floor":21},{"not_picked":["Cold Snap","Streamline+1"],"picked":"Static Discharge+1","floor":23},{"not_picked":["Beam Cell","Compile Driver"],"picked":"Barrage+1","floor":27},{"not_picked":["Steam","Blizzard"],"picked":"Core Surge","floor":30}],"player_experience":493837,"potions_floor_usage":[12,14,18,23,31,31,31],"damage_taken":[{"damage":1,"enemies":"Cultist","floor":1,"turns":3},{"damage":6,"enemies":"Jaw Worm","floor":3,"turns":3},{"damage":0,"enemies":"Small Slimes","floor":4,"turns":3},{"damage":8,"enemies":"Gremlin Gang","floor":5,"turns":5},{"damage":20,"enemies":"Lagavulin","floor":7,"turns":6},{"damage":0,"enemies":"Large Slime","floor":11,"turns":3},{"damage":19,"enemies":"3 Sentries","floor":12,"turns":5},{"damage":1,"enemies":"Lagavulin","floor":14,"turns":5},{"damage":6,"enemies":"Hexaghost","floor":16,"turns":9},{"damage":0,"enemies":"Spheric Guardian","floor":18,"turns":2},{"damage":21,"enemies":"2 Thieves","floor":20,"turns":3},{"damage":30,"enemies":"Snecko","floor":21,"turns":7},{"damage":25,"enemies":"Book of Stabbing","floor":23,"turns":4},{"damage":37,"enemies":"Slaver and Parasite","floor":27,"turns":6},{"damage":10,"enemies":"Centurion and Healer","floor":30,"turns":6},{"damage":4,"enemies":"Snake Plant","floor":31,"turns":1}],"relics_obtained":[{"floor":7,"key":"Shovel"},{"floor":9,"key":"Bottled Flame"},{"floor":12,"key":"War Paint"},{"floor":14,"key":"Kunai"},{"floor":23,"key":"Happy Flower"},{"floor":26,"key":"Juzu Bracelet"}],"event_choices":[{"event_name":"Big Fish","player_choice":"Donut","floor":2,"damage_taken":0},{"event_name":"Living Wall","player_choice":"Grow","floor":13,"damage_taken":0},{"event_name":"The Library","player_choice":"Read","floor":19,"damage_taken":0},{"event_name":"Golden Shrine","player_choice":"Desecrate","floor":22,"damage_taken":0},{"event_name":"The Mausoleum","player_choice":"Yes","floor":24,"damage_taken":0},{"event_name":"Back to Basics","player_choice":"Simplicity","floor":29,"damage_taken":0}],"boss_relics":[{"not_picked":["Ectoplasm","Runic Pyramid"],"picked":"Tiny House"}],"items_purged_floors":[10,28],"potions_floor_spawned":[3,5,11,14,16,18,20,23],"seed_played":"8210638823888497245","killed_by":"Snake Plant","ascension_level":0,"potions_obtained":[{"floor":3,"key":"FearPotion"},{"floor":5,"key":"Block Potion"},{"floor":11,"key":"Fruit Juice"},{"floor":14,"key":"Ancient Potion"},{"floor":16,"key":"SpeedPotion"},{"floor":17,"key":"AttackPotion"},{"floor":18,"key":"Strength Potion"},{"floor":23,"key":"SpeedPotion"}],"is_trial":false}