{"path_per_floor":["M","?","$","M","?","R","M","R","T","R","M","R","?","M","R","B",null,"M","M","T","M","M","E","R","?","T","M","M","$","M","M","R","B",null,"M","?","M","?","M","E","R","M","T","?","M","M","R","$","R"],"character_chosen":"IRONCLAD","items_purchased":["Flex","Oddly Smooth Stone","Meat on the Bone","Inflame","Heavy Blade","Toolbox"],"gold_per_floor":[118,118,17,29,29,29,44,44,44,44,58,58,93,113,113,236,274,289,308,308,321,345,381,381,381,436,459,477,5,21,35,35,164,164,178,178,194,0,25,68,68,87,87,420,437,450,450,38,38],"floor_reached":50,"campfire_rested":1,"playtime":2541,"current_hp_per_floor":[80,80,80,80,60,60,61,61,61,61,66,66,70,76,76,45,85,77,64,64,59,46,46,46,46,46,44,42,42,51,44,44,22,85,85,74,75,75,60,23,48,50,50,50,29,47,47,47,47],"items_purged":["Defend_R","Strike_R"],"gold":38,"score":513,"play_id":"fc20b876-d21d-45d4-a9bf-9a203370e44c","local_time":"20180312212046","is_prod":false,"is_daily":false,"is_ascension_mode":false,"campfire_upgraded":9,"timestamp":1520878846,"path_taken":["M","?","$","M","?","R","M","R","T","R","M","R","?","M","R","BOSS","M","?","?","?","M","E","R","?","T","M","M","?","M","?","R","BOSS","M","?","?","?","M","E","R","M","T","?","M","?","R","$","R","BOSS"],"build_version":"2018-03-08-BETA","purchased_purges":2,"victory":false,"master_deck":["Strike_R+1","Strike_R+1","Strike_R","Defend_R+1","Defend_R+1","Defend_R","Bash+1","Flex+1","Flex+1","Headbutt+1","Shrug It Off+1","Sword Boomerang+1","Armaments+1","Exhume","True Grit","Flame Barrier+1","Iron Wave+1","Offering+1","Clothesline","Disarm+1","Entrench","Inflame","Rupture","Twin Strike+1","Limit Break+1","Shockwave","Madness","Madness","Power Through","Thunderclap+1","Inflame","Dropkick+1","Heavy Blade+1"],"max_hp_per_floor":[80,80,80,80,80,80,80,80,80,80,80,80,80,80,80,80,85,85,85,85,85,85,85,85,85,85,85,85,85,85,85,85,85,85,85,85,85,85,85,85,85,85,85,85,85,85,85,85,85],"relics":["Burning Blood","Thread and Needle","Whetstone","Odd Mushroom","Tiny House","Red Skull","Vajra","War Paint","Oddly Smooth Stone","Meat on the Bone","Sozu","Red Mask","Bird Faced Urn","Toxic Egg 2","Toolbox"],"card_choices":[{"not_picked":["Bloodletting","Anger"],"picked":"Flex"},{"not_picked":["Corruption","Evolve"],"picked":"Headbutt"},{"not_picked":["Disarm","Entrench"],"picked":"Shrug It Off"},{"not_picked":["Dual Wield","Perfected Strike"],"picked":"Sword Boomerang"},{"not_picked":["Clash","Wild Strike"],"picked":"Armaments"},{"not_picked":["Barricade","Feed"],"picked":"Exhume"},{"not_picked":["Clash","Warcry"],"picked":"True Grit"},{"not_picked":["Pummel","Infernal Blade"],"picked":"Flame Barrier"},{"not_picked":["Searing Blow","Evolve"],"picked":"Iron Wave"},{"not_picked":["Heavy Blade","Warcry"],"picked":"Offering"},{"not_picked":["Rampage","Intimidate"],"picked":"Clothesline"},{"not_picked":["Burning Pact","Warcry"],"picked":"Disarm"},{"not_picked":["Iron Wave","Clash"],"picked":"Entrench"},{"not_picked":["Pommel Strike","Shrug It Off"],"picked":"Rupture"},{"not_picked":["Evolve","Clothesline"],"picked":"Twin Strike"},{"not_picked":["Offering","Double Tap"],"picked":"Limit Break"},{"not_picked":["True Grit","Anger"],"picked":"Shockwave"},{"not_picked":["Whirlwind","Sword Boomerang"],"picked":"Power Through"},{"not_picked":["Carnage","Flex"],"picked":"Thunderclap"},{"not_picked":["Dual Wield","Sword Boomerang"],"picked":"Inflame"},{"not_picked":["Armaments","Thunderclap"],"picked":"Dropkick"}],"player_experience":266074,"potions_floor_usage":[16,23,23,33],"damage_taken":[{"damage":1,"enemies":"2 Louse","floor":1,"turns":3},{"damage":1,"enemies":"Cultist","floor":4,"turns":3},{"damage":5,"enemies":"Small Slimes","floor":7,"turns":3},{"damage":1,"enemies":"2 Fungi Beasts","floor":11,"turns":3},{"damage":2,"enemies":"The Mushroom Lair","floor":13,"turns":3},{"damage":0,"enemies":"3 Louse","floor":14,"turns":3},{"damage":37,"enemies":"Hexaghost","floor":16,"turns":6},{"damage":14,"enemies":"Shell Parasite","floor":18,"turns":5},{"damage":19,"enemies":"3 Byrds","floor":19,"turns":6},{"damage":11,"enemies":"Centurion and Healer","floor":21,"turns":8},{"damage":19,"enemies":"3 Cultists","floor":22,"turns":6},{"damage":15,"enemies":"Book of Stabbing","floor":23,"turns":4},{"damage":8,"enemies":"Snecko","floor":27,"turns":3},{"damage":8,"enemies":"Chosen and Byrds","floor":28,"turns":4},{"damage":9,"enemies":"3 Cultists","floor":30,"turns":4},{"damage":25,"enemies":"Snake Plant","floor":31,"turns":4},{"damage":40,"enemies":"Automaton","floor":33,"turns":8},{"damage":4,"enemies":"Orb Walker","floor":35,"turns":3},{"damage":5,"enemies":"Flame Bruiser 1 Orb","floor":37,"turns":5},{"damage":21,"enemies":"4 Shapes","floor":39,"turns":8},{"damage":55,"enemies":"2 Orb Walkers","floor":40,"turns":6},{"damage":8,"enemies":"Flame Bruiser 2 Orb","floor":42,"turns":5},{"damage":45,"enemies":"Sphere and 2 Shapes","floor":45,"turns":5},{"damage":4,"enemies":"4 Shapes","floor":46,"turns":3},{"damage":55,"enemies":"Time Eater","floor":50,"turns":8}],"event_choices":[{"event_name":"Wheel of Change","player_choice":"Card Removal","floor":2,"damage_taken":0},{"event_name":"Golden Idol","player_choice":"Take Damage","floor":5,"damage_taken":0},{"event_name":"Mushrooms","player_choice":"Fought Mushrooms","floor":13,"damage_taken":0},{"event_name":"Back to Basics","player_choice":"Elegance","floor":25,"damage_taken":0},{"event_name":"Winding Halls","player_choice":"Embrace Madness","floor":36,"damage_taken":0},{"event_name":"Tomb of Lord Red Mask","player_choice":"Paid","floor":38,"damage_taken":0},{"event_name":"The Moai Head","player_choice":"Gave Idol","floor":44,"damage_taken":0}],"boss_relics":[{"not_picked":["Pandora\u0027s Box","Velvet Choker"],"picked":"Tiny House"},{"not_picked":["Calling Bell","Runic Cube"],"picked":"Sozu"}],"potions_floor_spawned":[1,4,13,18,27,30,35,37,39],"seed_played":"-4945635101375478297","killed_by":"Time Eater","ascension_level":0,"is_trial":false}