{"gold_per_floor":[118,118,136,148,161,189,189,189,189,220,232,250,250,250,250,353,403,413,429,444,6,16,16,27,53,53,53,53,87,13,25,25,25],"floor_reached":33,"playtime":2519,"items_purged":["Doubt"],"score":349,"play_id":"c86e29f0-7ba9-438f-b46e-5909e36be841","local_time":"20180719135314","is_ascension_mode":false,"campfire_choices":[{"data":"Backflip","floor":7,"key":"SMITH"},{"data":"Cloak And Dagger","floor":15,"key":"SMITH"},{"data":"Calculated Gamble","floor":23,"key":"SMITH"},{"data":"1","floor":28,"key":"LIFT"},{"data":"2","floor":32,"key":"LIFT"}],"neow_cost":"","seed_source_timestamp":440378564677977,"circlet_count":0,"master_deck":["Defend_G","Defend_G","Defend_G","Defend_G","Defend_G","Survivor","Neutralize","Dagger Spray+1","Flying Knee","PiercingWail","Backflip+1","Well Laid Plans","Grand Finale+1","Cloak And Dagger+1","Distraction","Noxious Fumes","Deflect","A Thousand Cuts","Dash+1","Quick Slash+1","Backstab+1","Leg Sweep","Backstab+1","Finesse","Escape Plan","Footwork","Flying Knee+1","Deadly Poison","Calculated Gamble+1","Flying Knee+1","Dagger Spray+1","Bite+1","Bite+1","Bite+1","Bite+1","Bite+1","Dagger Spray+1","Slice+1"],"relics":["Ring of the Snake","Tingsha","StoneCalendar","Gambling Chip","Molten Egg 2","Tiny House","Pen Nib","Girya","Pear"],"potions_floor_usage":[18,18,18,19,25,25,25,33,33,33],"damage_taken":[{"damage":0,"enemies":"2 Louse","floor":1,"turns":3},{"damage":0,"enemies":"Cultist","floor":3,"turns":3},{"damage":0,"enemies":"Small Slimes","floor":4,"turns":3},{"damage":3,"enemies":"Red Slaver","floor":5,"turns":4},{"damage":14,"enemies":"3 Sentries","floor":6,"turns":9},{"damage":15,"enemies":"Lagavulin","floor":10,"turns":6},{"damage":0,"enemies":"2 Fungi Beasts","floor":11,"turns":3},{"damage":0,"enemies":"Exordium Thugs","floor":12,"turns":3},{"damage":33,"enemies":"The Guardian","floor":16,"turns":10},{"damage":14,"enemies":"2 Thieves","floor":18,"turns":4},{"damage":0,"enemies":"Chosen","floor":19,"turns":4},{"damage":17,"enemies":"Centurion and Healer","floor":20,"turns":8},{"damage":3,"enemies":"Snake Plant","floor":22,"turns":4},{"damage":6,"enemies":"Chosen and Byrds","floor":24,"turns":4},{"damage":8,"enemies":"Gremlin Leader","floor":25,"turns":7},{"damage":7,"enemies":"Book of Stabbing","floor":29,"turns":5},{"damage":0,"enemies":"Sentry and Sphere","floor":31,"turns":1},{"damage":53,"enemies":"Collector","floor":33,"turns":7}],"seed_played":"-4510941989628392665","potions_obtained":[{"floor":5,"key":"Weak Potion"},{"floor":10,"key":"GhostInAJar"},{"floor":11,"key":"SmokeBomb"},{"floor":14,"key":"EntropicBrew"},{"floor":17,"key":"Fruit Juice"},{"floor":24,"key":"Block Potion"},{"floor":29,"key":"Fire Potion"},{"floor":31,"key":"Explosive Potion"}],"is_trial":false,"path_per_floor":["M","?","M","M","M","E","R","?","T","E","M","M","T","?","R","B",null,"M","M","M","$","M","R","M","E","T","?","R","E","$","M","R"],"character_chosen":"THE_SILENT","items_purchased":["Backstab+1","Finesse","Escape Plan","Footwork","Flying Knee+1","Deadly Poison","GhostInAJar"],"campfire_rested":0,"item_purchase_floors":[21,21,21,21,21,21,30],"current_hp_per_floor":[70,70,70,70,67,53,53,53,53,38,38,38,38,38,38,5,75,66,66,49,49,46,46,40,32,32,32,32,44,44,44,44,0],"gold":25,"neow_bonus":"","is_prod":false,"is_daily":false,"chose_seed":false,"campfire_upgraded":3,"win_rate":0,"timestamp":1531997594,"path_taken":["M","?","?","M","M","E","R","?","T","E","M","?","?","?","R","BOSS","M","?","?","?","M","R","M","E","T","?","R","E","?","M","R","BOSS"],"build_version":"2018-07-18","purchased_purges":1,"victory":false,"max_hp_per_floor":[70,70,70,70,70,70,70,70,70,70,70,70,70,70,70,70,75,80,80,80,80,80,80,80,80,80,56,56,66,66,66,66,66],"card_choices":[{"not_picked":["Outmaneuver","Deadly Poison"],"picked":"Dagger Spray","floor":1},{"not_picked":["Dagger Throw","Outmaneuver"],"picked":"Flying Knee","floor":3},{"not_picked":["Skewer","Flying Knee"],"picked":"PiercingWail","floor":4},{"not_picked":["Phantasmal Killer","Quick Slash"],"picked":"Backflip","floor":5},{"not_picked":["Caltrops","Distraction"],"picked":"Well Laid Plans","floor":6},{"not_picked":["Bane","Prepared"],"picked":"Distraction","floor":10},{"not_picked":["Slice","Tactician"],"picked":"Noxious Fumes","floor":11},{"not_picked":["Deadly Poison","Dodge and Roll"],"picked":"Deflect","floor":12},{"not_picked":["Envenom","Wraith Form v2"],"picked":"A Thousand Cuts","floor":16},{"not_picked":["Prepared","Bane+1"],"picked":"Dash+1","floor":17},{"not_picked":["Dagger Throw+1","Slice+1"],"picked":"Quick Slash+1","floor":18},{"not_picked":["Outmaneuver","Cloak And Dagger"],"picked":"Backstab+1","floor":19},{"not_picked":["Crippling Poison","Distraction+1"],"picked":"Leg Sweep","floor":20},{"not_picked":["Prepared","Sucker Punch+1"],"picked":"Calculated Gamble","floor":22},{"not_picked":["Doppelganger","Crippling Poison"],"picked":"Flying Knee+1","floor":24},{"not_picked":["Crippling Poison","Malaise"],"picked":"Dagger Spray+1","floor":25},{"not_picked":["Phantasmal Killer","Setup"],"picked":"Dagger Spray+1","floor":29},{"not_picked":["Underhanded Strike+1","Crippling Poison+1"],"picked":"Slice+1","floor":31}],"player_experience":555254,"relics_obtained":[{"floor":6,"key":"Tingsha"},{"floor":9,"key":"StoneCalendar"},{"floor":10,"key":"Gambling Chip"},{"floor":13,"key":"Molten Egg 2"},{"floor":25,"key":"Pen Nib"},{"floor":26,"key":"Girya"},{"floor":29,"key":"Pear"}],"event_choices":[{"event_name":"Upgrade Shrine","player_choice":"Upgraded","floor":2,"damage_taken":0},{"event_name":"Match and Keep!","player_choice":"3 cards matched","floor":8,"damage_taken":0},{"event_name":"The Lab","player_choice":"Got Potions","floor":14,"damage_taken":0},{"event_name":"Vampires","player_choice":"Became a vampire","floor":27,"damage_taken":0}],"is_beta":true,"boss_relics":[{"not_picked":["Velvet Choker","Eternal Feather"],"picked":"Tiny House"}],"items_purged_floors":[21],"is_endless":false,"potions_floor_spawned":[5,10,11,24,29,31],"killed_by":"Collector","ascension_level":0}