{"gold_per_floor":[109,121,135,151,170,205,205,205,229,229,269,287,287,322,322,450,450,465,486,510,29,129,129,144,144,144,175,194,194,269,25,25,156,156,175,191,191,10,24,24,64,64,64,83,101,139,139,152,152,152],"floor_reached":51,"playtime":3024,"items_purged":[],"score":861,"play_id":"5b2745ca-7b86-478f-9722-64eebaa4201b","local_time":"20181126194117","is_ascension_mode":true,"campfire_choices":[{"data":"Body Slam","floor":13,"key":"SMITH"},{"data":"Armaments","floor":15,"key":"SMITH"},{"data":"Demon Form","floor":23,"key":"SMITH"},{"data":"Finesse","floor":25,"key":"SMITH"},{"data":"Shrug It Off","floor":29,"key":"SMITH"},{"data":"Whirlwind","floor":32,"key":"SMITH"},{"data":"Limit Break","floor":40,"key":"SMITH"},{"data":"Impervious","floor":42,"key":"SMITH"},{"floor":47,"key":"RECALL"},{"data":"Shrug It Off","floor":49,"key":"SMITH"}],"neow_cost":"NONE","seed_source_timestamp":557239361429748,"circlet_count":0,"master_deck":["Strike_R","Strike_R","Strike_R","Strike_R","Strike_R","Defend_R","Defend_R","Defend_R+1","Defend_R","Bash","Finesse+1","Shrug It Off+1","Flame Barrier+1","Anger","Shockwave","Immolate","Headbutt","Body Slam+1","Armaments+1","Demon Form+1","Ghostly Armor+1","Headbutt","True Grit+1","Shrug It Off+1","Metallicize","Whirlwind+1","Shrug It Off+1","Limit Break+1","Intimidate","Cleave","Power Through","Impervious+1","Iron Wave+1","Dual Wield+1","Headbutt+1"],"relics":["Burning Blood","War Paint","Ancient Tea Set","Golden Idol","Art of War","Regal Pillow","Dream Catcher","Black Star","Bag of Preparation","Toolbox","Red Skull","Gremlin Horn","Boot","Oddly Smooth Stone","Paper Frog","Chemical X","Runic Dome","Bag of Marbles","Blood Vial","Strawberry","Torii","Shuriken","Molten Egg 2"],"potions_floor_usage":[4,11,11,11,16,33,44,50,50],"damage_taken":[{"damage":4,"enemies":"Cultist","floor":1,"turns":3},{"damage":0,"enemies":"Small Slimes","floor":2,"turns":3},{"damage":0,"enemies":"2 Louse","floor":3,"turns":3},{"damage":5,"enemies":"2 Fungi Beasts","floor":4,"turns":3},{"damage":7,"enemies":"Looter","floor":5,"turns":4},{"damage":17,"enemies":"3 Sentries","floor":6,"turns":5},{"damage":7,"enemies":"Gremlin Nob","floor":11,"turns":4},{"damage":0,"enemies":"Red Slaver","floor":12,"turns":4},{"damage":32,"enemies":"Lagavulin","floor":14,"turns":7},{"damage":3,"enemies":"Hexaghost","floor":16,"turns":8},{"damage":12,"enemies":"Spheric Guardian","floor":18,"turns":5},{"damage":4,"enemies":"2 Thieves","floor":19,"turns":4},{"damage":7,"enemies":"Shelled Parasite and Fungi","floor":20,"turns":5},{"damage":5,"enemies":"Centurion and Healer","floor":24,"turns":7},{"damage":3,"enemies":"Book of Stabbing","floor":27,"turns":5},{"damage":0,"enemies":"3 Cultists","floor":28,"turns":2},{"damage":16,"enemies":"Collector","floor":33,"turns":6},{"damage":5,"enemies":"Orb Walker","floor":35,"turns":3},{"damage":0,"enemies":"3 Shapes","floor":36,"turns":1},{"damage":13,"enemies":"Jaw Worm Horde","floor":39,"turns":3},{"damage":36,"enemies":"Nemesis","floor":41,"turns":5},{"damage":23,"enemies":"Transient","floor":44,"turns":5},{"damage":24,"enemies":"Spire Growth","floor":45,"turns":4},{"damage":0,"enemies":"Reptomancer","floor":46,"turns":1},{"damage":1,"enemies":"3 Darklings","floor":48,"turns":3},{"damage":42,"enemies":"Donu and Deca","floor":50,"turns":10}],"seed_played":"-8554515537685900801","potions_obtained":[{"floor":1,"key":"Regen Potion"},{"floor":3,"key":"Fire Potion"},{"floor":5,"key":"Strength Potion"},{"floor":6,"key":"Block Potion"},{"floor":14,"key":"Energy Potion"},{"floor":16,"key":"SteroidPotion"},{"floor":19,"key":"Poison Potion"},{"floor":20,"key":"PowerPotion"},{"floor":35,"key":"Ancient Potion"},{"floor":41,"key":"BloodPotion"}],"is_trial":false,"path_per_floor":["M","M","M","M","M","E","?","?","T","?","E","M","R","E","R","B",null,"M","M","M","$","?","R","M","R","T","E","M","R","T","$","R","B",null,"M","M","?","$","M","R","E","R","T","M","M","E","R","M","R","B",null],"character_chosen":"IRONCLAD","items_purchased":["Bag of Preparation","Toolbox","Red Skull","Chemical X","Shrug It Off","Bag of Marbles","Power Through"],"campfire_rested":0,"item_purchase_floors":[21,21,21,31,31,38,38],"current_hp_per_floor":[80,80,80,80,79,68,43,23,23,23,34,40,40,14,14,17,80,74,76,75,75,75,75,76,76,76,79,80,80,80,80,80,70,80,80,80,80,80,73,73,50,50,50,43,27,35,35,42,42,8],"gold":152,"neow_bonus":"RANDOM_COLORLESS","is_prod":false,"is_daily":false,"chose_seed":false,"campfire_upgraded":9,"win_rate":0,"timestamp":1543250477,"path_taken":["M","?","M","?","M","E","?","?","T","?","E","M","R","E","R","BOSS","M","M","M","$","?","R","M","R","T","E","?","R","?","?","R","BOSS","M","M","?","$","M","R","E","R","T","?","?","E","R","M","R","BOSS"],"build_version":"2018-11-15","purchased_purges":0,"victory":true,"max_hp_per_floor":[80,80,80,80,80,80,80,80,80,80,80,80,80,80,80,80,80,80,80,80,80,80,80,80,80,80,80,80,80,80,80,80,80,80,80,80,80,80,80,80,87,87,87,87,87,87,87,87,87,87],"card_choices":[{"not_picked":["Perfected Strike","Ghostly Armor"],"picked":"Shrug It Off","floor":1},{"not_picked":["Carnage","Dropkick"],"picked":"Flame Barrier","floor":2},{"not_picked":["Dual Wield","Fire Breathing"],"picked":"Anger","floor":3},{"not_picked":["Armaments","Dual Wield"],"picked":"Shockwave","floor":4},{"not_picked":["Cleave","Havoc"],"picked":"Immolate","floor":5},{"not_picked":["Warcry","Rage"],"picked":"Headbutt","floor":6},{"not_picked":["True Grit","Sentinel","Warcry"],"picked":"SKIP","floor":11},{"not_picked":["Sever Soul","Reckless Charge"],"picked":"Body Slam","floor":12},{"not_picked":["Dark Embrace","Entrench"],"picked":"Armaments","floor":14},{"not_picked":["Exhume","Juggernaut"],"picked":"Demon Form","floor":16},{"not_picked":["Reckless Charge","Intimidate"],"picked":"Ghostly Armor+1","floor":18},{"not_picked":["Thunderclap","Flex"],"picked":"Headbutt","floor":19},{"not_picked":["Inflame","Rage"],"picked":"True Grit+1","floor":20},{"not_picked":["Body Slam","Immolate"],"picked":"Shrug It Off","floor":24},{"not_picked":["Fire Breathing","Infernal Blade+1"],"picked":"Metallicize","floor":27},{"not_picked":["Wild Strike","Twin Strike+1"],"picked":"Whirlwind","floor":28},{"not_picked":["Demon Form","Bludgeon"],"picked":"Limit Break","floor":33},{"not_picked":["Clash+1","Carnage+1","Wild Strike"],"picked":"SKIP","floor":35},{"not_picked":["Anger+1","Sever Soul"],"picked":"Intimidate","floor":36},{"not_picked":["Fire Breathing","Clash+1","Armaments"],"picked":"SKIP","floor":39},{"not_picked":["Intimidate","Clothesline"],"picked":"Impervious","floor":41},{"not_picked":["Warcry","Rage"],"picked":"Iron Wave+1","floor":44},{"not_picked":["Carnage+1","Second Wind"],"picked":"Dual Wield+1","floor":45},{"not_picked":["Burning Pact+1","Pummel","Rampage+1"],"picked":"SKIP","floor":46},{"not_picked":["Metallicize","Anger+1"],"picked":"Headbutt+1","floor":48}],"player_experience":935072,"relics_obtained":[{"floor":6,"key":"War Paint"},{"floor":9,"key":"Art of War"},{"floor":11,"key":"Regal Pillow"},{"floor":14,"key":"Dream Catcher"},{"floor":26,"key":"Gremlin Horn"},{"floor":27,"key":"Boot"},{"floor":27,"key":"Oddly Smooth Stone"},{"floor":30,"key":"Paper Frog"},{"floor":41,"key":"Blood Vial"},{"floor":41,"key":"Strawberry"},{"floor":43,"key":"Torii"},{"floor":46,"key":"Shuriken"},{"floor":46,"key":"Molten Egg 2"}],"event_choices":[{"damage_healed":0,"gold_gain":0,"player_choice":"Success","damage_taken":25,"relics_obtained":["Ancient Tea Set"],"max_hp_gain":0,"max_hp_loss":0,"event_name":"Scrap Ooze","floor":7,"gold_loss":0},{"damage_healed":0,"gold_gain":0,"player_choice":"Take Damage","damage_taken":20,"relics_obtained":["Golden Idol"],"max_hp_gain":0,"max_hp_loss":0,"event_name":"Golden Idol","floor":8,"gold_loss":0},{"damage_healed":0,"gold_gain":0,"player_choice":"Grow","damage_taken":0,"max_hp_gain":0,"max_hp_loss":0,"event_name":"Living Wall","floor":10,"gold_loss":0,"cards_upgraded":["Flame Barrier"]},{"damage_healed":0,"gold_gain":100,"player_choice":"Pray","damage_taken":0,"max_hp_gain":0,"max_hp_loss":0,"event_name":"Golden Shrine","floor":22,"gold_loss":0},{"damage_healed":0,"gold_gain":0,"player_choice":"1 cards matched","damage_taken":0,"max_hp_gain":0,"max_hp_loss":0,"event_name":"Match and Keep!","floor":37,"gold_loss":0,"cards_obtained":["Cleave"]}],"is_beta":true,"boss_relics":[{"not_picked":["Pandora\u0027s Box","Orrery"],"picked":"Black Star"},{"not_picked":["Snecko Eye","White Beast Statue"],"picked":"Runic Dome"}],"items_purged_floors":[],"is_endless":false,"potions_floor_spawned":[1,3,5,6,14,16,19,20,35,39,41],"ascension_level":1}