{"gold_per_floor":[111,111,18,37,37,57,92,92,92,110,75,86,120,132,132,230,280,292,292,307,307,307,340,357,377,422,422,439,8,20,32,44,153,165,195,207,219,245,167,179,221,251,287,312,324,10,10,27,27,27],"floor_reached":51,"playtime":5637,"items_purged":["Acrobatics","Strike_G"],"score":756,"play_id":"835902b1-19e2-4579-a2fa-c3b39d26803f","local_time":"20181009124354","is_ascension_mode":false,"campfire_choices":[{"data":"Tools of the Trade","floor":8.0,"key":"SMITH"},{"data":"Cloak And Dagger","floor":15.0,"key":"SMITH"},{"data":"Burst","floor":27,"key":"SMITH"},{"floor":30,"key":"REST"},{"data":"Cloak And Dagger","floor":32,"key":"SMITH"},{"floor":45,"key":"REST"},{"data":"Madness","floor":47,"key":"SMITH"},{"data":"Cloak And Dagger","floor":49,"key":"SMITH"}],"neow_cost":"NONE","seed_source_timestamp":0,"circlet_count":0,"master_deck":["Defend_G+1","Defend_G","Defend_G","Defend_G","Strike_G+1","Survivor","Neutralize","Tools of the Trade+1","Flying Knee","Malaise","Flash of Steel","Dagger Spray","Sucker Punch","Footwork","Cloak And Dagger+1","Acrobatics","Setup","Quick Slash+1","Burst+1","Escape Plan","PiercingWail+1","Cloak And Dagger+1","Cloak And Dagger+1","PiercingWail+1","Calculated Gamble+1","Predator","Storm of Steel","Backflip+1","Madness+1","Madness","Cloak And Dagger+1","Deflect","Heel Hook+1","Thinking Ahead","Finesse","Cloak And Dagger+1"],"special_seed":0,"relics":["Ring of the Snake","The Courier","Meat on the Bone","Shuriken","Tiny House","Gremlin Horn","Spirit Poop","Potion Belt","Pen Nib","Dead Branch","MawBank","FaceOfCleric","Black Star","Vajra","Bronze Scales","Regal Pillow","Snake Skull"],"potions_floor_usage":[18,23,28,41,50,50,50,50,50],"damage_taken":[{"damage":0.0,"enemies":"Jaw Worm","floor":1.0,"turns":4.0},{"damage":2.0,"enemies":"Cultist","floor":4.0,"turns":5.0},{"damage":0.0,"enemies":"2 Louse","floor":6.0,"turns":2.0},{"damage":27.0,"enemies":"Lagavulin","floor":7.0,"turns":9.0},{"damage":0.0,"enemies":"2 Fungi Beasts","floor":10.0,"turns":4.0},{"damage":2.0,"enemies":"Exordium Wildlife","floor":12.0,"turns":5.0},{"damage":4.0,"enemies":"3 Sentries","floor":13.0,"turns":11.0},{"damage":15.0,"enemies":"3 Louse","floor":14.0,"turns":4.0},{"damage":23.0,"enemies":"The Guardian","floor":16.0,"turns":10.0},{"damage":6,"enemies":"Shell Parasite","floor":18,"turns":7},{"damage":12,"enemies":"Chosen","floor":20,"turns":5},{"damage":23,"enemies":"Slavers","floor":23,"turns":6},{"damage":9,"enemies":"Centurion and Healer","floor":24,"turns":7},{"damage":9,"enemies":"Snake Plant","floor":25,"turns":8},{"damage":44,"enemies":"Snecko","floor":28,"turns":9},{"damage":32,"enemies":"Champ","floor":33,"turns":14},{"damage":9,"enemies":"3 Shapes","floor":35,"turns":6},{"damage":12,"enemies":"Orb Walker","floor":38,"turns":5},{"damage":31,"enemies":"Giant Head","floor":41,"turns":8},{"damage":0,"enemies":"Reptomancer","floor":42,"turns":3},{"damage":19,"enemies":"Maw","floor":44,"turns":5},{"damage":5,"enemies":"Sphere and 2 Shapes","floor":48,"turns":4},{"damage":29,"enemies":"Awakened One","floor":50,"turns":6}],"seed_played":"-2669387389097915173","potions_obtained":[{"floor":4.0,"key":"SteroidPotion"},{"floor":6.0,"key":"GhostInAJar"},{"floor":7.0,"key":"EssenceOfSteel"},{"floor":14.0,"key":"Dexterity Potion"},{"floor":16.0,"key":"Ancient Potion"},{"floor":17.0,"key":"Swift Potion"},{"floor":20,"key":"Explosive Potion"},{"floor":23,"key":"Regen Potion"},{"floor":28,"key":"Ancient Potion"},{"floor":33,"key":"Poison Potion"},{"floor":38,"key":"SkillPotion"},{"floor":41,"key":"Strength Potion"},{"floor":48,"key":"PowerPotion"}],"is_trial":false,"path_per_floor":["M","?","$","M","?","M","E","R","T","M","?","M","E","M","R","B",null,"M","?","M","?","?","E","M","M","T","R","M","$","R","?","R","B",null,"M","?","?","M","?","T","E","M","T","M","R","$","R","M","R","B"],"character_chosen":"THE_SILENT","items_purchased":["Flash of Steel","Dead Branch","MawBank","Thinking Ahead","Finesse"],"campfire_rested":2,"item_purchase_floors":[3,29,29,46,46],"current_hp_per_floor":[70,70,70,68,54,54,27,27,27,39,56,54,50,47,47,36,75,69,69,57,57,57,46,49,40,40,40,22,22,44,44,44,25,76,68,68,58,47,47,47,29,42,42,36,75,75,75,71,71,43],"gold":27,"neow_bonus":"ONE_RANDOM_RARE_CARD","is_prod":false,"is_daily":false,"chose_seed":false,"campfire_upgraded":6,"win_rate":0,"timestamp":1539078234,"path_taken":["M","?","?","M","?","M","E","R","T","M","?","?","E","M","R","BOSS","M","?","?","?","?","E","?","M","T","R","M","$","R","?","R","BOSS","M","?","?","M","?","?","E","?","T","?","R","$","R","M","R","BOSS"],"build_version":"2018-10-08","purchased_purges":2,"victory":true,"max_hp_per_floor":[70,70,70,70,70,70,70,70,70,70,70,70,70,70,70,70,75,75,75,75,75,75,75,75,75,75,75,75,75,75,75,75,76,76,77,77,77,78,78,78,79,80,80,81,81,81,81,82,82,83],"card_choices":[{"not_picked":["Backflip","Blur"],"picked":"Flying Knee","floor":1.0},{"not_picked":["Crippling Poison","PiercingWail"],"picked":"Dagger Spray","floor":4.0},{"not_picked":["Quick Slash","Phantasmal Killer"],"picked":"Sucker Punch","floor":6.0},{"not_picked":["Tools of the Trade","Outmaneuver"],"picked":"Footwork","floor":7.0},{"not_picked":["Finisher","Quick Slash"],"picked":"Cloak And Dagger","floor":10.0},{"not_picked":["Bane","Outmaneuver"],"picked":"Acrobatics","floor":12.0},{"not_picked":["Deadly Poison","Sucker Punch"],"picked":"Setup","floor":13.0},{"not_picked":["Prepared","Tools of the Trade"],"picked":"Quick Slash","floor":14.0},{"not_picked":["Grand Finale","Phantasmal Killer"],"picked":"Burst","floor":16.0},{"not_picked":["Flechettes","Deflect"],"picked":"Escape Plan","floor":17.0},{"not_picked":["Well Laid Plans","Bane"],"picked":"PiercingWail+1","floor":18},{"not_picked":["Dagger Throw","PiercingWail"],"picked":"Cloak And Dagger","floor":20},{"not_picked":["Caltrops","Wraith Form v2"],"picked":"Cloak And Dagger","floor":23},{"not_picked":["Acrobatics","Dagger Spray+1"],"picked":"PiercingWail+1","floor":24},{"not_picked":["Bane","Heel Hook"],"picked":"Calculated Gamble+1","floor":25},{"not_picked":["Dagger Throw+1","Prepared"],"picked":"Predator","floor":28},{"not_picked":["A Thousand Cuts","Grand Finale"],"picked":"Storm of Steel","floor":33},{"not_picked":["All Out Attack","Sucker Punch+1"],"picked":"Backflip+1","floor":35},{"not_picked":["Slice","PiercingWail"],"picked":"Cloak And Dagger+1","floor":38},{"not_picked":["Choke+1","Reflex+1"],"picked":"Deflect","floor":41},{"not_picked":["Dagger Throw","Noxious Fumes+1"],"picked":"Heel Hook+1","floor":42},{"not_picked":["Accuracy","Leg Sweep","Dagger Throw"],"picked":"SKIP","floor":44},{"not_picked":["Poisoned Stab","Well Laid Plans+1"],"picked":"Cloak And Dagger","floor":48}],"player_experience":754704,"relics_obtained":[{"floor":7.0,"key":"The Courier"},{"floor":9.0,"key":"Meat on the Bone"},{"floor":13.0,"key":"Shuriken"},{"floor":23,"key":"Potion Belt"},{"floor":26,"key":"Pen Nib"},{"floor":40,"key":"Vajra"},{"floor":41,"key":"Bronze Scales"},{"floor":41,"key":"Regal Pillow"},{"floor":43,"key":"Snake Skull"}],"event_choices":[{"event_name":"Living Wall","player_choice":"Change","floor":2.0,"damage_taken":0.0},{"event_name":"Shining Light","player_choice":"Entered Light","floor":5.0,"damage_taken":0.0},{"event_name":"The Cleric","player_choice":"Healed","floor":11.0,"damage_taken":0.0},{"event_name":"The Mausoleum","player_choice":"Yes","floor":19,"damage_taken":0},{"event_name":"Transmorgrifier","player_choice":"Transform","floor":21,"damage_taken":0},{"event_name":"Bonfire Elementals","player_choice":"CURSE","floor":22,"damage_taken":0},{"event_name":"FaceTrader","player_choice":"Trade","floor":31,"damage_taken":0},{"event_name":"Purifier","player_choice":"One Purge","floor":36,"damage_taken":0},{"event_name":"Winding Halls","player_choice":"Embrace Madness","floor":37,"damage_taken":0},{"event_name":"Designer","player_choice":"Full Service","floor":39,"damage_taken":0}],"is_beta":true,"boss_relics":[{"not_picked":["HoveringKite","Astrolabe"],"picked":"Tiny House"},{"not_picked":["Cursed Key","Philosopher\u0027s Stone"],"picked":"Black Star"}],"items_purged_floors":[29,46],"is_endless":false,"potions_floor_spawned":[4,6,7,14,16,20,23,28,33,38,41,48],"ascension_level":0}