{"gold_per_floor":[110,125,300,312,312,347,347,379,379,390,390,390,424,435,435,435],"floor_reached":16,"playtime":756,"items_purged":[],"score":120,"play_id":"0c07e981-8fce-41f8-ba61-e357f612d7bc","local_time":"20180823205243","is_ascension_mode":false,"campfire_choices":[{"data":"Dagger Spray","floor":7,"key":"SMITH"},{"data":"Riddle With Holes","floor":12,"key":"SMITH"},{"floor":15,"key":"REST"}],"neow_cost":"NONE","seed_source_timestamp":92372145847459,"circlet_count":0,"master_deck":["Defend_G","Defend_G","Defend_G","Defend_G","Defend_G","Strike_G","Strike_G","Strike_G","Strike_G","Strike_G","Survivor","Neutralize","Flying Knee","Deadly Poison","Dagger Spray+1","Slice","Venomology","Riddle With Holes+1","Backflip","Cloak And Dagger","Poisoned Stab"],"relics":["Ring of the Snake","Ancient Tea Set","Dream Catcher","Turnip","Paper Crane","Centennial Puzzle","Potion Belt"],"potions_floor_usage":[6,6,8,10,13,14,16],"damage_taken":[{"damage":0,"enemies":"2 Louse","floor":1,"turns":4},{"damage":2,"enemies":"Small Slimes","floor":2,"turns":4},{"damage":1,"enemies":"Cultist","floor":4,"turns":4},{"damage":14,"enemies":"Lagavulin","floor":6,"turns":8},{"damage":13,"enemies":"Gremlin Nob","floor":8,"turns":4},{"damage":2,"enemies":"Blue Slaver","floor":10,"turns":3},{"damage":5,"enemies":"3 Sentries","floor":13,"turns":5},{"damage":7,"enemies":"Large Slime","floor":14,"turns":3},{"damage":39,"enemies":"Slime Boss","floor":16,"turns":9}],"seed_played":"-1090285681010698833","potions_obtained":[{"floor":2,"key":"SpeedPotion"},{"floor":4,"key":"GhostInAJar"},{"floor":6,"key":"PowerPotion"},{"floor":8,"key":"Energy Potion"}],"is_trial":false,"path_per_floor":["M","M","?","M","?","E","R","E","T","M","?","R","E","M","R"],"character_chosen":"THE_SILENT","items_purchased":[],"campfire_rested":1,"item_purchase_floors":[],"current_hp_per_floor":[70,68,68,67,60,46,46,33,33,31,28,28,23,16,37,0],"gold":435,"neow_bonus":"RANDOM_COMMON_RELIC","is_prod":false,"is_daily":false,"chose_seed":false,"campfire_upgraded":2,"win_rate":0,"timestamp":1535046763,"path_taken":["M","M","?","M","?","E","R","E","T","M","?","R","E","M","R","BOSS"],"build_version":"2018-08-22","purchased_purges":0,"victory":false,"max_hp_per_floor":[70,70,70,70,70,70,70,70,70,70,70,70,70,70,70,70],"card_choices":[{"not_picked":["Poisoned Stab","Dagger Throw"],"picked":"Flying Knee","floor":1},{"not_picked":["Tactician","PiercingWail"],"picked":"Deadly Poison","floor":2},{"not_picked":["PiercingWail","Backstab"],"picked":"Dagger Spray","floor":4},{"not_picked":["PiercingWail","Blade Dance"],"picked":"Slice","floor":6},{"not_picked":["Dagger Throw","Grand Finale"],"picked":"Venomology","floor":8},{"not_picked":["PiercingWail","Backflip"],"picked":"Riddle With Holes","floor":10},{"not_picked":["Acrobatics","Accuracy"],"picked":"Backflip","floor":13},{"not_picked":["Crippling Poison","Deflect"],"picked":"Cloak And Dagger","floor":14},{"not_picked":["Flying Knee","Backflip"],"picked":"Poisoned Stab","floor":15}],"player_experience":648228,"relics_obtained":[{"floor":6,"key":"Dream Catcher"},{"floor":8,"key":"Turnip"},{"floor":9,"key":"Paper Crane"},{"floor":13,"key":"Potion Belt"}],"event_choices":[{"event_name":"Liars Game","player_choice":"agreed","floor":3,"damage_taken":0},{"event_name":"Golden Wing","player_choice":"Card Removal","floor":5,"damage_taken":0},{"event_name":"Scrap Ooze","player_choice":"success","floor":11,"damage_taken":3}],"is_beta":true,"boss_relics":[],"items_purged_floors":[],"is_endless":false,"potions_floor_spawned":[2,4,6,8],"killed_by":"Slime Boss","ascension_level":0}