{"path_per_floor":["M","$","?","M","M","R","M","R","T","M","?","M","M","E","R","B",null,"M","?","M","?","?","R","E","M","T","M","R"],"character_chosen":"IRONCLAD","items_purchased":[],"gold_per_floor":[114,39,39,57,77,77,92,92,92,108,108,126,145,185,185,308,308,322,322,337,337,372,372,408,427,427,447,447],"floor_reached":29,"campfire_rested":0,"playtime":1402,"current_hp_per_floor":[80,80,60,64,55,55,50,50,50,48,41,42,46,35,35,19,80,75,59,40,90,88,88,74,43,57,37,37],"items_purged":["Strike_R"],"gold":447,"score":272,"play_id":"cf9a9559-126a-42a9-8c17-61d38408d545","is_prod":false,"is_daily":false,"is_ascension_mode":false,"campfire_upgraded":3,"path_taken":["M","$","?","M","M","R","M","R","T","M","?","M","?","E","R","BOSS","M","?","?","?","?","R","E","?","T","M","R","M"],"build_version":"2018-02-19-BETA1","purchased_purges":1,"victory":false,"master_deck":["Strike_R","Strike_R","Defend_R","Defend_R","Defend_R","Bash","Cleave","Flex+1","Ghostly Armor","Shrug It Off+1","Flame Barrier","Metallicize","Armaments+1","Pummel","Headbutt+1","Necronomicurse","Pommel Strike","Corruption","Double Tap"],"max_hp_per_floor":[80,80,80,80,80,80,80,80,80,80,80,80,80,80,80,80,80,80,80,80,90,90,90,90,90,104,104,104],"relics":["Burning Blood","Art of War","Golden Idol","Peace Pipe","Anchor","Black Star","Necronomicon","Red Mask","Letter Opener","Meat on the Bone","Mango"],"card_choices":[{"not_picked":["Armaments","Clothesline"],"picked":"Cleave"},{"not_picked":["Reckless Charge","Body Slam"],"picked":"Flex"},{"not_picked":["Rage","Wild Strike"],"picked":"Ghostly Armor"},{"not_picked":["Perfected Strike","Warcry"],"picked":"Shrug It Off"},{"not_picked":["Pommel Strike","Headbutt"],"picked":"Flame Barrier"},{"not_picked":["Sever Soul","Flame Barrier"],"picked":"Metallicize"},{"not_picked":["Combust","Dual Wield"],"picked":"Armaments"},{"not_picked":["Carnage","Twin Strike"],"picked":"Pummel"},{"not_picked":["Brutality","Immolate"],"picked":"Berserk"},{"not_picked":["Clash","Twin Strike"],"picked":"Headbutt"},{"not_picked":["Anger","Shrug It Off"],"picked":"Pommel Strike"},{"not_picked":["Sword Boomerang","Warcry"],"picked":"Corruption"},{"not_picked":["Flex","Twin Strike"],"picked":"Double Tap"}],"player_experience":222723,"potions_floor_usage":[12,16,16,16,24],"damage_taken":[{"damage":3,"enemies":"Cultist","floor":1,"turns":5},{"damage":2,"enemies":"2 Louse","floor":4,"turns":3},{"damage":15,"enemies":"Jaw Worm","floor":5,"turns":5},{"damage":11,"enemies":"Exordium Thugs","floor":7,"turns":4},{"damage":8,"enemies":"2 Fungi Beasts","floor":10,"turns":4},{"damage":5,"enemies":"Gremlin Gang","floor":12,"turns":2},{"damage":2,"enemies":"3 Louse","floor":13,"turns":3},{"damage":17,"enemies":"Lagavulin","floor":14,"turns":10},{"damage":22,"enemies":"The Guardian","floor":16,"turns":22},{"damage":11,"enemies":"2 Thieves","floor":18,"turns":5},{"damage":25,"enemies":"Spheric Guardian","floor":20,"turns":6},{"damage":8,"enemies":"Masked Bandits","floor":22,"turns":8},{"damage":20,"enemies":"Slavers","floor":24,"turns":9},{"damage":49,"enemies":"Chosen and Byrds","floor":25,"turns":10},{"damage":38,"enemies":"Snake Plant","floor":27,"turns":6},{"damage":40,"enemies":"Cultist and Chosen","floor":29,"turns":3}],"event_choices":[{"event_name":"Golden Idol","player_choice":"Take Damage","floor":3,"damage_taken":0},{"event_name":"Golden Wing","player_choice":"Card Removal","floor":11,"damage_taken":0},{"event_name":"Cursed Tome","player_choice":"Obtained Book","floor":19,"damage_taken":0},{"event_name":"Bonfire Elementals","player_choice":"RARE","floor":21,"damage_taken":0},{"event_name":"Masked Bandits","player_choice":"Fought over 337 gold","floor":22,"damage_taken":0}],"boss_relics":[{"not_picked":["Pandora\u0027s Box","Tiny House"],"picked":"Black Star"}],"potions_floor_spawned":[5,7,10,14,20,22,24],"seed_played":"9175421965319400082","killed_by":"Cultist and Chosen","ascension_level":0,"is_trial":false}