{"gold_per_floor":[109,126,126,145,157,189,189,189,235,253,253,4,4,35,35,136,136,150,27,27,27,47,81,81,110,110,10,37,49,61,107,119,233,245,268,297,146,166,180,180,194,194,194,194,214,239,250,280,280,280],"floor_reached":51,"playtime":3691,"items_purged":["Regret","Injury","Strike_G"],"score":868,"play_id":"f1c7acda-7b5c-459e-b484-8317c23e5608","local_time":"20181021114345","is_ascension_mode":false,"campfire_choices":[{"data":"Cloak And Dagger","floor":8.0,"key":"SMITH"},{"data":"Noxious Fumes","floor":11.0,"key":"SMITH"},{"data":"Noxious Fumes","floor":13.0,"key":"SMITH"},{"data":"Apotheosis","floor":15.0,"key":"SMITH"},{"data":"Malaise","floor":24,"key":"SMITH"},{"data":"Dramatic Entrance","floor":29,"key":"SMITH"},{"data":"Footwork","floor":32,"key":"SMITH"},{"data":"Burst","floor":40,"key":"SMITH"},{"data":"Catalyst","floor":42,"key":"SMITH"},{"data":"Calculated Gamble","floor":44,"key":"SMITH"},{"floor":49,"key":"REST"}],"neow_cost":"NONE","seed_source_timestamp":0,"circlet_count":0,"master_deck":["Defend_G","Defend_G","Defend_G+1","Defend_G","Defend_G","Strike_G","Strike_G","Strike_G","Survivor","Neutralize","Dramatic Entrance+1","Noxious Fumes+1","Cloak And Dagger+1","PiercingWail","Noxious Fumes+1","Infinite Blades","Dagger Spray+1","Apotheosis+1","Leg Sweep","Malaise+1","Backstab+1","Backflip","Deflect+1","Backflip","Footwork+1","Crippling Poison","Calculated Gamble+1","Burst+1","Cloak And Dagger+1","Backstab+1","Dodge and Roll","Catalyst+1","Doubt","Concentrate+1","Blade Dance+1","Distraction+1","Dodge and Roll","Backstab+1"],"special_seed":0,"relics":["Ring of the Snake","Molten Egg 2","Vajra","Dream Catcher","Letter Opener","Cursed Key","MutagenicStrength","War Paint","Snake Skull","Darkstone Periapt","MawBank","Regal Pillow","Eternal Feather","Kunai","Pantograph","Omamori"],"potions_floor_usage":[31,48,50,50],"damage_taken":[{"damage":0.0,"enemies":"2 Louse","floor":1.0,"turns":2.0},{"damage":0.0,"enemies":"Small Slimes","floor":2.0,"turns":3.0},{"damage":0.0,"enemies":"Cultist","floor":4.0,"turns":4.0},{"damage":0.0,"enemies":"Blue Slaver","floor":5.0,"turns":5.0},{"damage":6.0,"enemies":"3 Sentries","floor":6.0,"turns":6.0},{"damage":1.0,"enemies":"2 Fungi Beasts","floor":10.0,"turns":3.0},{"damage":26.0,"enemies":"Gremlin Nob","floor":14.0,"turns":4.0},{"damage":23.0,"enemies":"Slime Boss","floor":16.0,"turns":8.0},{"damage":0,"enemies":"Chosen","floor":18,"turns":5},{"damage":0,"enemies":"3 Byrds","floor":22,"turns":3},{"damage":0,"enemies":"Book of Stabbing","floor":23,"turns":6},{"damage":0,"enemies":"Slavers","floor":25,"turns":5},{"damage":7,"enemies":"Book of Stabbing","floor":28,"turns":6},{"damage":0,"enemies":"Slavers","floor":31,"turns":3},{"damage":25,"enemies":"Collector","floor":33,"turns":9},{"damage":0,"enemies":"Orb Walker","floor":35,"turns":4},{"damage":11,"enemies":"3 Darklings","floor":36,"turns":6},{"damage":0,"enemies":"4 Shapes","floor":38,"turns":1},{"damage":6,"enemies":"Jaw Worm Horde","floor":39,"turns":4},{"damage":11,"enemies":"Writhing Mass","floor":41,"turns":6},{"damage":0,"enemies":"4 Shapes","floor":45,"turns":5},{"damage":27,"enemies":"Reptomancer","floor":46,"turns":7},{"damage":23,"enemies":"Maw","floor":47,"turns":9},{"damage":22,"enemies":"Giant Head","floor":48,"turns":9},{"damage":36,"enemies":"Donu and Deca","floor":50,"turns":8}],"seed_played":"-5166953487643580877","potions_obtained":[{"floor":4.0,"key":"AttackPotion"},{"floor":5.0,"key":"Block Potion"},{"floor":25,"key":"Explosive Potion"},{"floor":33,"key":"LiquidBronze"},{"floor":35,"key":"PowerPotion"},{"floor":38,"key":"Dexterity Potion"},{"floor":39,"key":"Dexterity Potion"}],"is_trial":false,"path_per_floor":["M","M","?","M","M","E","?","R","T","M","R","$","R","E","R","B",null,"M","$","?","?","M","E","R","E","T","$","E","R","?","E","R","B",null,"M","M","$","M","M","R","M","R","T","R","M","E","M","E","R","B"],"character_chosen":"THE_SILENT","items_purchased":["Apotheosis","Backstab+1","Backflip","Backstab+1"],"campfire_rested":1,"item_purchase_floors":[12,19,19,37],"current_hp_per_floor":[70,70,70,70,70,64,64,64,64,63,63,63,63,37,37,14,70,70,70,70,70,70,70,70,70,70,70,63,63,63,63,63,38,70,70,59,59,59,53,70,59,70,76,76,76,49,26,4,62,40],"gold":280,"neow_bonus":"RANDOM_COLORLESS","is_prod":false,"is_daily":false,"chose_seed":false,"campfire_upgraded":10,"win_rate":0,"timestamp":1540111425,"path_taken":["M","M","?","M","M","E","?","R","T","M","R","?","R","E","R","BOSS","M","?","?","?","M","E","R","E","T","$","E","R","?","E","R","BOSS","M","M","$","M","M","R","M","R","T","R","M","E","M","E","R","BOSS"],"build_version":"2018-10-19","purchased_purges":3,"victory":true,"max_hp_per_floor":[70,70,70,70,70,70,70,70,70,70,70,70,70,70,70,70,70,70,70,70,70,70,70,70,70,70,70,70,70,70,70,70,70,70,70,70,70,70,70,70,70,70,76,76,76,76,76,76,76,76],"card_choices":[{"not_picked":["Flying Knee","Sucker Punch"],"picked":"Noxious Fumes","floor":1.0},{"not_picked":["Endless Agony","Dodge and Roll"],"picked":"Cloak And Dagger","floor":2.0},{"not_picked":["Expertise","Deadly Poison"],"picked":"PiercingWail","floor":4.0},{"not_picked":["Choke","Blade Dance"],"picked":"Noxious Fumes","floor":5.0},{"not_picked":["Concentrate","Skewer"],"picked":"Infinite Blades","floor":6.0},{"not_picked":["Calculated Gamble","Accuracy"],"picked":"Dagger Spray+1","floor":10.0},{"not_picked":["Heel Hook+1","Unload+1"],"picked":"Leg Sweep","floor":14.0},{"not_picked":["Phantasmal Killer","Tools of the Trade"],"picked":"Malaise","floor":16.0},{"not_picked":["Poisoned Stab+1","Setup","Quick Slash+1"],"picked":"SKIP","floor":18},{"not_picked":["Acrobatics","Prepared"],"picked":"Deflect","floor":22},{"not_picked":["Bane+1","Deadly Poison"],"picked":"Backflip","floor":23},{"not_picked":["Doppelganger","All Out Attack+1"],"picked":"Footwork","floor":25},{"not_picked":["Slice+1","All Out Attack+1"],"picked":"Crippling Poison","floor":28},{"not_picked":["Deadly Poison","Flechettes+1"],"picked":"Calculated Gamble","floor":31},{"not_picked":["After Image","Venomology"],"picked":"Burst","floor":33},{"not_picked":["Prepared+1","Deadly Poison+1"],"picked":"Cloak And Dagger+1","floor":35},{"not_picked":["Poisoned Stab+1","Bane+1","Reflex"],"picked":"SKIP","floor":36},{"not_picked":["PiercingWail+1","Blade Dance"],"picked":"Dodge and Roll","floor":38},{"not_picked":["Quick Slash+1","Blade Dance+1"],"picked":"Catalyst","floor":39},{"not_picked":["All Out Attack+1","Bane+1","Phantasmal Killer"],"picked":"SKIP","floor":41},{"not_picked":["Acrobatics+1","PiercingWail"],"picked":"Concentrate+1","floor":45},{"not_picked":["Well Laid Plans+1","PiercingWail+1"],"picked":"Blade Dance+1","floor":46},{"not_picked":["Backflip","Reflex+1"],"picked":"Distraction+1","floor":47},{"not_picked":["Poisoned Stab+1","Quick Slash+1"],"picked":"Dodge and Roll","floor":48},{"not_picked":["Underhanded Strike+1","Distraction"],"picked":"Backstab+1","floor":49}],"player_experience":813035,"relics_obtained":[{"floor":6.0,"key":"Molten Egg 2"},{"floor":9.0,"key":"Dream Catcher"},{"floor":14.0,"key":"Letter Opener"},{"floor":23,"key":"War Paint"},{"floor":25,"key":"Snake Skull"},{"floor":26,"key":"Darkstone Periapt"},{"floor":28,"key":"MawBank"},{"floor":31,"key":"Regal Pillow"},{"floor":43,"key":"Kunai"},{"floor":46,"key":"Pantograph"},{"floor":48,"key":"Omamori"}],"event_choices":[{"cards_removed":["Strike_G"],"damage_healed":0.0,"max_hp_gain":0.0,"max_hp_loss":0.0,"gold_gain":0.0,"event_name":"Living Wall","player_choice":"Forget","floor":3.0,"gold_loss":0.0,"damage_taken":0.0},{"damage_healed":0.0,"max_hp_gain":0.0,"max_hp_loss":0.0,"gold_gain":0.0,"event_name":"Big Fish","player_choice":"Box","floor":7.0,"gold_loss":0.0,"damage_taken":0.0,"relics_obtained":["Vajra"],"cards_obtained":["Regret"]},{"damage_healed":0,"gold_gain":0,"player_choice":"Inject Mutagens","damage_taken":0,"relics_obtained":["MutagenicStrength"],"max_hp_gain":0,"max_hp_loss":0,"event_name":"Drug Dealer","floor":20,"gold_loss":0},{"damage_healed":0,"gold_gain":0,"player_choice":"Ignored","damage_taken":0,"max_hp_gain":0,"max_hp_loss":0,"event_name":"Vampires","floor":21,"gold_loss":0},{"damage_healed":0,"gold_gain":0,"player_choice":"Ignored","damage_taken":0,"max_hp_gain":0,"max_hp_loss":0,"event_name":"Beggar","floor":30,"gold_loss":0}],"is_beta":true,"boss_relics":[{"not_picked":["Velvet Choker","White Beast Statue"],"picked":"Cursed Key"},{"not_picked":["Empty Cage","Fusion Hammer"],"picked":"Eternal Feather"}],"items_purged_floors":[12,27,37],"is_endless":false,"potions_floor_spawned":[4,5,25,33,35,38,39,45,46],"ascension_level":0}