{"gold_per_floor":[116,132,82,82,82,82,96,7,30,30,46,76,8,8,8,104,104,114,132,57,57,76,76,101,114,114,64,64,64,64,81,81,185,185,199,44,0,14,38,72,72,87,87,148,148,4,36,86,86,86],"floor_reached":50,"playtime":2579,"items_purged":["Defend_G"],"score":591,"play_id":"09a4cfd6-e259-4ad2-a8d5-102d6a8d9a65","local_time":"20180901221737","is_ascension_mode":false,"campfire_choices":[{"data":"A Thousand Cuts","floor":6,"key":"SMITH"},{"data":"Neutralize","floor":10,"key":"SMITH"},{"data":"Terror","floor":15,"key":"SMITH"},{"data":"Adrenaline","floor":23,"key":"SMITH"},{"data":"Cloak And Dagger","floor":29,"key":"SMITH"},{"data":"Masterful Stab","floor":32,"key":"SMITH"},{"data":"Burst","floor":41,"key":"SMITH"},{"data":"Endless Agony","floor":45,"key":"SMITH"},{"data":"Dodge and Roll","floor":49,"key":"SMITH"}],"neow_cost":"CURSE","seed_source_timestamp":873238399431843,"circlet_count":0,"master_deck":["Defend_G","Defend_G","Defend_G","Strike_G","Strike_G","Strike_G","Survivor","Neutralize+1","A Thousand Cuts+1","Terror+1","Acrobatics","Flying Knee","Finesse","Slice","Endless Agony+1","Adrenaline+1","Endless Agony+1","Cloak And Dagger+1","Masterful Stab+1","Cloak And Dagger+1","Burst+1","Predator","Slice+1","Dodge and Roll+1","Slice","Leg Sweep","Infinite Blades","Slice+1"],"relics":["Ring of the Snake","Meat on the Bone","Omamori","Bronze Scales","Vajra","WristBlade","Singing Bowl","Ornamental Fan","SsserpentHead","Coffee Dripper","Red Mask","Shuriken","Mummified Hand","Incense Burner"],"potions_floor_usage":[11,12,24,31,33,50,50,50],"damage_taken":[{"damage":4,"enemies":"Small Slimes","floor":1,"turns":4},{"damage":9,"enemies":"Jaw Worm","floor":2,"turns":4},{"damage":9,"enemies":"2 Louse","floor":7,"turns":3},{"damage":7,"enemies":"Exordium Wildlife","floor":11,"turns":2},{"damage":6,"enemies":"Lagavulin","floor":12,"turns":7},{"damage":16,"enemies":"Slime Boss","floor":16,"turns":7},{"damage":0,"enemies":"Spheric Guardian","floor":18,"turns":3},{"damage":7,"enemies":"Shell Parasite","floor":19,"turns":3},{"damage":9,"enemies":"Centurion and Healer","floor":22,"turns":5},{"damage":12,"enemies":"Book of Stabbing","floor":24,"turns":3},{"damage":0,"enemies":"Cultist and Chosen","floor":25,"turns":2},{"damage":1,"enemies":"Chosen and Byrds","floor":31,"turns":2},{"damage":14,"enemies":"Champ","floor":33,"turns":6},{"damage":0,"enemies":"Orb Walker","floor":35,"turns":2},{"damage":0,"enemies":"3 Darklings","floor":38,"turns":2},{"damage":9,"enemies":"Giant Head","floor":40,"turns":6},{"damage":0,"enemies":"Spire Growth","floor":42,"turns":2},{"damage":0,"enemies":"Sphere and 2 Shapes","floor":44,"turns":3},{"damage":35,"enemies":"Nemesis","floor":47,"turns":5},{"damage":52,"enemies":"Time Eater","floor":50,"turns":4}],"seed_played":"-5650849177041867860","potions_obtained":[{"floor":7,"key":"Energy Potion"},{"floor":11,"key":"Poison Potion"},{"floor":16,"key":"PowerPotion"},{"floor":19,"key":"Strength Potion"},{"floor":22,"key":"Poison Potion"},{"floor":25,"key":"Fruit Juice"},{"floor":33,"key":"FairyPotion"},{"floor":38,"key":"SteroidPotion"},{"floor":40,"key":"Ancient Potion"},{"floor":47,"key":"Strength Potion"}],"is_trial":false,"path_per_floor":["M","M","?","?","?","R","M","$","T","R","M","E","$","?","R","B",null,"M","M","?","?","M","R","E","M","T","?","?","R","?","M","R","B",null,"M","$","?","M","$","E","R","M","T","M","R","$","E","?","R"],"character_chosen":"THE_SILENT","items_purchased":["Finesse","Noxious Fumes","Predator","Dodge and Roll","Slice","Leg Sweep","Infinite Blades"],"campfire_rested":0,"item_purchase_floors":[8,13,36,39,46,46,46],"current_hp_per_floor":[66,57,57,50,32,32,35,35,35,35,40,46,46,46,46,42,70,70,63,63,63,54,54,44,46,46,46,46,46,46,52,52,50,81,83,83,83,83,83,76,76,78,78,80,80,80,45,45,45,0],"gold":86,"neow_bonus":"THREE_RARE_CARDS","is_prod":false,"is_daily":false,"chose_seed":false,"campfire_upgraded":9,"win_rate":0,"timestamp":1535829457,"path_taken":["M","M","?","?","?","R","M","?","T","R","M","E","$","?","R","BOSS","M","M","?","?","M","R","E","?","T","?","?","R","?","M","R","BOSS","M","$","?","M","?","E","R","M","T","?","R","?","E","?","R","BOSS"],"build_version":"2018-08-30","purchased_purges":1,"victory":false,"max_hp_per_floor":[70,70,70,70,70,70,70,70,70,70,70,70,70,70,70,70,70,70,70,70,70,70,70,72,74,74,74,74,74,74,81,81,81,81,83,83,83,83,83,85,85,87,87,89,89,89,89,89,89,89],"card_choices":[{"not_picked":["Storm of Steel","Bullet Time"],"picked":"A Thousand Cuts","floor":0},{"not_picked":["Backflip","Caltrops"],"picked":"Terror","floor":1},{"not_picked":["Tactician","Underhanded Strike"],"picked":"Acrobatics","floor":2},{"not_picked":["Outmaneuver","Setup"],"picked":"Flying Knee","floor":7},{"not_picked":["Bane","Skewer"],"picked":"Slice","floor":11},{"not_picked":["Deadly Poison","Acrobatics"],"picked":"Endless Agony","floor":12},{"not_picked":["Die Die Die","Storm of Steel"],"picked":"Adrenaline","floor":16},{"not_picked":["Acrobatics","Outmaneuver+1"],"picked":"Endless Agony+1","floor":18},{"not_picked":["Acrobatics+1","Dagger Spray"],"picked":"Cloak And Dagger+1","floor":19},{"not_picked":["Endless Agony+1","Outmaneuver+1"],"picked":"Masterful Stab","floor":22},{"not_picked":["Backflip","Quick Slash+1","Venomology"],"picked":"Singing Bowl","floor":24},{"not_picked":["Acrobatics+1","Dagger Throw","Catalyst"],"picked":"Singing Bowl","floor":25},{"not_picked":["Backflip","All Out Attack","Bane"],"picked":"Singing Bowl","floor":31},{"not_picked":["Phantasmal Killer","Envenom"],"picked":"Burst","floor":33},{"not_picked":["Backflip","Acrobatics+1","Poisoned Stab+1"],"picked":"Singing Bowl","floor":35},{"not_picked":["Predator","Underhanded Strike+1"],"picked":"Slice+1","floor":38},{"not_picked":["All Out Attack+1","Eviscerate+1","Escape Plan"],"picked":"Singing Bowl","floor":40},{"not_picked":["Bane+1","Reflex+1","Underhanded Strike"],"picked":"Singing Bowl","floor":42},{"not_picked":["Flying Knee","Blur","Dodge and Roll+1"],"picked":"Singing Bowl","floor":44},{"not_picked":["Heel Hook","Bouncing Flask"],"picked":"Slice+1","floor":47}],"player_experience":670761,"relics_obtained":[{"floor":9,"key":"Omamori"},{"floor":12,"key":"Bronze Scales"},{"floor":24,"key":"Singing Bowl"},{"floor":26,"key":"Ornamental Fan"},{"floor":40,"key":"Shuriken"},{"floor":43,"key":"Mummified Hand"},{"floor":47,"key":"Incense Burner"}],"event_choices":[{"event_name":"The Cleric","player_choice":"Card Removal","floor":3,"damage_taken":0},{"event_name":"Golden Wing","player_choice":"Card Removal","floor":4,"damage_taken":0},{"event_name":"Scrap Ooze","player_choice":"success","floor":5,"damage_taken":18},{"event_name":"WeMeetAgain","player_choice":"Card","floor":14,"damage_taken":0},{"event_name":"Beggar","player_choice":"Gave Gold","floor":20,"damage_taken":0},{"event_name":"Ghosts","player_choice":"Ignored","floor":21,"damage_taken":0},{"event_name":"The Joust","player_choice":"Bet on Owner","floor":27,"damage_taken":0},{"event_name":"Match and Keep!","player_choice":"1 cards matched","floor":28,"damage_taken":0},{"event_name":"FaceTrader","player_choice":"Trade","floor":30,"damage_taken":0},{"event_name":"Tomb of Lord Red Mask","player_choice":"Paid","floor":37,"damage_taken":0},{"event_name":"Bonfire Elementals","player_choice":"BASIC","floor":48,"damage_taken":0}],"is_beta":true,"boss_relics":[{"not_picked":["HoveringKite","Busted Crown"],"picked":"WristBlade"},{"not_picked":["Lizard Tail","Philosopher\u0027s Stone"],"picked":"Coffee Dripper"}],"items_purged_floors":[36],"is_endless":false,"potions_floor_spawned":[7,11,16,19,22,25,33,38,40,47],"killed_by":"Time Eater","ascension_level":0}