{"gold_per_floor":[13,32,44,44,56,81,100,100,146,146,5,5,18,32,32,132,132,132,132,132,132,132,132,132,132,132,132,132,132,132,132,132,132,132,132,0,0,0,0,0,0,0,0,0,0,0,0,0,0,0],"floor_reached":51,"playtime":3349,"items_purged":[],"score":775,"play_id":"5f1f705e-baa9-42eb-84e9-b9846d77b276","local_time":"20181012201733","is_ascension_mode":false,"campfire_choices":[{"data":"Defragment","floor":8.0,"key":"SMITH"},{"data":"Dualcast","floor":10.0,"key":"SMITH"},{"data":"Zap","floor":15.0,"key":"SMITH"},{"data":"Echo Form","floor":23.0,"key":"SMITH"},{"floor":25.0,"key":"REST"},{"data":"Turbo","floor":28.0,"key":"SMITH"},{"floor":32.0,"key":"REST"},{"data":"Buffer","floor":41,"key":"SMITH"},{"data":"Loop","floor":44,"key":"SMITH"},{"floor":46,"key":"REST"},{"floor":49,"key":"REST"}],"neow_cost":"NO_GOLD","seed_source_timestamp":0,"circlet_count":0,"master_deck":["Strike_B+1","Strike_B+1","Strike_B+1","Defend_B+1","Defend_B+1","Defend_B+1","Defend_B+1","Zap+1","Dualcast+1","Streamline+1","Turbo+1","Static Discharge+1","Go for the Eyes+1","Gash+1","Leap+1","Ball Lightning+1","Beam Cell+1","All For One+1","Undo+1","Defragment+1","Flash of Steel+1","Cold Snap+1","Turbo+1","Gash+1","Rebound+1","Streamline+1","Electrodynamics+1","Redo+1","Steam+1","Echo Form+1","Capacitor+1","Barrage+1","Hologram+1","Steam+1","Sunder+1","Turbo+1","Turbo+1","All For One+1","Turbo+1","Loop+1","Buffer+1","Leap+1","Beam Cell+1","Core Surge+1","Creative AI+1","Melter+1","Ball Lightning+1","Thunder Strike+1","Echo Form+1","Skim+1","Redo+1","Steam+1","Gash+1","Aggregate+1","Steam+1"],"special_seed":0,"relics":["Cracked Core","Prayer Wheel","Vajra","Ectoplasm","Nloth\u0027s Gift","Bottled Tornado","The Courier","Centennial Puzzle","Tiny House","Red Mask","Sundial","Mark of the Bloom"],"potions_floor_usage":[34,38,50,50,50],"damage_taken":[{"damage":0.0,"enemies":"Small Slimes","floor":1.0,"turns":2.0},{"damage":0.0,"enemies":"Cultist","floor":2.0,"turns":2.0},{"damage":0.0,"enemies":"2 Louse","floor":3.0,"turns":3.0},{"damage":11.0,"enemies":"Gremlin Gang","floor":5.0,"turns":4.0},{"damage":14.0,"enemies":"Gremlin Nob","floor":6.0,"turns":3.0},{"damage":1.0,"enemies":"Looter","floor":7.0,"turns":2.0},{"damage":1.0,"enemies":"Lots of Slimes","floor":13.0,"turns":3.0},{"damage":0.0,"enemies":"Red Slaver","floor":14.0,"turns":3.0},{"damage":5.0,"enemies":"Hexaghost","floor":16.0,"turns":8.0},{"damage":0.0,"enemies":"Spheric Guardian","floor":18.0,"turns":3.0},{"damage":7.0,"enemies":"Shell Parasite","floor":19.0,"turns":3.0},{"damage":15.0,"enemies":"Shelled Parasite and Fungi","floor":20.0,"turns":3.0},{"damage":10.0,"enemies":"Snake Plant","floor":22.0,"turns":4.0},{"damage":27.0,"enemies":"Gremlin Leader","floor":24.0,"turns":5.0},{"damage":14.0,"enemies":"Centurion and Healer","floor":27.0,"turns":4.0},{"damage":0.0,"enemies":"Snecko","floor":30.0,"turns":6.0},{"damage":13.0,"enemies":"Shelled Parasite and Fungi","floor":31.0,"turns":4.0},{"damage":11,"enemies":"Champ","floor":33,"turns":6},{"damage":7,"enemies":"Orb Walker","floor":35,"turns":3},{"damage":18,"enemies":"3 Darklings","floor":37,"turns":4},{"damage":7,"enemies":"Maw","floor":38,"turns":6},{"damage":0,"enemies":"4 Shapes","floor":40,"turns":1},{"damage":3,"enemies":"Reptomancer","floor":45,"turns":3},{"damage":20,"enemies":"Jaw Worm Horde","floor":47,"turns":4},{"damage":20,"enemies":"Awakened One","floor":50,"turns":11}],"seed_played":"5251530443073825392","potions_obtained":[{"floor":5.0,"key":"SpeedPotion"},{"floor":7.0,"key":"FocusPotion"},{"floor":12.0,"key":"Regen Potion"},{"floor":12.0,"key":"Block Potion"},{"floor":16.0,"key":"Dexterity Potion"},{"floor":20.0,"key":"Block Potion"},{"floor":22.0,"key":"Block Potion"},{"floor":24.0,"key":"Ancient Potion"},{"floor":27.0,"key":"SkillPotion"},{"floor":34,"key":"Fruit Juice"},{"floor":35,"key":"SkillPotion"},{"floor":37,"key":"Dexterity Potion"},{"floor":45,"key":"Ancient Potion"},{"floor":47,"key":"SkillPotion"}],"is_trial":false,"path_per_floor":["M","M","M","?","M","E","M","R","T","R","$","?","M","M","R","B",null,"M","M","M","?","M","R","E","R","T","M","R","T","M","M","R","B",null,"M","?","M","M","?","M","R","$","T","R","M","R","M","?","R","B"],"character_chosen":"DEFECT","items_purchased":["Flash of Steel","Cold Snap"],"campfire_rested":4,"item_purchase_floors":[11,11],"current_hp_per_floor":[75,75,75,75,64,50,49,49,49,49,49,49,48,48,48,58,75,75,68,53,53,43,43,16,38,38,24,24,24,24,11,33,22,85,78,78,60,53,53,53,53,53,53,53,50,75,55,55,55,35],"gold":0,"neow_bonus":"ONE_RARE_RELIC","is_prod":false,"is_daily":false,"chose_seed":false,"campfire_upgraded":7,"win_rate":0,"timestamp":1539364653,"path_taken":["M","M","M","?","M","E","M","R","T","R","?","?","M","?","R","BOSS","M","M","?","?","M","R","E","R","T","M","R","?","?","M","R","BOSS","M","?","M","?","?","M","R","?","T","R","M","R","M","?","R","BOSS"],"build_version":"2018-10-11","purchased_purges":0,"victory":true,"max_hp_per_floor":[75,75,75,75,75,75,75,75,75,75,75,75,75,75,75,75,75,75,75,75,75,75,75,75,75,75,75,75,75,75,75,75,75,85,85,85,85,85,85,85,85,85,85,85,85,85,85,85,85,85],"card_choices":[{"not_picked":["Coolheaded","Scrape"],"picked":"Streamline","floor":1.0},{"not_picked":["Cold Snap","Undo"],"picked":"Turbo","floor":1.0},{"not_picked":["Coolheaded","Lockon"],"picked":"Static Discharge","floor":2.0},{"not_picked":["Barrage","Rebound"],"picked":"Go for the Eyes","floor":2.0},{"not_picked":["Scrape","Skim"],"picked":"Gash","floor":3.0},{"not_picked":["Static Discharge","Darkness"],"picked":"Leap","floor":3.0},{"not_picked":["Skim","Core Surge"],"picked":"Ball Lightning","floor":5.0},{"not_picked":["Cold Snap","Rebound"],"picked":"Beam Cell","floor":5.0},{"not_picked":["Barrage","Leap"],"picked":"All For One","floor":6.0},{"not_picked":["Static Discharge","Capacitor"],"picked":"Undo","floor":7.0},{"not_picked":["Fusion","Glacier"],"picked":"Defragment","floor":7.0},{"not_picked":["Coolheaded","Stack"],"picked":"Turbo","floor":13.0},{"not_picked":["Fusion","Conserve Battery"],"picked":"Gash","floor":13.0},{"not_picked":["Compile Driver","Tempest"],"picked":"Rebound","floor":14.0},{"not_picked":["Undo","Conserve Battery"],"picked":"Streamline","floor":14.0},{"not_picked":["Buffer","Seek"],"picked":"Electrodynamics","floor":16.0},{"not_picked":["Cold Snap+1","Compile Driver"],"picked":"Redo+1","floor":18.0},{"not_picked":["Streamline","Glacier+1"],"picked":"Steam","floor":18.0},{"not_picked":["Go for the Eyes","Compile Driver"],"picked":"Echo Form","floor":19.0},{"not_picked":["Barrage","Leap"],"picked":"Capacitor","floor":19.0},{"not_picked":["Leap","Cold Snap"],"picked":"Barrage+1","floor":20.0},{"not_picked":["Conserve Battery","FTL"],"picked":"Hologram+1","floor":20.0},{"not_picked":["Sweeping Beam","Chaos"],"picked":"Steam","floor":22.0},{"not_picked":["Compile Driver","Electrodynamics"],"picked":"Sunder","floor":22.0},{"not_picked":["Coolheaded","Hello World"],"picked":"Turbo","floor":24.0},{"not_picked":["Go for the Eyes","Meteor Strike"],"picked":"Turbo+1","floor":27.0},{"not_picked":["Steam Power","Streamline+1"],"picked":"All For One","floor":27.0},{"not_picked":["Coolheaded+1","Static Discharge"],"picked":"Turbo","floor":30.0},{"not_picked":["Barrage","Go for the Eyes","Heatsinks"],"picked":"SKIP","floor":30.0},{"not_picked":["Fusion+1","Coolheaded"],"picked":"Loop","floor":31.0},{"not_picked":["Rebound","Biased Cognition","Ball Lightning"],"picked":"SKIP","floor":31.0},{"not_picked":["All For One","Machine Learning"],"picked":"Buffer","floor":33},{"not_picked":["Consume","Self Repair"],"picked":"Leap","floor":34},{"not_picked":["Hello World+1","Compile Driver+1"],"picked":"Beam Cell+1","floor":35},{"not_picked":["Double Energy","Go for the Eyes+1"],"picked":"Core Surge","floor":35},{"not_picked":["Rebound+1","Ball Lightning+1"],"picked":"Creative AI","floor":37},{"not_picked":["Leap","Recycle+1"],"picked":"Melter+1","floor":37},{"not_picked":["Streamline","White Noise"],"picked":"Ball Lightning","floor":38},{"not_picked":["Ball Lightning","Rebound+1"],"picked":"Thunder Strike","floor":38},{"not_picked":["Barrage+1","Stack"],"picked":"Skim","floor":40},{"not_picked":["Darkness+1","Sweeping Beam"],"picked":"Redo+1","floor":40},{"not_picked":["All For One","Ball Lightning+1"],"picked":"Steam+1","floor":45},{"not_picked":["Ball Lightning","Stack+1"],"picked":"Gash+1","floor":45},{"not_picked":["Reinforced Body+1","Static Discharge+1"],"picked":"Aggregate","floor":47},{"not_picked":["Lockon+1","Sweeping Beam"],"picked":"Steam","floor":47}],"player_experience":771078,"relics_obtained":[{"floor":6.0,"key":"Shovel"},{"floor":9.0,"key":"Vajra"},{"floor":24.0,"key":"Bottled Tornado"},{"floor":26.0,"key":"The Courier"},{"floor":29.0,"key":"Centennial Puzzle"},{"floor":43,"key":"Sundial"}],"event_choices":[{"event_name":"Living Wall","player_choice":"Forget","floor":4.0,"damage_taken":0.0},{"event_name":"The Lab","player_choice":"Got Potions","floor":12.0,"damage_taken":0.0},{"event_name":"N\u0027loth","player_choice":"Traded a Shovel","floor":21.0,"damage_taken":0.0},{"event_name":"Tomb of Lord Red Mask","player_choice":"Paid","floor":36,"damage_taken":0},{"event_name":"Duplicator","player_choice":"One dupe","floor":39,"damage_taken":0},{"event_name":"MindBloom","player_choice":"Upgrade","floor":48,"damage_taken":0}],"is_beta":true,"boss_relics":[{"not_picked":["Fusion Hammer","Runic Pyramid"],"picked":"Ectoplasm"},{"not_picked":["Runic Dome","Pandora\u0027s Box"],"picked":"Tiny House"}],"items_purged_floors":[],"is_endless":false,"potions_floor_spawned":[5,7,13,14,16,20,22,24,27,35,37,45,47],"ascension_level":0}