{"gold_per_floor":[112,126,139,156,168,202,202,202,257,287,307,319,348,364,364,469,469,481,481,406,416,426,426,454,454,454,483,483,483,483,483,483,580,580,592,592,611,611,622,622,655,655,679,711,730,761,197,208,208,208,208,208,158,184,184],"floor_reached":55,"playtime":3001,"items_purged":["Zap+1"],"score":862,"play_id":"458d2608-123f-4fba-a651-1108352b8050","local_time":"20181224125315","is_ascension_mode":true,"campfire_choices":[{"data":"Genetic Algorithm","floor":7.0,"key":"SMITH"},{"floor":15.0,"key":"REST"},{"data":"Conserve Battery","floor":23.0,"key":"SMITH"},{"data":"Streamline","floor":25.0,"key":"SMITH"},{"floor":28.0,"key":"REST"},{"data":"Hologram","floor":32.0,"key":"SMITH"},{"data":"Discovery","floor":40.0,"key":"SMITH"},{"floor":42.0,"key":"RECALL"},{"data":"Defragment","floor":49,"key":"SMITH"},{"data":"Rainbow","floor":52,"key":"SMITH"}],"neow_cost":"NONE","seed_source_timestamp":0,"circlet_count":0,"master_deck":["Strike_B+1","Strike_B+1","Strike_B+1","Defend_B+1","Defend_B+1","Defend_B+1","Defend_B+1","Dualcast","Cold Snap","Steam","Rebound","Leap","Genetic Algorithm+1","Streamline+1","Hologram+1","Compile Driver","BootSequence","Steam+1","Electrodynamics","Coolheaded+1","Melter","Conserve Battery+1","Ball Lightning","Genetic Algorithm+1","Self Repair+1","Rainbow+1","Hologram+1","Violence","Discovery+1","Finesse+1","Leap+1","Sweeping Beam+1","Leap+1","Capacitor+1","Defragment+1","All For One","Stack","Sunder+1","Turbo+1"],"special_seed":0,"relics":["Cracked Core","Smiling Mask","Mercury Hourglass","Darkstone Periapt","Regal Pillow","Black Star","Incense Burner","Art of War","Meat on the Bone","Sundial","Pen Nib","Gambling Chip","Sozu","Lantern","Oddly Smooth Stone","War Paint","Kunai","Boot","Bag of Preparation","Du-Vu Doll","DataDisk","ClockworkSouvenir","Blue Candle","Ornamental Fan"],"potions_floor_usage":[],"damage_taken":[{"damage":6.0,"enemies":"Small Slimes","floor":1.0,"turns":3.0},{"damage":4.0,"enemies":"Cultist","floor":2.0,"turns":3.0},{"damage":2.0,"enemies":"2 Louse","floor":3.0,"turns":2.0},{"damage":1.0,"enemies":"Looter","floor":4.0,"turns":3.0},{"damage":3.0,"enemies":"3 Louse","floor":5.0,"turns":3.0},{"damage":23.0,"enemies":"Lagavulin","floor":6.0,"turns":7.0},{"damage":19.0,"enemies":"3 Sentries","floor":10.0,"turns":5.0},{"damage":1.0,"enemies":"Large Slime","floor":11.0,"turns":3.0},{"damage":2.0,"enemies":"Blue Slaver","floor":12.0,"turns":4.0},{"damage":9.0,"enemies":"Gremlin Nob","floor":13.0,"turns":4.0},{"damage":0.0,"enemies":"2 Fungi Beasts","floor":14.0,"turns":2.0},{"damage":31.0,"enemies":"Hexaghost","floor":16.0,"turns":11.0},{"damage":11.0,"enemies":"Shell Parasite","floor":18.0,"turns":6.0},{"damage":10.0,"enemies":"2 Thieves","floor":21.0,"turns":2.0},{"damage":13.0,"enemies":"Snake Plant","floor":22.0,"turns":5.0},{"damage":13.0,"enemies":"Book of Stabbing","floor":24.0,"turns":6.0},{"damage":21.0,"enemies":"Gremlin Leader","floor":27.0,"turns":6.0},{"damage":27.0,"enemies":"Automaton","floor":33.0,"turns":11.0},{"damage":0.0,"enemies":"3 Shapes","floor":35.0,"turns":3.0},{"damage":19.0,"enemies":"Orb Walker","floor":37.0,"turns":4.0},{"damage":0.0,"enemies":"4 Shapes","floor":39.0,"turns":4.0},{"damage":15.0,"enemies":"Reptomancer","floor":41.0,"turns":6.0},{"damage":31.0,"enemies":"Nemesis","floor":44.0,"turns":10.0},{"damage":1.0,"enemies":"3 Darklings","floor":45.0,"turns":5.0},{"damage":11.0,"enemies":"Reptomancer","floor":46.0,"turns":7.0},{"damage":0,"enemies":"Transient","floor":48,"turns":5},{"damage":30,"enemies":"Time Eater","floor":50,"turns":12},{"damage":28,"enemies":"Shield and Spear","floor":54,"turns":7},{"damage":59,"enemies":"The Heart","floor":55,"turns":9}],"seed_played":"-5108491558276425797","potions_obtained":[{"floor":3.0,"key":"Ancient Potion"},{"floor":4.0,"key":"SkillPotion"},{"floor":6.0,"key":"PowerPotion"},{"floor":14.0,"key":"Block Potion"},{"floor":16.0,"key":"Poison Potion"},{"floor":22.0,"key":"GamblersBrew"},{"floor":24.0,"key":"SpeedPotion"}],"is_trial":false,"path_per_floor":["M","M","M","M","M","E","R","?","T","E","M","M","E","M","R","B",null,"M","?","?","M","M","R","E","R","T","E","R","?","?","T","R","B",null,"M","?","M","?","M","R","E","R","T","E","M","E","$","M","R","B",null,"R","$","E","B"],"character_chosen":"DEFECT","items_purchased":["DataDisk","All For One","ClockworkSouvenir","Stack"],"campfire_rested":2,"item_purchase_floors":[47,47,47,47],"current_hp_per_floor":[69,65,63,62,59,36,36,36,36,17,16,14,5,5,42,11,75,64,64,64,54,41,41,28,28,28,19,56,56,56,56,56,51,75,75,65,56,56,66,66,61,61,61,52,61,60,60,70,70,50,75,75,75,57,0],"gold":184,"neow_bonus":"RANDOM_COMMON_RELIC","is_prod":false,"is_daily":false,"chose_seed":false,"campfire_upgraded":7,"win_rate":0,"timestamp":1545645195,"path_taken":["M","M","M","M","M","E","R","?","T","E","?","M","E","M","R","BOSS","M","?","?","M","M","R","E","R","T","E","R","?","?","?","R","BOSS","M","?","M","?","M","R","E","R","T","E","M","E","$","M","R","BOSS","R","$","E","BOSS"],"build_version":"2018-12-20","purchased_purges":1,"victory":false,"max_hp_per_floor":[75,75,75,75,75,75,75,75,75,75,75,75,75,75,75,75,75,75,75,75,75,75,75,75,75,75,75,75,75,75,75,75,75,75,75,75,75,75,75,75,75,75,75,75,75,75,75,75,75,75,75,75,75,75,75],"card_choices":[{"not_picked":["Hologram","Chill"],"picked":"Cold Snap","floor":1.0},{"not_picked":["FTL","White Noise"],"picked":"Steam","floor":2.0},{"not_picked":["Compile Driver","Stack"],"picked":"Rebound","floor":3.0},{"not_picked":["Gash","Stack"],"picked":"Leap","floor":4.0},{"not_picked":["Rebound","Double Energy","Barrage"],"picked":"SKIP","floor":5.0},{"not_picked":["Stack","Undo"],"picked":"Genetic Algorithm","floor":6.0},{"not_picked":["Creative AI","Leap"],"picked":"Streamline","floor":10.0},{"not_picked":["Gash","Consume"],"picked":"Hologram","floor":11.0},{"not_picked":["Consume","Aggregate"],"picked":"Compile Driver","floor":12.0},{"not_picked":["Force Field","Ball Lightning"],"picked":"BootSequence","floor":13.0},{"not_picked":["Coolheaded","Doom and Gloom"],"picked":"Steam","floor":14.0},{"not_picked":["All For One","Thunder Strike"],"picked":"Electrodynamics","floor":16.0},{"not_picked":["Sweeping Beam","Steam"],"picked":"Coolheaded+1","floor":18.0},{"not_picked":["Go for the Eyes+1","Stack+1"],"picked":"Conserve Battery","floor":21.0},{"not_picked":["Coolheaded+1","Redo"],"picked":"Ball Lightning","floor":22.0},{"not_picked":["Leap","Barrage"],"picked":"Genetic Algorithm+1","floor":24.0},{"not_picked":["Machine Learning","FTL"],"picked":"Self Repair+1","floor":27.0},{"not_picked":["Seek","Reboot"],"picked":"Rainbow","floor":33.0},{"not_picked":["Leap","Sunder"],"picked":"Hologram+1","floor":35.0},{"not_picked":["Enlightenment","Impatience"],"picked":"Violence","floor":36.0},{"not_picked":["Mind Blast","Enlightenment"],"picked":"Discovery","floor":36.0},{"not_picked":["Blind","Swift Strike"],"picked":"Finesse","floor":36.0},{"not_picked":["Conserve Battery+1","Rebound"],"picked":"Leap+1","floor":37.0},{"not_picked":["Beam Cell","Rebound"],"picked":"Sweeping Beam+1","floor":39.0},{"not_picked":["Hologram","Melter"],"picked":"Leap+1","floor":41.0},{"not_picked":["Compile Driver","Redo"],"picked":"Capacitor+1","floor":44.0},{"not_picked":["Sweeping Beam","Streamline+1","Ball Lightning"],"picked":"SKIP","floor":45.0},{"not_picked":["Sweeping Beam","Undo"],"picked":"Defragment","floor":46.0},{"not_picked":["Coolheaded+1","Steam"],"picked":"Sunder+1","floor":48},{"not_picked":["Self Repair","Conserve Battery+1"],"picked":"Turbo+1","floor":54}],"player_experience":1011900,"relics_obtained":[{"floor":6.0,"key":"Mercury Hourglass"},{"floor":10.0,"key":"Darkstone Periapt"},{"floor":13.0,"key":"Regal Pillow"},{"floor":24.0,"key":"Incense Burner"},{"floor":24.0,"key":"Art of War"},{"floor":26.0,"key":"Meat on the Bone"},{"floor":27.0,"key":"Sundial"},{"floor":27.0,"key":"Pen Nib"},{"floor":31.0,"key":"Gambling Chip"},{"floor":41.0,"key":"Lantern"},{"floor":41.0,"key":"Oddly Smooth Stone"},{"floor":43.0,"key":"War Paint"},{"floor":44.0,"key":"Kunai"},{"floor":44.0,"key":"Boot"},{"floor":46.0,"key":"Bag of Preparation"},{"floor":46.0,"key":"Du-Vu Doll"},{"floor":54,"key":"Blue Candle"},{"floor":54,"key":"Ornamental Fan"}],"event_choices":[{"damage_healed":0.0,"max_hp_gain":0.0,"max_hp_loss":0.0,"gold_gain":0.0,"event_name":"Upgrade Shrine","player_choice":"Upgraded","floor":8.0,"gold_loss":0.0,"damage_taken":0.0,"cards_upgraded":["Zap"]},{"damage_healed":0.0,"max_hp_gain":0.0,"max_hp_loss":0.0,"gold_gain":0.0,"event_name":"The Library","player_choice":"Read","floor":19.0,"gold_loss":0.0,"damage_taken":0.0,"cards_obtained":["Melter"]},{"cards_removed":["Strike_B"],"damage_healed":0.0,"max_hp_gain":0.0,"max_hp_loss":0.0,"gold_gain":0.0,"event_name":"Beggar","player_choice":"Gave Gold","floor":20.0,"gold_loss":75.0,"damage_taken":0.0},{"damage_healed":0.0,"max_hp_gain":0.0,"max_hp_loss":0.0,"gold_gain":0.0,"event_name":"Ghosts","player_choice":"Ignored","floor":29.0,"gold_loss":0.0,"damage_taken":0.0},{"damage_healed":0.0,"max_hp_gain":0.0,"max_hp_loss":0.0,"gold_gain":0.0,"event_name":"Back to Basics","player_choice":"Simplicity","floor":30.0,"gold_loss":0.0,"damage_taken":0.0,"cards_upgraded":["Strike_B","Strike_B","Strike_B","Defend_B","Defend_B","Defend_B","Defend_B"]},{"damage_healed":0.0,"max_hp_gain":0.0,"max_hp_loss":0.0,"gold_gain":0.0,"event_name":"SensoryStone","player_choice":"Memory 3","floor":36.0,"gold_loss":0.0,"damage_taken":10.0},{"damage_healed":0.0,"max_hp_gain":0.0,"max_hp_loss":0.0,"gold_gain":0.0,"event_name":"Tomb of Lord Red Mask","player_choice":"Ignored","floor":38.0,"gold_loss":0.0,"damage_taken":0.0}],"is_beta":true,"boss_relics":[{"not_picked":["Velvet Choker","Empty Cage"],"picked":"Black Star"},{"not_picked":["Runic Pyramid","Fusion Hammer"],"picked":"Sozu"}],"items_purged_floors":[53],"is_endless":false,"potions_floor_spawned":[3,4,6,14,16,22,24,35,39,44,45,48],"killed_by":"The Heart","ascension_level":1}