{"path_per_floor":["M","?","M","?","M","R","M","?","T","M","?","R","M","M","R"],"character_chosen":"IRONCLAD","items_purchased":[],"gold_per_floor":[119,119,131,206,224,224,239,239,265,280,280,280,299,319,319,319],"floor_reached":16,"campfire_rested":1,"playtime":297,"current_hp_per_floor":[74,71,61,50,36,40,10,30,30,24,24,30,26,32,62,62],"items_purged":[],"gold":319,"score":94,"play_id":"2bbd08a9-df32-4177-8024-5f8871eda295","local_time":"20180409030100","is_prod":false,"is_daily":false,"is_ascension_mode":false,"campfire_upgraded":2,"timestamp":1523232060,"path_taken":["M","?","M","?","M","R","M","?","T","M","?","R","M","?","R","BOSS"],"build_version":"2018-04-05","purchased_purges":0,"victory":false,"master_deck":["Strike_R","Strike_R","Strike_R","Strike_R","Defend_R","Defend_R","Defend_R","Defend_R","Bash","Thunderclap+1","Sword Boomerang","Headbutt","Shrug It Off","Parasite","Clash+1","Metallicize","Perfected Strike"],"max_hp_per_floor":[80,80,80,80,80,80,80,80,80,80,80,80,80,80,80,80],"relics":["Eternal Feather","Smiling Mask","Orichalcum"],"card_choices":[{"not_picked":["Blood for Blood","Pommel Strike"],"picked":"Thunderclap","floor":1},{"not_picked":["Sever Soul","Twin Strike"],"picked":"Sword Boomerang","floor":3},{"not_picked":["Twin Strike","Wild Strike"],"picked":"Headbutt","floor":5},{"not_picked":["Second Wind","Searing Blow"],"picked":"Shrug It Off","floor":7},{"not_picked":["Armaments","Inflame"],"picked":"Clash","floor":10},{"not_picked":["Havoc","Thunderclap"],"picked":"Metallicize","floor":13},{"not_picked":["Warcry","Cleave"],"picked":"Perfected Strike","floor":14}],"player_experience":332766,"potions_floor_usage":[14,14],"damage_taken":[{"damage":6,"enemies":"Jaw Worm","floor":1,"turns":3},{"damage":10,"enemies":"Small Slimes","floor":3,"turns":3},{"damage":14,"enemies":"2 Louse","floor":5,"turns":2},{"damage":30,"enemies":"Exordium Wildlife","floor":7,"turns":5},{"damage":6,"enemies":"3 Louse","floor":10,"turns":3},{"damage":4,"enemies":"Looter","floor":13,"turns":2},{"damage":0,"enemies":"Red Slaver","floor":14,"turns":3},{"damage":0,"enemies":"Slime Boss","floor":16,"turns":1}],"event_choices":[{"event_name":"Scrap Ooze","player_choice":"success","floor":2,"damage_taken":3},{"event_name":"World of Goop","player_choice":"Gather Gold","floor":4,"damage_taken":0},{"event_name":"Mushrooms","player_choice":"Healed and dodged fight","floor":8,"damage_taken":0},{"event_name":"Living Wall","player_choice":"Forget","floor":11,"damage_taken":0}],"boss_relics":[],"potions_floor_spawned":[1,13,14],"seed_played":"-3146219955835680275","killed_by":"Slime Boss","ascension_level":0,"is_trial":false}