{"gold_per_floor":[111,111,186,361,361,361,374,374,374,406,406,423,16,61,73,183,195,221,233,245,357,386,398,76,76,76,96,96,96,114,132,132,132],"floor_reached":33,"playtime":2902,"items_purged":["Doubt","Second Wind"],"score":251,"play_id":"764e2103-3479-4f39-a42d-1b597acf3745","local_time":"20181011123838","is_ascension_mode":false,"campfire_choices":[{"data":"Twin Strike","floor":6,"key":"SMITH"},{"data":"Twin Strike","floor":8,"key":"SMITH"},{"data":"Limit Break","floor":11,"key":"SMITH"},{"data":"Flex","floor":15,"key":"SMITH"},{"data":"Shrug It Off","floor":23,"key":"SMITH"},{"data":"Enlightenment","floor":25,"key":"SMITH"},{"data":"Metallicize","floor":29,"key":"SMITH"},{"data":"Disarm","floor":32,"key":"SMITH"}],"neow_cost":"CURSE","seed_source_timestamp":1530736388853617,"circlet_count":0,"master_deck":["Bash","Limit Break+1","Twin Strike+1","Twin Strike+1","Headbutt","Clothesline","Flex+1","Sever Soul","Immolate","Clothesline","Metallicize+1","Spot Weakness","Twin Strike","Heavy Blade","Dropkick","Reckless Charge","Cleave","Flex","Dropkick","Shrug It Off+1","Enlightenment+1","Disarm+1"],"relics":["Burning Blood","Happy Flower","Paper Frog","Boot","MawBank","Blue Candle","Pandora\u0027s Box","GremlinMask","Charon\u0027s Ashes","Gremlin Horn","Vajra","Letter Opener"],"potions_floor_usage":[7,10,16,21,21,21,27,31,33],"damage_taken":[{"damage":15,"enemies":"Small Slimes","floor":1,"turns":5},{"damage":1,"enemies":"Cultist","floor":7,"turns":3},{"damage":14,"enemies":"Gremlin Nob","floor":10,"turns":3},{"damage":1,"enemies":"2 Louse","floor":12,"turns":2},{"damage":22,"enemies":"3 Sentries","floor":14,"turns":6},{"damage":36,"enemies":"Slime Boss","floor":16,"turns":7},{"damage":7,"enemies":"Spheric Guardian","floor":18,"turns":3},{"damage":12,"enemies":"Colosseum Slavers","floor":21,"turns":2},{"damage":24,"enemies":"Colosseum Nobs","floor":21,"turns":4},{"damage":13,"enemies":"3 Byrds","floor":22,"turns":3},{"damage":15,"enemies":"Snake Plant","floor":27,"turns":2},{"damage":13,"enemies":"Chosen and Byrds","floor":30,"turns":3},{"damage":12,"enemies":"3 Cultists","floor":31,"turns":3},{"damage":42,"enemies":"Champ","floor":33,"turns":6}],"seed_played":"43860379535716456","potions_obtained":[{"floor":1,"key":"FearPotion"},{"floor":2,"key":"PowerPotion"},{"floor":2,"key":"BloodPotion"},{"floor":12,"key":"Energy Potion"},{"floor":16,"key":"Strength Potion"},{"floor":18,"key":"LiquidBronze"},{"floor":21,"key":"AttackPotion"},{"floor":22,"key":"Regen Potion"},{"floor":31,"key":"Block Potion"}],"is_trial":false,"path_per_floor":["M","?","?","?","?","R","M","R","T","E","R","M","$","E","R","B",null,"M","?","$","?","M","R","$","R","T","M","?","R","M","M","R"],"character_chosen":"IRONCLAD","items_purchased":["Flex","Boot","MawBank","Vajra","Enlightenment"],"campfire_rested":0,"item_purchase_floors":[13,13,13,24,24],"current_hp_per_floor":[71,71,60,60,60,60,73,73,73,65,65,70,70,54,54,24,80,79,79,79,55,48,48,48,48,48,39,39,39,32,35,35,0],"gold":132,"neow_bonus":"THREE_RARE_CARDS","is_prod":false,"is_daily":false,"chose_seed":false,"campfire_upgraded":8,"win_rate":0,"timestamp":1539250718,"path_taken":["M","?","?","?","?","R","M","R","T","E","R","M","$","E","R","BOSS","M","?","?","?","?","R","$","R","T","?","?","R","?","M","R","BOSS"],"build_version":"2018-10-10","purchased_purges":2,"victory":false,"max_hp_per_floor":[80,80,80,80,80,80,80,80,80,80,80,80,80,80,80,80,80,80,80,80,80,80,80,80,80,80,80,80,80,80,80,80,80],"card_choices":[{"not_picked":["Brutality","Reaper"],"picked":"Limit Break","floor":0},{"not_picked":["Havoc","Clash"],"picked":"Twin Strike","floor":1},{"not_picked":["Clash","Burning Pact"],"picked":"Twin Strike","floor":7},{"not_picked":["Juggernaut","Iron Wave"],"picked":"Headbutt","floor":10},{"not_picked":["Anger","Entrench"],"picked":"Clothesline","floor":12},{"not_picked":["Infernal Blade","Armaments"],"picked":"Sever Soul","floor":14},{"not_picked":["Feed","Double Tap"],"picked":"Immolate","floor":16},{"not_picked":["Anger+1","Armaments"],"picked":"Flex","floor":18},{"not_picked":["Body Slam","Anger+1"],"picked":"Dropkick","floor":21},{"not_picked":["Pommel Strike","Rage"],"picked":"Shrug It Off","floor":22},{"not_picked":["Perfected Strike+1","Searing Blow+1"],"picked":"Combust","floor":27},{"not_picked":["Sword Boomerang","True Grit","Evolve"],"picked":"SKIP","floor":30},{"not_picked":["Perfected Strike+1","Sword Boomerang","Evolve"],"picked":"SKIP","floor":31}],"player_experience":764537,"relics_obtained":[{"floor":9,"key":"Happy Flower"},{"floor":10,"key":"Paper Frog"},{"floor":14,"key":"Blue Candle"},{"floor":21,"key":"Charon\u0027s Ashes"},{"floor":21,"key":"Gremlin Horn"},{"floor":26,"key":"Letter Opener"}],"event_choices":[{"event_name":"The Lab","player_choice":"Got Potions","floor":2,"damage_taken":0},{"event_name":"World of Goop","player_choice":"Gather Gold","floor":3,"damage_taken":0},{"event_name":"Liars Game","player_choice":"agreed","floor":4,"damage_taken":0},{"event_name":"Living Wall","player_choice":"Forget","floor":5,"damage_taken":0},{"event_name":"FaceTrader","player_choice":"Trade","floor":19,"damage_taken":0},{"event_name":"Colosseum","player_choice":"Fight","floor":21,"damage_taken":0},{"event_name":"Colosseum","player_choice":"Fought Nobs","floor":21,"damage_taken":0},{"event_name":"NoteForYourself","player_choice":"Took Card","floor":28,"damage_taken":0}],"is_beta":true,"boss_relics":[{"not_picked":["Lizard Tail","Ectoplasm"],"picked":"Pandora\u0027s Box"}],"items_purged_floors":[13,24],"is_endless":false,"potions_floor_spawned":[1,12,16,18,21,22,31],"killed_by":"Champ","ascension_level":0}