{"gold_per_floor":[111,131,149,99,111,111,128,140,140,140,156,172,188,206,206,308,308,327,299,299,0,10,10,25,35,62,35,35,35,35,35,35,140,140,157,177,189,201,215,215,140,140,140,140,154,174,23,23,23,23],"floor_reached":51,"playtime":9345,"items_purged":["Parasite","Gash"],"score":624,"play_id":"b41bc4d6-26c9-416c-8fb5-ab23d9140ef2","local_time":"20190802190812","is_ascension_mode":false,"campfire_choices":[{"data":"Consume","floor":6,"key":"SMITH"},{"floor":15,"key":"REST"},{"floor":23,"key":"REST"},{"data":"Defragment","floor":30,"key":"SMITH"},{"floor":32,"key":"REST"},{"floor":40,"key":"REST"},{"floor":42,"key":"REST"},{"data":"Defragment","floor":44,"key":"SMITH"},{"floor":49,"key":"REST"}],"neow_cost":"NONE","seed_source_timestamp":88740948870400,"circlet_count":0,"master_deck":["Defend_B+1","Defend_B+1","Defend_B+1","Defend_B+1","Zap","Dualcast","Cold Snap","Double Energy","Redo","Consume+1","Chill","FTL","Glacier+1","Go for the Eyes","Hologram+1","Fission+1","Defragment+1","Sweeping Beam","Steam+1","Coolheaded+1","Rebound","Turbo+1","Chill+1","Electrodynamics","BootSequence+1","Capacitor","The Bomb+1","Forethought+1","Skim+1","Coolheaded+1","Fusion+1","Stack+1","Defragment+1","Echo Form","Heatsinks+1","Defragment","Reinforced Body+1","Amplify+1","Hologram+1","Purity+1"],"relics":["Cracked Core","Boot","Toxic Egg 2","Orrery","Blood Vial","Lizard Tail","Ice Cream"],"potions_floor_usage":[8,11,16,16,33,45,50,50],"damage_taken":[{"damage":2,"enemies":"Small Slimes","floor":1,"turns":3},{"damage":1,"enemies":"2 Louse","floor":2,"turns":3},{"damage":0,"enemies":"Cultist","floor":3,"turns":3},{"damage":9,"enemies":"3 Louse","floor":5,"turns":3},{"damage":5,"enemies":"Looter","floor":7,"turns":4},{"damage":0,"enemies":"2 Fungi Beasts","floor":8,"turns":4},{"damage":0,"enemies":"Lots of Slimes","floor":11,"turns":1},{"damage":8,"enemies":"Exordium Wildlife","floor":12,"turns":4},{"damage":1,"enemies":"Blue Slaver","floor":13,"turns":4},{"damage":0,"enemies":"2 Fungi Beasts","floor":14,"turns":4},{"damage":26,"enemies":"Hexaghost","floor":16,"turns":16},{"damage":5,"enemies":"3 Byrds","floor":18,"turns":6},{"damage":12,"enemies":"2 Thieves","floor":19,"turns":5},{"damage":23,"enemies":"Centurion and Healer","floor":22,"turns":7},{"damage":7,"enemies":"Cultist and Chosen","floor":24,"turns":6},{"damage":6,"enemies":"Snake Plant","floor":25,"turns":5},{"damage":32,"enemies":"Collector","floor":33,"turns":10},{"damage":25,"enemies":"3 Darklings","floor":35,"turns":8},{"damage":4,"enemies":"3 Shapes","floor":36,"turns":6},{"damage":34,"enemies":"Jaw Worm Horde","floor":37,"turns":8},{"damage":6,"enemies":"Writhing Mass","floor":38,"turns":19},{"damage":7,"enemies":"4 Shapes","floor":39,"turns":10},{"damage":0,"enemies":"Sphere and 2 Shapes","floor":45,"turns":8},{"damage":28,"enemies":"Spire Growth","floor":46,"turns":8},{"damage":13,"enemies":"Donu and Deca","floor":50,"turns":18}],"seed_played":"-4762554055068647954","potions_obtained":[{"floor":2,"key":"Strength Potion"},{"floor":5,"key":"Block Potion"},{"floor":7,"key":"Weak Potion"},{"floor":8,"key":"Explosive Potion"},{"floor":14,"key":"Block Potion"},{"floor":19,"key":"Regen Potion"},{"floor":33,"key":"FearPotion"},{"floor":37,"key":"Ancient Potion"},{"floor":39,"key":"AttackPotion"}],"is_trial":false,"path_per_floor":["M","M","M","?","M","R","M","M","T","?","M","M","M","M","R","B",null,"M","M","?","$","M","R","M","M","T","$","?","?","R","$","R","B",null,"M","M","M","M","M","R","$","R","T","R","M","M","$","?","R","B",null],"character_chosen":"DEFECT","items_purchased":["Capacitor","The Bomb+1","Forethought+1","Stack+1","Block Potion"],"campfire_rested":6,"item_purchase_floors":[21,21,21,27,47],"current_hp_per_floor":[73,72,72,72,63,63,58,58,58,58,58,50,49,49,71,45,75,70,58,58,58,35,57,50,44,44,44,44,44,44,44,66,51,75,50,48,16,12,7,29,29,50,50,50,52,26,26,26,47,36],"gold":23,"neow_bonus":"REMOVE_CARD","is_prod":false,"is_daily":false,"chose_seed":false,"campfire_upgraded":3,"win_rate":0.0,"timestamp":1564740492,"path_taken":["M","M","M","?","M","R","M","M","T","?","M","M","M","M","R","BOSS","M","?","?","$","M","R","M","M","T","$","?","?","R","$","R","BOSS","M","?","M","M","M","R","$","R","T","R","M","M","$","?","R","BOSS"],"build_version":"2019-07-17","purchased_purges":2,"victory":true,"max_hp_per_floor":[75,75,75,75,75,75,75,75,75,75,75,75,75,75,75,75,75,75,75,75,75,75,75,75,75,75,75,75,75,75,75,75,75,75,75,75,75,75,75,75,72,72,72,72,72,72,72,72,72,72],"card_choices":[{"not_picked":["Beam Cell","Blizzard"],"picked":"Cold Snap","floor":1},{"not_picked":["Scrape","Compile Driver"],"picked":"Double Energy","floor":2},{"not_picked":["Fusion","Stack"],"picked":"Redo","floor":3},{"not_picked":["Rebound","Gash"],"picked":"Consume","floor":5},{"not_picked":["Fusion","Sweeping Beam"],"picked":"Chill","floor":7},{"not_picked":["Beam Cell","Gash"],"picked":"FTL","floor":8},{"not_picked":["Leap+1","Hologram+1"],"picked":"Glacier+1","floor":11},{"not_picked":["Static Discharge","Fusion+1"],"picked":"Go for the Eyes","floor":12},{"not_picked":["Compile Driver","Beam Cell"],"picked":"Hologram+1","floor":13},{"not_picked":["Compile Driver","Force Field+1","Ball Lightning"],"picked":"SKIP","floor":14},{"not_picked":["Biased Cognition","Seek+1"],"picked":"Fission+1","floor":16},{"not_picked":["Hologram+1","Reprogram+1"],"picked":"Defragment","floor":17},{"not_picked":["Steam+1","Rebound"],"picked":"Sweeping Beam","floor":17},{"not_picked":["Cold Snap","Rebound"],"picked":"Steam+1","floor":17},{"not_picked":["Compile Driver","Conserve Battery+1"],"picked":"Coolheaded+1","floor":17},{"not_picked":["Force Field+1","Ball Lightning"],"picked":"Rebound","floor":17},{"not_picked":["Redo+1","Stack+1"],"picked":"Turbo+1","floor":18},{"not_picked":["Biased Cognition","Sweeping Beam"],"picked":"Chill+1","floor":19},{"not_picked":["Stack+1","Sweeping Beam"],"picked":"Skim+1","floor":22},{"not_picked":["Compile Driver+1","Stack+1"],"picked":"Coolheaded+1","floor":24},{"not_picked":["Coolheaded+1","Compile Driver"],"picked":"Fusion+1","floor":25},{"not_picked":["Electrodynamics","Creative AI"],"picked":"Echo Form","floor":33},{"not_picked":["Reinforced Body+1","Steam Power+1"],"picked":"Gash","floor":35},{"not_picked":["Coolheaded+1","Beam Cell"],"picked":"Heatsinks+1","floor":36},{"not_picked":["Gash","Darkness+1"],"picked":"Defragment","floor":37},{"not_picked":["Cold Snap+1","Steam Power+1"],"picked":"Reinforced Body+1","floor":38},{"not_picked":["Rip and Tear+1","Gash+1"],"picked":"Amplify+1","floor":39},{"not_picked":["Skim+1","Redo+1"],"picked":"Hologram+1","floor":45},{"not_picked":["Go for the Eyes","Rebound","Self Repair"],"picked":"SKIP","floor":46},{"not_picked":["Violence+1","Impatience+1"],"picked":"Purity+1","floor":48}],"player_experience":63938,"relics_obtained":[{"floor":9,"key":"Boot"},{"floor":26,"key":"Blood Vial"},{"floor":43,"key":"Ice Cream"}],"event_choices":[{"cards_removed":["Strike_B"],"damage_healed":0,"gold_gain":0,"player_choice":"Card Removal","damage_taken":0,"max_hp_gain":0,"max_hp_loss":0,"event_name":"The Cleric","floor":4,"gold_loss":50},{"damage_healed":0,"gold_gain":0,"player_choice":"Gave Potion","damage_taken":0,"relics_obtained":["Toxic Egg 2"],"max_hp_gain":0,"max_hp_loss":0,"event_name":"WeMeetAgain","floor":10,"gold_loss":0},{"damage_healed":0,"gold_gain":0,"cards_transformed":["Strike_B","Strike_B"],"player_choice":"Became Test Subject","damage_taken":0,"max_hp_gain":0,"max_hp_loss":0,"event_name":"Drug Dealer","floor":20,"gold_loss":0,"cards_obtained":["Electrodynamics","BootSequence"]},{"damage_healed":0,"gold_gain":0,"player_choice":"Simplicity","damage_taken":0,"max_hp_gain":0,"max_hp_loss":0,"event_name":"Back to Basics","floor":28,"gold_loss":0,"cards_upgraded":["Defend_B","Defend_B","Defend_B","Defend_B"]},{"damage_healed":0,"gold_gain":0,"player_choice":"Copied","damage_taken":0,"max_hp_gain":0,"max_hp_loss":0,"event_name":"Duplicator","floor":29,"gold_loss":0,"cards_obtained":["Defragment"]},{"damage_healed":0,"gold_gain":0,"player_choice":"Memory 1","damage_taken":0,"max_hp_gain":0,"max_hp_loss":0,"event_name":"SensoryStone","floor":48,"gold_loss":0}],"is_beta":false,"boss_relics":[{"not_picked":["Philosopher\u0027s Stone","Sozu"],"picked":"Orrery"},{"not_picked":["White Beast Statue","Black Star"],"picked":"Lizard Tail"}],"items_purged_floors":[41,47],"is_endless":false,"potions_floor_spawned":[2,5,7,8,14,19,33,37,39],"ascension_level":0}