{"gold_per_floor":[115,128,141,153,166,199,213,213,238,238,266,266,282,282,282,403,403,423,441,441,441],"floor_reached":21,"playtime":989,"items_purged":[],"score":203,"play_id":"0783f629-3a01-41f6-bbc2-2dc2b18d3f2e","local_time":"20190326141738","is_ascension_mode":true,"campfire_choices":[{"data":"Zap","floor":8,"key":"SMITH"},{"data":"Sweeping Beam","floor":10,"key":"SMITH"},{"data":"Coolheaded","floor":12,"key":"SMITH"},{"floor":15,"key":"REST"}],"neow_cost":"NONE","seed_source_timestamp":18530819258646,"circlet_count":0,"master_deck":["Strike_B","Strike_B","Strike_B","Defend_B","Defend_B","Defend_B","Defend_B","Zap+1","Dualcast","Coolheaded+1","Loop","Cold Snap","Ball Lightning","Loop","Conserve Battery","Conserve Battery","Sweeping Beam+1","Seek","Coolheaded","Echo Form","Gash+1","Melter+1","Turbo+1","Hologram"],"relics":["Cracked Core","Prayer Wheel","Omamori","Art of War","Bloody Idol","Nuclear Battery"],"potions_floor_usage":[11,16],"damage_taken":[{"damage":0,"enemies":"2 Louse","floor":1,"turns":2},{"damage":9,"enemies":"Small Slimes","floor":2,"turns":3},{"damage":1,"enemies":"Cultist","floor":3,"turns":3},{"damage":6,"enemies":"Looter","floor":4,"turns":4},{"damage":0,"enemies":"Large Slime","floor":5,"turns":4},{"damage":15,"enemies":"Lagavulin","floor":6,"turns":5},{"damage":1,"enemies":"Blue Slaver","floor":7,"turns":4},{"damage":2,"enemies":"3 Sentries","floor":11,"turns":4},{"damage":1,"enemies":"Looter","floor":13,"turns":3},{"damage":20,"enemies":"Hexaghost","floor":16,"turns":10},{"damage":30,"enemies":"Shell Parasite","floor":18,"turns":6},{"damage":13,"enemies":"2 Thieves","floor":19,"turns":4},{"damage":27,"enemies":"Snake Plant","floor":21,"turns":4}],"seed_played":"-8946533643126750784","potions_obtained":[{"floor":4,"key":"Energy Potion"},{"floor":5,"key":"Explosive Potion"},{"floor":7,"key":"LiquidBronze"},{"floor":13,"key":"FearPotion"},{"floor":18,"key":"Dexterity Potion"}],"is_trial":false,"path_per_floor":["?","?"],"character_chosen":"DEFECT","items_purchased":[],"campfire_rested":1,"item_purchase_floors":[],"current_hp_per_floor":[75,66,65,59,59,44,43,43,43,43,41,41,40,40,60,40,69,39,26,26,0],"gold":441,"neow_bonus":"REMOVE_CARD","is_prod":false,"is_daily":false,"chose_seed":false,"campfire_upgraded":3,"win_rate":0,"timestamp":1553606258,"path_taken":["M","M","M","M","M","E","M","R","T","R","E","R","M","?","R","BOSS","M","M","?","M"],"build_version":"2019-01-23","purchased_purges":0,"victory":false,"max_hp_per_floor":[75,75,75,75,75,75,75,75,75,75,75,75,75,69,69,69,69,69,69,69,69],"card_choices":[{"not_picked":["Compile Driver","Redo"],"picked":"Coolheaded","floor":1},{"not_picked":["Stack","Redo"],"picked":"Loop","floor":2},{"not_picked":["Chill","Aggregate"],"picked":"Cold Snap","floor":3},{"not_picked":["Barrage","Undo"],"picked":"Ball Lightning","floor":4},{"not_picked":["Steam","Heatsinks"],"picked":"Loop","floor":5},{"not_picked":["Force Field","Heatsinks"],"picked":"Conserve Battery","floor":6},{"not_picked":["Double Energy","Redo"],"picked":"Conserve Battery","floor":7},{"not_picked":["Streamline","Storm"],"picked":"Sweeping Beam","floor":7},{"not_picked":["Double Energy","Static Discharge"],"picked":"Seek","floor":11},{"not_picked":["Ball Lightning","Melter"],"picked":"Coolheaded","floor":13},{"not_picked":["Sweeping Beam","Loop","Storm"],"picked":"SKIP","floor":13},{"not_picked":["Reboot","Hyperbeam"],"picked":"Echo Form","floor":16},{"not_picked":["Barrage","Ball Lightning"],"picked":"Gash+1","floor":18},{"not_picked":["Consume","Cold Snap"],"picked":"Melter+1","floor":18},{"not_picked":["Hologram","Steam Power"],"picked":"Turbo+1","floor":19},{"not_picked":["Steam+1","Barrage"],"picked":"Hologram","floor":19}],"player_experience":272196,"relics_obtained":[{"floor":6,"key":"Prayer Wheel"},{"floor":9,"key":"Omamori"},{"floor":11,"key":"Art of War"}],"event_choices":[{"damage_healed":0,"gold_gain":0,"player_choice":"Lose Max HP","damage_taken":0,"relics_obtained":["Golden Idol"],"max_hp_gain":0,"max_hp_loss":6,"event_name":"Golden Idol","floor":14,"gold_loss":0},{"damage_healed":0,"gold_gain":0,"player_choice":"Gave Idol","damage_taken":0,"relics_obtained":["Bloody Idol"],"max_hp_gain":0,"max_hp_loss":0,"event_name":"Forgotten Altar","floor":20,"relics_lost":["Golden Idol"],"gold_loss":0}],"is_beta":false,"boss_relics":[{"not_picked":["Tiny House","White Beast Statue"],"picked":"Nuclear Battery"}],"items_purged_floors":[],"is_endless":false,"potions_floor_spawned":[4,5,7,13,18],"killed_by":"Snake Plant","ascension_level":1}