{"gold_per_floor":[15,27,42,55,55,55,83,95,130,142],"floor_reached":10,"playtime":403,"items_purged":[],"score":85,"play_id":"e0458cbb-f747-4457-a120-8abe8b1cf489","local_time":"20190403121107","is_ascension_mode":true,"campfire_choices":[{"data":"Neutralize","floor":6,"key":"SMITH"}],"neow_cost":"NO_GOLD","seed_source_timestamp":11627343289395,"circlet_count":0,"master_deck":["Defend_G","Defend_G","Defend_G","Defend_G","Defend_G","Strike_G","Strike_G","Strike_G","Survivor","Neutralize+1","Dagger Spray","Cloak And Dagger","Calculated Gamble","Backflip","Skewer"],"relics":["Ring of the Snake","MawBank","Golden Idol","Smiling Mask"],"potions_floor_usage":[7,7,10],"damage_taken":[{"damage":1,"enemies":"Cultist","floor":1,"turns":4},{"damage":0,"enemies":"Small Slimes","floor":2,"turns":4},{"damage":3,"enemies":"Jaw Worm","floor":3,"turns":4},{"damage":0,"enemies":"Exordium Wildlife","floor":4,"turns":4},{"damage":54,"enemies":"Gremlin Nob","floor":7,"turns":6},{"damage":15,"enemies":"Lagavulin","floor":10,"turns":5}],"seed_played":"-6229226642178755415","potions_obtained":[{"floor":3,"key":"Weak Potion"},{"floor":4,"key":"Swift Potion"},{"floor":7,"key":"Dexterity Potion"}],"is_trial":false,"path_per_floor":["M","?"],"character_chosen":"THE_SILENT","items_purchased":[],"campfire_rested":0,"item_purchase_floors":[],"current_hp_per_floor":[69,69,66,66,66,66,12,12,12,0],"gold":142,"neow_bonus":"REMOVE_TWO","is_prod":false,"is_daily":false,"chose_seed":false,"campfire_upgraded":1,"win_rate":0,"timestamp":1554286267,"path_taken":["M","?","M","M","$","R","E","?","T","E"],"build_version":"2019-01-23","purchased_purges":0,"victory":false,"max_hp_per_floor":[70,70,70,70,70,70,70,65,65,65],"card_choices":[{"not_picked":["Dagger Throw","Prepared"],"picked":"Dagger Spray","floor":1},{"not_picked":["Deflect","Dagger Spray"],"picked":"Cloak And Dagger","floor":2},{"not_picked":["Flechettes","Terror"],"picked":"Calculated Gamble","floor":3},{"not_picked":["Distraction","Predator"],"picked":"Backflip","floor":4},{"not_picked":["Expertise","Endless Agony"],"picked":"Skewer","floor":7}],"player_experience":369164,"relics_obtained":[{"floor":7,"key":"MawBank"},{"floor":9,"key":"Smiling Mask"}],"event_choices":[{"damage_healed":0,"gold_gain":0,"player_choice":"Lose Max HP","damage_taken":0,"relics_obtained":["Golden Idol"],"max_hp_gain":0,"max_hp_loss":5,"event_name":"Golden Idol","floor":8,"gold_loss":0}],"is_beta":false,"boss_relics":[],"items_purged_floors":[],"is_endless":false,"potions_floor_spawned":[3,4,7],"killed_by":"Lagavulin","ascension_level":5}