{"gold_per_floor":[209,209,220,240,53,53,78,78,78,88,104,132,132,147,147,247,247,267,287,502,521,57,57,92,92,116,31,41,41,59,76,76,179,179,198,217,227,102,147,147,147,147,200,211,236,40,73,90,90,90],"floor_reached":51,"playtime":2276,"items_purged":["Strike_R","Defend_R","Pain"],"score":814,"play_id":"220313b8-63f9-441a-924b-93844ffdb854","local_time":"20190723214033","is_ascension_mode":false,"campfire_choices":[{"data":"Shockwave","floor":6.0,"key":"SMITH"},{"data":"Inflame","floor":8.0,"key":"SMITH"},{"data":"Flex","floor":15.0,"key":"SMITH"},{"data":"Secret Weapon","floor":23.0,"key":"SMITH"},{"data":"Feed","floor":29.0,"key":"SMITH"},{"data":"Havoc","floor":32.0,"key":"SMITH"},{"data":"Bandage Up","floor":40.0,"key":"SMITH"},{"data":"Mayhem","floor":49.0,"key":"SMITH"}],"neow_cost":"NONE","seed_source_timestamp":20447541060974,"circlet_count":0,"master_deck":["Strike_R","Strike_R","Strike_R","Strike_R","Defend_R","Defend_R","Defend_R","Bash+1","Pommel Strike","Flex+1","Bludgeon","Inflame+1","Shockwave+1","Iron Wave","Sword Boomerang","Rampage","Immolate","Impervious","Iron Wave","Havoc+1","Secret Weapon+1","Bandage Up+1","Feed+1","Pummel","Armaments+1","Havoc+1","Infernal Blade+1","Thinking Ahead","Rampage+1","Mayhem+1","Flex+1"],"special_seed":0,"relics":["Burning Blood","Pantograph","Dodecahedron","FossilizedHelix","Lantern","Sozu","Old Coin","Brimstone","Strawberry","WarpedTongs","Anchor","Philosopher\u0027s Stone","Gambling Chip","Blood Vial","Gremlin Horn","Centennial Puzzle"],"potions_floor_usage":[50],"damage_taken":[{"damage":13.0,"enemies":"Jaw Worm","floor":1.0,"turns":3.0},{"damage":7.0,"enemies":"2 Louse","floor":3.0,"turns":3.0},{"damage":0.0,"enemies":"Small Slimes","floor":4.0,"turns":2.0},{"damage":36.0,"enemies":"Lagavulin","floor":7.0,"turns":5.0},{"damage":13.0,"enemies":"Red Slaver","floor":10.0,"turns":2.0},{"damage":14.0,"enemies":"Blue Slaver","floor":11.0,"turns":3.0},{"damage":1.0,"enemies":"Gremlin Nob","floor":12.0,"turns":3.0},{"damage":5.0,"enemies":"2 Fungi Beasts","floor":14.0,"turns":4.0},{"damage":34.0,"enemies":"Hexaghost","floor":16.0,"turns":7.0},{"damage":0.0,"enemies":"2 Thieves","floor":18.0,"turns":2.0},{"damage":4.0,"enemies":"Shell Parasite","floor":19.0,"turns":4.0},{"damage":0.0,"enemies":"3 Cultists","floor":21.0,"turns":4.0},{"damage":0.0,"enemies":"Gremlin Leader","floor":24.0,"turns":3.0},{"damage":1.0,"enemies":"Sentry and Sphere","floor":28.0,"turns":3.0},{"damage":0.0,"enemies":"Snake Plant","floor":30.0,"turns":3.0},{"damage":0.0,"enemies":"3 Cultists","floor":31.0,"turns":3.0},{"damage":99.0,"enemies":"Champ","floor":33.0,"turns":7.0},{"damage":36.0,"enemies":"3 Shapes","floor":35.0,"turns":3.0},{"damage":0.0,"enemies":"3 Darklings","floor":36.0,"turns":3.0},{"damage":6.0,"enemies":"Maw","floor":37.0,"turns":5.0},{"damage":3.0,"enemies":"2 Orb Walkers","floor":39.0,"turns":4.0},{"damage":0.0,"enemies":"Jaw Worm Horde","floor":44.0,"turns":2.0},{"damage":0.0,"enemies":"Reptomancer","floor":45.0,"turns":3.0},{"damage":47.0,"enemies":"Nemesis","floor":47.0,"turns":5.0},{"damage":3.0,"enemies":"Sphere and 2 Shapes","floor":48.0,"turns":3.0},{"damage":79,"enemies":"Donu and Deca","floor":50,"turns":6}],"seed_played":"4841108406432805384","potions_obtained":[{"floor":10.0,"key":"SpeedPotion"},{"floor":11.0,"key":"Block Potion"},{"floor":12.0,"key":"BloodPotion"},{"floor":14.0,"key":"LiquidBronze"}],"is_trial":false,"path_per_floor":["M","?","M","M","$","R","E","R","T","M","M","E","?","M","R","B",null,"M","M","?","M","$","R","E","?","T","$","M","R","M","M","R","B",null,"M","M","M","$","?","R","?","?","T","M","E","$","E","M","R","B",null],"character_chosen":"IRONCLAD","items_purchased":["Inflame","Shockwave","Brimstone","Secret Weapon","Bandage Up","Mayhem"],"campfire_rested":0,"item_purchase_floors":[5,5,22,22,27,46],"current_hp_per_floor":[73,73,72,78,78,78,48,48,48,41,33,38,31,32,32,29,80,80,80,80,80,80,80,87,87,87,87,87,87,87,91,91,19,91,65,75,79,79,92,92,90,90,90,90,90,90,55,66,66,27],"gold":90,"neow_bonus":"HUNDRED_GOLD","is_prod":false,"is_daily":false,"chose_seed":false,"campfire_upgraded":8,"win_rate":0,"timestamp":1563943233,"path_taken":["M","?","M","M","$","R","E","R","T","M","M","E","?","M","R","BOSS","M","M","?","M","$","R","E","?","T","$","M","R","M","M","R","BOSS","M","M","M","$","?","R","?","?","T","?","E","$","E","M","R","BOSS"],"build_version":"2019-07-18","purchased_purges":3,"victory":true,"max_hp_per_floor":[80,80,80,80,80,80,80,80,80,80,80,80,80,80,80,80,80,80,80,80,80,80,80,87,87,87,87,87,87,87,91,91,91,91,91,91,91,91,95,95,90,90,90,90,90,90,90,90,90,94],"card_choices":[{"not_picked":["Thunderclap","Perfected Strike"],"picked":"Pommel Strike","floor":1.0},{"not_picked":["Fire Breathing","Wild Strike"],"picked":"Flex","floor":3.0},{"not_picked":["Cleave","Thunderclap"],"picked":"Bludgeon","floor":4.0},{"not_picked":["Corruption","Clash"],"picked":"Iron Wave","floor":7.0},{"not_picked":["Perfected Strike","Hemokinesis","Second Wind"],"picked":"SKIP","floor":10.0},{"not_picked":["Body Slam","Reckless Charge"],"picked":"Sword Boomerang","floor":11.0},{"not_picked":["Sever Soul","Carnage"],"picked":"Rampage","floor":12.0},{"not_picked":["Twin Strike","Warcry"],"picked":"Immolate","floor":14.0},{"not_picked":["Juggernaut","Immolate"],"picked":"Impervious","floor":16.0},{"not_picked":["Disarm","Second Wind","Clash+1"],"picked":"SKIP","floor":18.0},{"not_picked":["Carnage+1","Disarm"],"picked":"Iron Wave","floor":19.0},{"not_picked":["Wild Strike","Corruption"],"picked":"Havoc","floor":21.0},{"not_picked":["Clash+1","Pommel Strike","Perfected Strike"],"picked":"SKIP","floor":24.0},{"not_picked":["Iron Wave","Headbutt"],"picked":"Feed","floor":28.0},{"not_picked":["Armaments","Heavy Blade"],"picked":"Pummel","floor":30.0},{"not_picked":["Shrug It Off","Dual Wield"],"picked":"Armaments+1","floor":31.0},{"not_picked":["Immolate","Barricade"],"picked":"Bludgeon","floor":33.0},{"not_picked":["Twin Strike","Perfected Strike","Dropkick+1"],"picked":"SKIP","floor":35.0},{"not_picked":["Hemokinesis+1","Perfected Strike"],"picked":"Havoc+1","floor":36.0},{"not_picked":["Flex","Cleave"],"picked":"Infernal Blade+1","floor":37.0},{"not_picked":["Fiend Fire","Body Slam+1","Metallicize"],"picked":"SKIP","floor":44.0},{"not_picked":["Cleave","Pommel Strike"],"picked":"Rampage+1","floor":45.0},{"not_picked":["True Grit","Clothesline+1"],"picked":"Flex+1","floor":47.0},{"not_picked":["Headbutt","Clash+1","Heavy Blade"],"picked":"SKIP","floor":48.0}],"player_experience":1192226,"relics_obtained":[{"floor":7.0,"key":"Pantograph"},{"floor":9.0,"key":"Dodecahedron"},{"floor":12.0,"key":"FossilizedHelix"},{"floor":24.0,"key":"Strawberry"},{"floor":26.0,"key":"Anchor"},{"floor":39.0,"key":"Gambling Chip"},{"floor":43.0,"key":"Blood Vial"},{"floor":45.0,"key":"Gremlin Horn"},{"floor":47.0,"key":"Centennial Puzzle"}],"event_choices":[{"damage_healed":0.0,"max_hp_gain":0.0,"max_hp_loss":0.0,"gold_gain":0.0,"event_name":"Living Wall","player_choice":"Grow","floor":2.0,"gold_loss":0.0,"damage_taken":0.0,"cards_upgraded":["Bash"]},{"damage_healed":0.0,"max_hp_gain":0.0,"max_hp_loss":0.0,"gold_gain":0.0,"event_name":"Scrap Ooze","player_choice":"Success","floor":13.0,"gold_loss":0.0,"damage_taken":7.0,"relics_obtained":["Lantern"]},{"damage_healed":0.0,"max_hp_gain":0.0,"max_hp_loss":0.0,"gold_gain":0.0,"event_name":"Addict","player_choice":"Obtained Relic","floor":20.0,"gold_loss":85.0,"damage_taken":0.0,"relics_obtained":["Old Coin"]},{"damage_healed":0.0,"max_hp_gain":0.0,"max_hp_loss":0.0,"gold_gain":0.0,"event_name":"Accursed Blacksmith","player_choice":"Rummage","floor":25.0,"gold_loss":0.0,"damage_taken":0.0,"relics_obtained":["WarpedTongs"],"cards_obtained":["Pain"]},{"damage_healed":0.0,"max_hp_gain":0.0,"max_hp_loss":0.0,"gold_gain":0.0,"event_name":"Mysterious Sphere","player_choice":"Fight","floor":39.0,"gold_loss":0.0,"damage_taken":0.0},{"damage_healed":0.0,"max_hp_gain":0.0,"max_hp_loss":5.0,"gold_gain":0.0,"event_name":"Winding Halls","player_choice":"Max HP","floor":41.0,"gold_loss":0.0,"damage_taken":0.0},{"cards_removed":["Bludgeon"],"damage_healed":0.0,"max_hp_gain":0.0,"max_hp_loss":0.0,"gold_gain":0.0,"event_name":"NoteForYourself","player_choice":"Took Card","floor":42.0,"gold_loss":0.0,"damage_taken":0.0,"cards_obtained":["Thinking Ahead"]}],"is_beta":true,"boss_relics":[{"not_picked":["Pandora\u0027s Box","Runic Dome"],"picked":"Sozu"},{"not_picked":["Astrolabe","Cursed Key"],"picked":"Philosopher\u0027s Stone"}],"items_purged_floors":[5,22,38],"is_endless":false,"potions_floor_spawned":[10,11,12,14,18,21,24,30,35,37,45,47],"ascension_level":0}