{"gold_per_floor":[117,129,54,70,88,88,118,118,118,118,137,137,165,175,175,272,272,284,299,514,514],"floor_reached":21,"playtime":1171,"items_purged":["Strike_B"],"score":239,"play_id":"0ad8986f-5a08-44a8-be2f-cdad3869754f","local_time":"20190409151629","is_ascension_mode":true,"campfire_choices":[{"data":"Zap","floor":6,"key":"SMITH"},{"data":"Creative AI","floor":8,"key":"SMITH"},{"data":"Dualcast","floor":12,"key":"SMITH"},{"floor":15,"key":"REST"}],"neow_cost":"NONE","seed_source_timestamp":23802870301110,"circlet_count":0,"master_deck":["Strike_B","Defend_B","Defend_B","Defend_B","Defend_B","Zap+1","Dualcast+1","Coolheaded","Sunder","Cold Snap","Conserve Battery","Creative AI+1","Ball Lightning","Machine Learning","Darkness","Hyperbeam","Sweeping Beam","Coolheaded+1"],"relics":["Cracked Core","NeowsBlessing","Regal Pillow","Potion Belt","Dodecahedron","Empty Cage","Old Coin"],"potions_floor_usage":[7,13,13,16,21],"damage_taken":[{"damage":0,"enemies":"2 Louse","floor":1,"turns":1},{"damage":0,"enemies":"Jaw Worm","floor":2,"turns":1},{"damage":0,"enemies":"Small Slimes","floor":4,"turns":1},{"damage":0,"enemies":"2 Fungi Beasts","floor":5,"turns":2},{"damage":20,"enemies":"Gremlin Nob","floor":7,"turns":4},{"damage":4,"enemies":"Gremlin Gang","floor":11,"turns":4},{"damage":20,"enemies":"Lagavulin","floor":13,"turns":5},{"damage":11,"enemies":"Large Slime","floor":14,"turns":4},{"damage":54,"enemies":"Hexaghost","floor":16,"turns":11},{"damage":25,"enemies":"2 Thieves","floor":18,"turns":3},{"damage":15,"enemies":"Spheric Guardian","floor":19,"turns":5},{"damage":46,"enemies":"Chosen and Byrds","floor":21,"turns":8}],"seed_played":"-976085599993314767","potions_obtained":[{"floor":4,"key":"Weak Potion"},{"floor":7,"key":"Regen Potion"},{"floor":11,"key":"Poison Potion"},{"floor":14,"key":"PowerPotion"},{"floor":16,"key":"Dexterity Potion"},{"floor":19,"key":"SkillPotion"}],"is_trial":false,"path_per_floor":["?","?"],"character_chosen":"DEFECT","items_purchased":[],"campfire_rested":1,"item_purchase_floors":[],"current_hp_per_floor":[75,75,75,75,75,75,55,55,55,55,51,51,43,32,69,15,60,35,20,20,0],"gold":514,"neow_bonus":"THREE_ENEMY_KILL","is_prod":false,"is_daily":false,"chose_seed":false,"campfire_upgraded":3,"win_rate":0,"timestamp":1554815789,"path_taken":["M","M","$","M","M","R","E","R","T","?","M","R","E","M","R","BOSS","M","M","?","M"],"build_version":"2019-01-23","purchased_purges":1,"victory":false,"max_hp_per_floor":[75,75,75,75,75,75,75,75,75,75,75,75,75,75,75,75,75,75,75,75,75],"card_choices":[{"not_picked":["Conserve Battery","Hologram"],"picked":"Coolheaded","floor":1},{"not_picked":["Hello World","Steam"],"picked":"Sunder","floor":2},{"not_picked":["Static Discharge","Turbo"],"picked":"Cold Snap","floor":4},{"not_picked":["Compile Driver","Beam Cell"],"picked":"Conserve Battery","floor":5},{"not_picked":["Self Repair","Rebound"],"picked":"Creative AI","floor":7},{"not_picked":["Leap","Scrape"],"picked":"Ball Lightning","floor":11},{"not_picked":["Reprogram","Coolheaded"],"picked":"Machine Learning","floor":13},{"not_picked":["Barrage","Gash"],"picked":"Darkness","floor":14},{"not_picked":["Biased Cognition","Fission"],"picked":"Hyperbeam","floor":16},{"not_picked":["Steam","Rip and Tear+1"],"picked":"Sweeping Beam","floor":18},{"not_picked":["Steam","Leap"],"picked":"Coolheaded+1","floor":19}],"player_experience":425834,"relics_obtained":[{"floor":7,"key":"Regal Pillow"},{"floor":9,"key":"Potion Belt"},{"floor":13,"key":"Dodecahedron"}],"event_choices":[{"damage_healed":0,"gold_gain":0,"player_choice":"Ignored","damage_taken":0,"max_hp_gain":0,"max_hp_loss":0,"event_name":"Liars Game","floor":10,"gold_loss":0},{"damage_healed":0,"gold_gain":0,"player_choice":"Obtained Relic","damage_taken":0,"relics_obtained":["Old Coin"],"max_hp_gain":0,"max_hp_loss":0,"event_name":"Addict","floor":20,"gold_loss":85}],"is_beta":false,"boss_relics":[{"not_picked":["Calling Bell","Eternal Feather"],"picked":"Empty Cage"}],"items_purged_floors":[3],"is_endless":false,"potions_floor_spawned":[4,7,11,14,16,19],"killed_by":"Chosen and Byrds","ascension_level":5}