{"gold_per_floor":[114,39,39,39,51,51,79,96,166,182,182,198,269,286,286,383,433,452,452,465,479,479,479,479],"floor_reached":24,"playtime":2130,"items_purged":["Strike_B"],"score":200,"play_id":"ef5b1345-cfc2-44e1-ad63-7bcc4a3e0cdf","local_time":"20190315115330","is_ascension_mode":false,"campfire_choices":[{"data":"Zap","floor":6,"key":"SMITH"},{"floor":15,"key":"REST"},{"floor":23,"key":"REST"}],"neow_cost":"NONE","seed_source_timestamp":11204702234684,"circlet_count":0,"master_deck":["Strike_B","Strike_B+1","Defend_B+1","Defend_B+1","Defend_B","Defend_B","Zap+1","Dualcast+1","Genetic Algorithm+1","Coolheaded","Coolheaded","Redo","Heatsinks","Echo Form","Gash","Capacitor+1","Gash","Creative AI"],"relics":["White Beast Statue","War Paint","The Courier","Meat on the Bone","Tiny House"],"potions_floor_usage":[7,7,16,16,16,18,21,22,24,24],"damage_taken":[{"damage":4,"enemies":"Cultist","floor":1,"turns":4},{"damage":3,"enemies":"Jaw Worm","floor":5,"turns":3},{"damage":15,"enemies":"Gremlin Nob","floor":7,"turns":4},{"damage":0,"enemies":"Small Slimes","floor":8,"turns":4},{"damage":5,"enemies":"Looter","floor":10,"turns":4},{"damage":0,"enemies":"Exordium Wildlife","floor":12,"turns":7},{"damage":0,"enemies":"Red Slaver","floor":14,"turns":4},{"damage":18,"enemies":"Slime Boss","floor":16,"turns":11},{"damage":7,"enemies":"3 Byrds","floor":18,"turns":5},{"damage":29,"enemies":"Shell Parasite","floor":20,"turns":8},{"damage":23,"enemies":"Centurion and Healer","floor":21,"turns":9},{"damage":0,"enemies":"Snake Plant","floor":22,"turns":1},{"damage":74,"enemies":"Book of Stabbing","floor":24,"turns":9}],"seed_played":"1966903280964129980","potions_obtained":[{"floor":1,"key":"Weak Potion"},{"floor":5,"key":"Fire Potion"},{"floor":7,"key":"Dexterity Potion"},{"floor":8,"key":"PowerPotion"},{"floor":10,"key":"Ancient Potion"},{"floor":16,"key":"Fire Potion"},{"floor":17,"key":"FearPotion"},{"floor":18,"key":"Dexterity Potion"},{"floor":20,"key":"Dexterity Potion"},{"floor":21,"key":"SmokeBomb"}],"is_trial":false,"path_per_floor":["$","?","?","T","M","?","M"],"character_chosen":"DEFECT","items_purchased":[],"campfire_rested":2,"item_purchase_floors":[],"current_hp_per_floor":[71,71,71,56,53,53,38,38,38,33,33,33,33,45,67,49,80,73,73,44,33,45,69,0],"gold":479,"neow_bonus":"BOSS_RELIC","is_prod":false,"is_daily":false,"chose_seed":false,"campfire_upgraded":1,"win_rate":0.0,"timestamp":1552647210,"path_taken":["M","?","$","?","M","R","E","M","T","M","?","M","?","?","R","BOSS","M","?","M","?","M","R","E"],"build_version":"2019-01-23","purchased_purges":1,"victory":false,"max_hp_per_floor":[75,75,75,75,75,75,75,75,75,75,75,75,75,75,75,75,80,80,80,80,80,80,80,80],"card_choices":[{"not_picked":["Static Discharge","Steam","Turbo"],"picked":"SKIP","floor":1},{"not_picked":["Steam","Conserve Battery"],"picked":"Genetic Algorithm","floor":5},{"not_picked":["Redo","Scrape"],"picked":"Coolheaded","floor":7},{"not_picked":["Turbo","Aggregate","Stack"],"picked":"SKIP","floor":8},{"not_picked":["Darkness","Steam"],"picked":"Coolheaded","floor":10},{"not_picked":["Rip and Tear","Hologram"],"picked":"Redo","floor":12},{"not_picked":["Static Discharge","Ball Lightning"],"picked":"Heatsinks","floor":14},{"not_picked":["Hyperbeam","Rainbow"],"picked":"Echo Form","floor":16},{"not_picked":["Double Energy","Heatsinks"],"picked":"Gash","floor":17},{"not_picked":["Redo","Lockon"],"picked":"Capacitor+1","floor":18},{"not_picked":["Skim","Steam"],"picked":"Gash","floor":20},{"not_picked":["Leap","Hologram"],"picked":"Creative AI","floor":21}],"player_experience":154345,"relics_obtained":[{"floor":7,"key":"War Paint"},{"floor":9,"key":"The Courier"},{"floor":13,"key":"Meat on the Bone"}],"event_choices":[{"damage_healed":0,"gold_gain":0,"player_choice":"Entered Light","damage_taken":15,"max_hp_gain":0,"max_hp_loss":0,"event_name":"Shining Light","floor":4,"gold_loss":0,"cards_upgraded":["Strike_B","Dualcast"]},{"cards_removed":["Strike_B"],"damage_healed":0,"gold_gain":0,"player_choice":"Forget","damage_taken":0,"max_hp_gain":0,"max_hp_loss":0,"event_name":"Living Wall","floor":11,"gold_loss":0},{"damage_healed":0,"gold_gain":0,"player_choice":"Ignored","damage_taken":0,"max_hp_gain":0,"max_hp_loss":0,"event_name":"NoteForYourself","floor":19,"gold_loss":0}],"is_beta":false,"boss_relics":[{"not_picked":["Cursed Key","Eternal Feather"],"picked":"Tiny House"}],"items_purged_floors":[2],"is_endless":false,"potions_floor_spawned":[1,5,7,8,10,12,14,16,18,20,21,22],"killed_by":"Book of Stabbing","ascension_level":0}