{"gold_per_floor":[12,26,26,26,26,26,39,69,119,154,154,154,185,199,199,300,300,316,98,98,114,114,114,145,160,160,173,173,188,217,233,233,233],"floor_reached":33,"playtime":2246,"items_purged":["Strike_B"],"score":397,"play_id":"9128b8bd-f032-4212-989c-1c3147fa7749","local_time":"20190412145830","is_ascension_mode":true,"campfire_choices":[{"data":"Zap","floor":6.0,"key":"SMITH"},{"floor":11.0,"key":"REST"},{"floor":15.0,"key":"REST"},{"floor":23.0,"key":"REST"},{"floor":28.0,"key":"REST"},{"floor":32,"key":"REST"}],"neow_cost":"NO_GOLD","seed_source_timestamp":0,"circlet_count":0,"master_deck":["Strike_B","Strike_B","Defend_B","Defend_B","Defend_B","Defend_B","Zap+1","Dualcast","Machine Learning","Ball Lightning","Leap","Ball Lightning","Fission+1","Capacitor","Coolheaded","Echo Form","Conserve Battery","FTL+1","Hologram+1","Coolheaded","Defragment+1","Conserve Battery","Turbo"],"special_seed":0,"relics":["Cracked Core","Orichalcum","Bag of Preparation","Oddly Smooth Stone","Unceasing Top","Molten Egg 2","White Beast Statue","Bag of Marbles","NlothsMask","Ancient Tea Set","Torii"],"potions_floor_usage":[30,30,31,33,33],"damage_taken":[{"damage":7.0,"enemies":"Jaw Worm","floor":1.0,"turns":2.0},{"damage":0.0,"enemies":"Small Slimes","floor":2.0,"turns":3.0},{"damage":3.0,"enemies":"2 Louse","floor":7.0,"turns":2.0},{"damage":15.0,"enemies":"3 Sentries","floor":8.0,"turns":7.0},{"damage":22.0,"enemies":"Lagavulin","floor":10.0,"turns":7.0},{"damage":8.0,"enemies":"3 Sentries","floor":13.0,"turns":5.0},{"damage":4.0,"enemies":"Lots of Slimes","floor":14.0,"turns":3.0},{"damage":32.0,"enemies":"Slime Boss","floor":16.0,"turns":9.0},{"damage":22.0,"enemies":"2 Thieves","floor":18.0,"turns":4.0},{"damage":6.0,"enemies":"Spheric Guardian","floor":21.0,"turns":4.0},{"damage":33.0,"enemies":"Book of Stabbing","floor":24.0,"turns":7.0},{"damage":3.0,"enemies":"Centurion and Healer","floor":25.0,"turns":9.0},{"damage":12.0,"enemies":"Chosen and Byrds","floor":27.0,"turns":5.0},{"damage":0.0,"enemies":"Snecko","floor":29.0,"turns":5.0},{"damage":21,"enemies":"Slavers","floor":30,"turns":6},{"damage":0,"enemies":"Centurion and Healer","floor":31,"turns":6},{"damage":73,"enemies":"Collector","floor":33,"turns":6}],"seed_played":"-4421022028677262973","potions_obtained":[{"floor":10.0,"key":"SpeedPotion"},{"floor":13.0,"key":"SkillPotion"},{"floor":16.0,"key":"Energy Potion"},{"floor":18.0,"key":"PowerPotion"},{"floor":21.0,"key":"Ancient Potion"},{"floor":24.0,"key":"GamblersBrew"},{"floor":27.0,"key":"EntropicBrew"},{"floor":29.0,"key":"PowerPotion"},{"floor":30,"key":"Regen Potion"},{"floor":31,"key":"Dexterity Potion"}],"is_trial":false,"path_per_floor":["?","?","$","?","?","M","?"],"character_chosen":"DEFECT","items_purchased":["Bag of Marbles"],"campfire_rested":5,"item_purchase_floors":[19],"current_hp_per_floor":[61,61,66,63,63,63,60,45,45,23,47,40,32,28,52,20,65,43,43,43,37,37,61,28,25,25,13,37,37,16,31,55,0],"gold":233,"neow_bonus":"THREE_RARE_CARDS","is_prod":false,"is_daily":false,"chose_seed":false,"campfire_upgraded":1,"win_rate":0,"timestamp":1555073910,"path_taken":["M","M","?","?","?","R","M","E","T","E","R","?","E","M","R","BOSS","M","$","?","?","?","R","E","M","T","M","R","M","E","M","R","BOSS"],"build_version":"2019-01-23","purchased_purges":1,"victory":false,"max_hp_per_floor":[75,75,80,80,80,80,80,80,80,80,80,80,80,80,80,80,80,80,80,80,80,80,80,80,80,80,80,80,80,80,80,80,80],"card_choices":[{"not_picked":["Buffer","Thunder Strike"],"picked":"Machine Learning","floor":0.0},{"not_picked":["Barrage","Streamline","Redo"],"picked":"SKIP","floor":1.0},{"not_picked":["Leap","Go for the Eyes"],"picked":"Ball Lightning","floor":2.0},{"not_picked":["Hello World","Scrape"],"picked":"Leap","floor":7.0},{"not_picked":["Barrage","Coolheaded"],"picked":"Ball Lightning","floor":8.0},{"not_picked":["Blizzard","Cold Snap"],"picked":"Fission","floor":10.0},{"not_picked":["Turbo","Reinforced Body"],"picked":"Capacitor","floor":13.0},{"not_picked":["Hologram","Stack"],"picked":"Coolheaded","floor":14.0},{"not_picked":["Seek","Thunder Strike+1"],"picked":"Echo Form","floor":16.0},{"not_picked":["Leap","Redo","Reprogram+1"],"picked":"SKIP","floor":18.0},{"not_picked":["Ball Lightning+1","Rebound+1"],"picked":"Conserve Battery","floor":21.0},{"not_picked":["Heatsinks","Compile Driver+1"],"picked":"FTL+1","floor":24.0},{"not_picked":["Steam","Gash+1"],"picked":"Hologram+1","floor":25.0},{"not_picked":["Leap","Double Energy"],"picked":"Coolheaded","floor":27.0},{"not_picked":["Beam Cell+1","Leap"],"picked":"Defragment+1","floor":29.0},{"not_picked":["Cold Snap+1","Gash+1"],"picked":"Conserve Battery","floor":30},{"not_picked":["Rebound+1","Skim"],"picked":"Turbo","floor":31}],"player_experience":454663,"relics_obtained":[{"floor":8.0,"key":"Bag of Preparation"},{"floor":9.0,"key":"Oddly Smooth Stone"},{"floor":10.0,"key":"Unceasing Top"},{"floor":13.0,"key":"Molten Egg 2"},{"floor":24.0,"key":"Ancient Tea Set"},{"floor":30,"key":"Torii"}],"event_choices":[{"damage_healed":0.0,"max_hp_gain":5.0,"max_hp_loss":0.0,"gold_gain":0.0,"event_name":"Big Fish","player_choice":"Donut","floor":3.0,"gold_loss":0.0,"damage_taken":0.0},{"damage_healed":0.0,"max_hp_gain":0.0,"max_hp_loss":0.0,"gold_gain":0.0,"event_name":"Scrap Ooze","player_choice":"Success","floor":4.0,"gold_loss":0.0,"damage_taken":3.0,"relics_obtained":["Orichalcum"]},{"cards_removed":["Strike_B"],"damage_healed":0.0,"max_hp_gain":0.0,"max_hp_loss":0.0,"gold_gain":0.0,"event_name":"Golden Wing","player_choice":"Card Removal","floor":12.0,"gold_loss":0.0,"damage_taken":7.0},{"damage_healed":0.0,"max_hp_gain":0.0,"max_hp_loss":0.0,"gold_gain":0.0,"event_name":"FaceTrader","player_choice":"Trade","floor":20.0,"gold_loss":0.0,"damage_taken":0.0,"relics_obtained":["NlothsMask"]},{"damage_healed":0.0,"max_hp_gain":0.0,"max_hp_loss":0.0,"gold_gain":0.0,"event_name":"Accursed Blacksmith","player_choice":"Forge","floor":22.0,"gold_loss":0.0,"damage_taken":0.0,"cards_upgraded":["Fission"]}],"is_beta":false,"boss_relics":[{"not_picked":["Calling Bell","Coffee Dripper"],"picked":"White Beast Statue"}],"items_purged_floors":[19],"is_endless":false,"potions_floor_spawned":[10,13,16,18,21,24,25,27,29,30,31],"killed_by":"Collector","ascension_level":6}