{"gold_per_floor":[116,116,41,57,57,84,102,130,177,177,102,114,126,138,138,213,213,228,228,228,244,3,3,37,52,52,81,3,3,33,50,50,123,123,140,152,166,166,179,206,206,231,231,231,231,91,108,134,134,134],"floor_reached":50,"playtime":3347,"items_purged":["Strike_B","Strike_B"],"score":1344,"play_id":"af38abe4-33d7-437d-b994-849ffceed466","local_time":"20190724162937","is_ascension_mode":true,"campfire_choices":[{"floor":15.0,"key":"REST"},{"floor":23.0,"key":"REST"},{"floor":32.0,"key":"REST"},{"floor":44.0,"key":"REST"},{"floor":49.0,"key":"RECALL"}],"neow_cost":"NONE","seed_source_timestamp":68762412377508,"circlet_count":0,"master_deck":["AscendersBane","Strike_B","Defend_B","Defend_B","Defend_B","Defend_B","Zap+1","Dualcast","Genetic Algorithm","Cold Snap","Rebound","FTL","White Noise","Loop","Electrodynamics","Conserve Battery+1","Hyperbeam","Doom and Gloom","Seek","Glacier","Echo Form","Hologram+1","Undo+1","Seek+1","Capacitor","Static Discharge","Purity+1","Finesse+1","The Bomb+1","Coolheaded+1","Madness+1","Madness+1","Dark Shackles+1","Redo+1"],"special_seed":0,"relics":["Cracked Core","Juzu Bracelet","WarpedTongs","Letter Opener","Bag of Marbles","Regal Pillow","Nuclear Battery","Turnip","PreservedInsect","Gremlin Horn","DataDisk","Smiling Mask","Toxic Egg 2","Blue Candle","Sozu","Dodecahedron","Meat on the Bone","Art of War"],"potions_floor_usage":[],"damage_taken":[{"damage":4.0,"enemies":"Small Slimes","floor":1.0,"turns":3.0},{"damage":3.0,"enemies":"Cultist","floor":4.0,"turns":4.0},{"damage":24.0,"enemies":"3 Sentries","floor":6.0,"turns":7.0},{"damage":0.0,"enemies":"Jaw Worm","floor":7.0,"turns":3.0},{"damage":22.0,"enemies":"Gremlin Nob","floor":8.0,"turns":4.0},{"damage":0.0,"enemies":"Looter","floor":12.0,"turns":3.0},{"damage":3.0,"enemies":"Red Slaver","floor":13.0,"turns":3.0},{"damage":0.0,"enemies":"Gremlin Gang","floor":14.0,"turns":4.0},{"damage":26.0,"enemies":"The Guardian","floor":16.0,"turns":13.0},{"damage":18.0,"enemies":"Shell Parasite","floor":18.0,"turns":6.0},{"damage":18.0,"enemies":"Spheric Guardian","floor":21.0,"turns":4.0},{"damage":23.0,"enemies":"Book of Stabbing","floor":24.0,"turns":5.0},{"damage":0.0,"enemies":"3 Cultists","floor":25.0,"turns":2.0},{"damage":0.0,"enemies":"Slavers","floor":27.0,"turns":1.0},{"damage":0.0,"enemies":"Snake Plant","floor":29.0,"turns":1.0},{"damage":27.0,"enemies":"Gremlin Leader","floor":30.0,"turns":4.0},{"damage":0.0,"enemies":"Snecko","floor":31.0,"turns":4.0},{"damage":0.0,"enemies":"Collector","floor":33.0,"turns":7.0},{"damage":0.0,"enemies":"3 Shapes","floor":35.0,"turns":4.0},{"damage":16.0,"enemies":"3 Darklings","floor":36.0,"turns":3.0},{"damage":14.0,"enemies":"Maw","floor":37.0,"turns":7.0},{"damage":20.0,"enemies":"Spire Growth","floor":39.0,"turns":6.0},{"damage":0.0,"enemies":"Reptomancer","floor":40.0,"turns":5.0},{"damage":44.0,"enemies":"Giant Head","floor":42.0,"turns":7.0},{"damage":30.0,"enemies":"Writhing Mass","floor":47.0,"turns":5.0},{"damage":23,"enemies":"Awakened One","floor":50,"turns":3}],"seed_played":"3339021412578254722","potions_obtained":[{"floor":4.0,"key":"PowerPotion"},{"floor":6.0,"key":"EssenceOfSteel"},{"floor":7.0,"key":"Poison Potion"},{"floor":12.0,"key":"SkillPotion"},{"floor":13.0,"key":"GamblersBrew"},{"floor":18.0,"key":"PowerPotion"},{"floor":25.0,"key":"SmokeBomb"},{"floor":31.0,"key":"SteroidPotion"}],"is_trial":false,"path_per_floor":["M","?","?","M","?","E","M","E","T","?","$","M","M","M","R","B",null,"M","?","?","M","$","R","E","M","T","E","?","M","E","M","R","B",null,"M","M","M","?","M","E","?","E","T","R","?","$","M","T","R","B"],"character_chosen":"DEFECT","items_purchased":["Seek","PreservedInsect","Dark Shackles+1"],"campfire_rested":4,"item_purchase_floors":[22,22,46],"current_hp_per_floor":[60,60,60,57,62,38,38,16,16,16,16,16,13,13,50,24,63,45,45,45,27,27,64,41,41,41,41,41,41,14,14,51,51,70,70,54,40,30,10,10,62,18,18,51,40,40,22,22,22,0],"gold":134,"neow_bonus":"RANDOM_COMMON_RELIC","is_prod":false,"is_daily":false,"chose_seed":false,"campfire_upgraded":0,"win_rate":0,"timestamp":1564010977,"path_taken":["M","?","?","M","?","E","M","E","T","?","$","M","M","M","R","BOSS","M","?","?","M","$","R","E","M","T","E","?","M","E","M","R","BOSS","M","M","M","?","M","E","?","E","T","R","?","$","M","?","R","BOSS"],"build_version":"2019-07-17","purchased_purges":2,"victory":false,"max_hp_per_floor":[71,71,71,71,76,76,76,76,76,76,76,76,76,76,76,76,76,76,76,76,76,76,76,76,76,76,76,76,76,76,76,76,76,76,76,76,76,76,76,76,62,62,62,62,62,62,62,62,62,62],"card_choices":[{"not_picked":["Stack","White Noise"],"picked":"Genetic Algorithm","floor":1.0},{"not_picked":["Force Field","Steam"],"picked":"Cold Snap","floor":4.0},{"not_picked":["Multi-Cast","Auto Shields"],"picked":"Rebound","floor":6.0},{"not_picked":["Redo","Steam"],"picked":"FTL","floor":7.0},{"not_picked":["Hologram","Reprogram"],"picked":"White Noise","floor":8.0},{"not_picked":["Scrape","Leap","Steam"],"picked":"SKIP","floor":12.0},{"not_picked":["Conserve Battery","Fission"],"picked":"Loop","floor":13.0},{"not_picked":["Chaos","Tempest","Turbo"],"picked":"SKIP","floor":14.0},{"not_picked":["Core Surge","Creative AI"],"picked":"Electrodynamics","floor":16.0},{"not_picked":["Leap","Static Discharge"],"picked":"Conserve Battery+1","floor":18.0},{"not_picked":["Streamline","Storm"],"picked":"Doom and Gloom","floor":21.0},{"not_picked":["Darkness","Turbo"],"picked":"Glacier","floor":24.0},{"not_picked":["Turbo+1","Go for the Eyes","Scrape"],"picked":"SKIP","floor":25.0},{"not_picked":["Streamline","Melter"],"picked":"Echo Form","floor":27.0},{"not_picked":["White Noise+1","Stack+1"],"picked":"Hologram+1","floor":30.0},{"not_picked":["Sweeping Beam","Ball Lightning"],"picked":"Undo+1","floor":31.0},{"not_picked":["Hyperbeam","Amplify+1"],"picked":"Seek+1","floor":33.0},{"not_picked":["Gash","Chill+1"],"picked":"Capacitor","floor":35.0},{"not_picked":["Blizzard","Sweeping Beam"],"picked":"Static Discharge","floor":36.0},{"not_picked":["Streamline","Go for the Eyes+1","Barrage"],"picked":"SKIP","floor":37.0},{"not_picked":["Swift Strike","Madness+1"],"picked":"Purity+1","floor":38.0},{"not_picked":["Trip+1","Good Instincts+1"],"picked":"Finesse+1","floor":38.0},{"not_picked":["Secret Weapon+1","Chrysalis+1"],"picked":"The Bomb+1","floor":38.0},{"not_picked":["Reprogram+1","Melter+1","Gash"],"picked":"SKIP","floor":39.0},{"not_picked":["Streamline","Leap+1"],"picked":"Coolheaded+1","floor":40.0},{"not_picked":["Hologram+1","Scrape","Melter"],"picked":"SKIP","floor":42.0},{"not_picked":["Rebound","Ball Lightning"],"picked":"Redo+1","floor":47.0}],"player_experience":1027299,"relics_obtained":[{"floor":6.0,"key":"Letter Opener"},{"floor":8.0,"key":"Bag of Marbles"},{"floor":9.0,"key":"Regal Pillow"},{"floor":20.0,"key":"Turnip"},{"floor":24.0,"key":"Gremlin Horn"},{"floor":26.0,"key":"DataDisk"},{"floor":27.0,"key":"Smiling Mask"},{"floor":30.0,"key":"Blue Candle"},{"floor":40.0,"key":"Dodecahedron"},{"floor":42.0,"key":"Meat on the Bone"},{"floor":48.0,"key":"Art of War"}],"event_choices":[{"damage_healed":0.0,"max_hp_gain":0.0,"max_hp_loss":0.0,"gold_gain":0.0,"event_name":"Accursed Blacksmith","player_choice":"Rummage","floor":2.0,"gold_loss":0.0,"damage_taken":0.0,"relics_obtained":["WarpedTongs"],"cards_obtained":["Pain"]},{"cards_removed":["Pain"],"damage_healed":0.0,"max_hp_gain":0.0,"max_hp_loss":0.0,"gold_gain":0.0,"event_name":"The Cleric","player_choice":"Card Removal","floor":3.0,"gold_loss":75.0,"damage_taken":0.0},{"damage_healed":0.0,"max_hp_gain":5.0,"max_hp_loss":0.0,"gold_gain":0.0,"event_name":"Big Fish","player_choice":"Donut","floor":5.0,"gold_loss":0.0,"damage_taken":0.0},{"damage_healed":0.0,"max_hp_gain":0.0,"max_hp_loss":0.0,"gold_gain":0.0,"event_name":"Living Wall","player_choice":"Grow","floor":10.0,"gold_loss":0.0,"damage_taken":0.0,"cards_upgraded":["Zap"]},{"damage_healed":0.0,"max_hp_gain":0.0,"max_hp_loss":0.0,"gold_gain":0.0,"cards_transformed":["Strike_B"],"event_name":"Transmorgrifier","player_choice":"Transformed","floor":19.0,"gold_loss":0.0,"damage_taken":0.0,"cards_obtained":["Hyperbeam"]},{"damage_healed":0.0,"max_hp_gain":0.0,"max_hp_loss":0.0,"gold_gain":0.0,"event_name":"Wheel of Change","player_choice":"Relic","floor":20.0,"gold_loss":0.0,"damage_taken":0.0},{"damage_healed":0.0,"max_hp_gain":0.0,"max_hp_loss":0.0,"gold_gain":0.0,"event_name":"WeMeetAgain","player_choice":"Paid Gold","floor":28.0,"gold_loss":78.0,"damage_taken":0.0,"relics_obtained":["Toxic Egg 2"]},{"damage_healed":0.0,"max_hp_gain":0.0,"max_hp_loss":0.0,"gold_gain":0.0,"event_name":"SensoryStone","player_choice":"Memory 3","floor":38.0,"gold_loss":0.0,"damage_taken":10.0},{"damage_healed":62.0,"max_hp_gain":0.0,"max_hp_loss":14.0,"gold_gain":0.0,"event_name":"The Moai Head","player_choice":"Heal","floor":41.0,"gold_loss":0.0,"damage_taken":0.0},{"damage_healed":0.0,"max_hp_gain":0.0,"max_hp_loss":0.0,"gold_gain":0.0,"event_name":"Winding Halls","player_choice":"Embrace Madness","floor":45.0,"gold_loss":0.0,"damage_taken":11.0,"cards_obtained":["Madness","Madness"]}],"is_beta":false,"boss_relics":[{"not_picked":["Orrery","Eternal Feather"],"picked":"Nuclear Battery"},{"not_picked":["White Beast Statue","FrozenCore"],"picked":"Sozu"}],"items_purged_floors":[11,46],"is_endless":false,"potions_floor_spawned":[4,6,7,12,13,18,25,27,29,31,37,40,42],"killed_by":"Awakened One","ascension_level":20}