{"gold_per_floor":[113,44,64,74,92,92,17,17,17,17,36,36,36,36,36,140,140,159,147,147,147,158,158,173,173,223,223,237,253,267,277,277,381,381,397,415,415,415,415,415,468,468,468,98,98,111,0,12,12,12],"floor_reached":50,"playtime":5007,"items_purged":["Strike_B","Strike_B+1"],"score":459,"play_id":"ae667ef0-cd43-4360-b54e-8c20b653c26d","local_time":"20190227235249","is_ascension_mode":false,"campfire_choices":[{"floor":6.0,"key":"REST"},{"data":"Dualcast","floor":8.0,"key":"SMITH"},{"floor":15.0,"key":"REST"},{"floor":23.0,"key":"REST"},{"floor":25.0,"key":"REST"},{"data":"Redo","floor":27.0,"key":"SMITH"},{"floor":32.0,"key":"REST"},{"floor":40,"key":"REST"},{"floor":42,"key":"REST"},{"floor":45,"key":"REST"},{"data":"Lockon","floor":49,"key":"SMITH"}],"neow_cost":"PERCENT_DAMAGE","seed_source_timestamp":0,"circlet_count":0,"master_deck":["Strike_B+1","Strike_B+1","Defend_B+1","Defend_B+1","Zap","Dualcast+1","Defragment","Lockon+1","Redo+1","Ball Lightning","Genetic Algorithm","Conserve Battery","Echo Form","Cold Snap","Melter","Master of Strategy","Rip and Tear+1"],"special_seed":0,"relics":["Cracked Core","Meat on the Bone","White Beast Statue","Ornamental Fan","Centennial Puzzle","Lizard Tail","Molten Egg 2","FossilizedHelix","Vajra","Pen Nib","Red Mask"],"potions_floor_usage":[41,41,41,50,50,50],"damage_taken":[{"damage":1.0,"enemies":"Cultist","floor":1.0,"turns":3.0},{"damage":8.0,"enemies":"Small Slimes","floor":3.0,"turns":3.0},{"damage":1.0,"enemies":"2 Louse","floor":4.0,"turns":2.0},{"damage":14.0,"enemies":"2 Fungi Beasts","floor":5.0,"turns":3.0},{"damage":4.0,"enemies":"Looter","floor":11.0,"turns":3.0},{"damage":64.0,"enemies":"Hexaghost","floor":16.0,"turns":10.0},{"damage":10.0,"enemies":"Chosen","floor":18.0,"turns":4.0},{"damage":1.0,"enemies":"2 Thieves","floor":19.0,"turns":4.0},{"damage":23.0,"enemies":"Centurion and Healer","floor":22.0,"turns":9.0},{"damage":19.0,"enemies":"3 Cultists","floor":24.0,"turns":6.0},{"damage":29.0,"enemies":"Snake Plant","floor":28.0,"turns":5.0},{"damage":0.0,"enemies":"Sentry and Sphere","floor":29.0,"turns":3.0},{"damage":22.0,"enemies":"Snecko","floor":30.0,"turns":5.0},{"damage":15.0,"enemies":"Cultist and Chosen","floor":31.0,"turns":6.0},{"damage":41.0,"enemies":"Collector","floor":33.0,"turns":9.0},{"damage":15.0,"enemies":"3 Shapes","floor":35.0,"turns":5.0},{"damage":16,"enemies":"Orb Walker","floor":36,"turns":4},{"damage":112,"enemies":"2 Orb Walkers","floor":41,"turns":7},{"damage":9,"enemies":"4 Shapes","floor":46,"turns":6},{"damage":0,"enemies":"Transient","floor":48,"turns":5},{"damage":104,"enemies":"Awakened One","floor":50,"turns":14}],"seed_played":"4121054000076936440","potions_obtained":[{"floor":1.0,"key":"GamblersBrew"},{"floor":3.0,"key":"FearPotion"},{"floor":11.0,"key":"Ancient Potion"},{"floor":18.0,"key":"Block Potion"},{"floor":19.0,"key":"Poison Potion"},{"floor":22.0,"key":"SpeedPotion"},{"floor":24.0,"key":"Explosive Potion"},{"floor":28.0,"key":"FocusPotion"},{"floor":29.0,"key":"Explosive Potion"},{"floor":33.0,"key":"Energy Potion"},{"floor":35,"key":"GamblersBrew"},{"floor":36,"key":"SteroidPotion"},{"floor":41,"key":"LiquidBronze"},{"floor":46,"key":"FocusPotion"}],"is_trial":false,"path_per_floor":["$","$","M","?","?","?","?","?","?","T","?","?","M"],"character_chosen":"DEFECT","items_purchased":["Lockon","Pen Nib","Regen Potion","FearPotion"],"campfire_rested":8,"item_purchase_floors":[2,44,44,44],"current_hp_per_floor":[67,67,59,58,44,70,70,70,70,70,66,59,59,64,92,40,94,84,83,83,83,60,88,69,94,94,94,65,65,55,52,80,51,94,79,63,63,63,63,91,40,68,68,68,94,85,85,85,85,0],"gold":12,"neow_bonus":"TWENTY_PERCENT_HP_BONUS","is_prod":false,"is_daily":false,"chose_seed":false,"campfire_upgraded":3,"win_rate":0.0,"timestamp":1551307969,"path_taken":["M","?","M","M","M","R","?","R","T","$","?","?","$","?","R","BOSS","M","M","?","?","M","R","M","R","T","R","M","M","M","M","R","BOSS","M","M","?","?","?","R","?","R","T","$","R","M","?","?","R","BOSS"],"build_version":"2019-01-23","purchased_purges":2,"victory":false,"max_hp_per_floor":[89,89,89,89,89,89,89,89,89,89,89,89,89,94,94,94,94,94,94,94,94,94,94,94,94,94,94,94,94,94,94,94,94,94,94,94,94,94,94,94,94,94,94,94,94,94,94,94,94,94],"card_choices":[{"not_picked":["Auto Shields","Undo"],"picked":"Defragment","floor":1.0},{"not_picked":["Barrage","Beam Cell"],"picked":"Redo","floor":3.0},{"not_picked":["Rip and Tear","Streamline"],"picked":"Ball Lightning","floor":4.0},{"not_picked":["White Noise","Redo"],"picked":"Genetic Algorithm","floor":5.0},{"not_picked":["Stack","Steam"],"picked":"Conserve Battery","floor":11.0},{"not_picked":["Reboot","Amplify"],"picked":"Echo Form","floor":16.0},{"not_picked":["Doom and Gloom","Recycle+1"],"picked":"Cold Snap","floor":18.0},{"not_picked":["Reinforced Body","Streamline","Ball Lightning"],"picked":"SKIP","floor":19.0},{"not_picked":["Sunder","Sweeping Beam","Streamline"],"picked":"SKIP","floor":22.0},{"not_picked":["Steam","Double Energy"],"picked":"Melter","floor":24.0},{"not_picked":["Rainbow","Barrage","Beam Cell"],"picked":"SKIP","floor":28.0},{"not_picked":["Darkness","Cold Snap","Sweeping Beam"],"picked":"SKIP","floor":29.0},{"not_picked":["Stack","Meteor Strike","Barrage"],"picked":"SKIP","floor":30.0},{"not_picked":["Hologram","Compile Driver","Coolheaded"],"picked":"SKIP","floor":31.0},{"not_picked":["Hologram+1","Scrape","Aggregate"],"picked":"SKIP","floor":35},{"not_picked":["Compile Driver","Chill","Turbo"],"picked":"SKIP","floor":36},{"not_picked":["Flash of Steel","Violence"],"picked":"Master of Strategy","floor":38},{"not_picked":["Cold Snap+1","White Noise"],"picked":"Rip and Tear+1","floor":41},{"not_picked":["Lockon+1","Ball Lightning+1","Scrape+1"],"picked":"SKIP","floor":46},{"not_picked":["Barrage+1","Melter+1","Sweeping Beam+1"],"picked":"SKIP","floor":48},{"not_picked":["Barrage+1","Melter+1","Sweeping Beam+1"],"picked":"SKIP","floor":48}],"player_experience":101465,"relics_obtained":[{"floor":9.0,"key":"Meat on the Bone"},{"floor":26.0,"key":"Centennial Puzzle"},{"floor":39,"key":"Molten Egg 2"},{"floor":41,"key":"FossilizedHelix"},{"floor":43,"key":"Vajra"}],"event_choices":[{"cards_removed":["Defend_B"],"damage_healed":0.0,"max_hp_gain":0.0,"max_hp_loss":0.0,"gold_gain":0.0,"event_name":"Golden Wing","player_choice":"Card Removal","floor":12.0,"gold_loss":0.0,"damage_taken":7.0},{"damage_healed":0.0,"max_hp_gain":5.0,"max_hp_loss":0.0,"gold_gain":0.0,"event_name":"Big Fish","player_choice":"Donut","floor":14.0,"gold_loss":0.0,"damage_taken":0.0},{"damage_healed":0.0,"max_hp_gain":0.0,"max_hp_loss":0.0,"gold_gain":0.0,"event_name":"The Mausoleum","player_choice":"Opened","floor":20.0,"gold_loss":0.0,"damage_taken":0.0,"relics_obtained":["Ornamental Fan"]},{"damage_healed":0.0,"max_hp_gain":0.0,"max_hp_loss":0.0,"gold_gain":0.0,"event_name":"Back to Basics","player_choice":"Simplicity","floor":21.0,"gold_loss":0.0,"damage_taken":0.0,"cards_upgraded":["Strike_B","Strike_B","Strike_B","Defend_B","Defend_B","Defend_B"]},{"cards_removed":["Defend_B"],"damage_healed":0,"gold_gain":0,"player_choice":"Removed Skill","damage_taken":0,"max_hp_gain":0,"max_hp_loss":0,"event_name":"Falling","floor":37,"gold_loss":0},{"damage_healed":0,"gold_gain":0,"player_choice":"Memory 1","damage_taken":0,"max_hp_gain":0,"max_hp_loss":0,"event_name":"SensoryStone","floor":38,"gold_loss":0},{"damage_healed":0,"gold_gain":0,"player_choice":"Fight","damage_taken":0,"max_hp_gain":0,"max_hp_loss":0,"event_name":"Mysterious Sphere","floor":41,"gold_loss":0},{"damage_healed":0,"gold_gain":0,"player_choice":"Paid","damage_taken":0,"relics_obtained":["Red Mask"],"max_hp_gain":0,"max_hp_loss":0,"event_name":"Tomb of Lord Red Mask","floor":47,"gold_loss":111}],"is_beta":false,"boss_relics":[{"not_picked":["Fusion Hammer","Astrolabe"],"picked":"White Beast Statue"},{"not_picked":["Velvet Choker","Tiny House"],"picked":"Lizard Tail"}],"items_purged_floors":[7,44],"is_endless":false,"potions_floor_spawned":[1,3,11,18,19,22,24,28,29,30,31,33,35,36,41,46,48],"killed_by":"Awakened One","ascension_level":0}