{"gold_per_floor":[118,218,238,248,42,42,77,92,117,145,164,239,269,279,279,378,378,388,487,503,522,447,447,465,500,500,534,545,545,460,489,489,590,590,603,603,615,715,715,745,765,816,816,831,856,875,885,682,682,682,682,682,75,102,102],"floor_reached":56,"playtime":5745,"items_purged":["Strike_G","Strike_G","Strike_G"],"score":1417,"play_id":"ea8047ad-ce4f-408b-8e87-135b394db352","local_time":"20190709094444","is_ascension_mode":true,"campfire_choices":[{"data":"Deadly Poison","floor":6,"key":"SMITH"},{"data":"Deadly Poison","floor":15,"key":"SMITH"},{"data":"Wraith Form v2","floor":23,"key":"SMITH"},{"data":"Neutralize","floor":29,"key":"SMITH"},{"data":"Bullet Time","floor":32,"key":"SMITH"},{"floor":49,"key":"RECALL"},{"data":"Acrobatics","floor":52,"key":"SMITH"}],"neow_cost":"NONE","seed_source_timestamp":510244459474,"circlet_count":0,"master_deck":["Defend_G","Defend_G","Defend_G","Defend_G+1","Defend_G","Strike_G","Strike_G","Survivor","Neutralize+1","Blade Dance","Cloak And Dagger","Deadly Poison+1","Predator","Backflip","Bullet Time+1","Backflip","Deadly Poison+1","Wraith Form v2+1","Acrobatics+1","Acrobatics+1","PiercingWail+1","Predator","Dagger Spray+1","Bullet Time+1","Tools of the Trade","Crippling Poison","Reflex+1","Blade Dance+1","Tools of the Trade","Dash","Bouncing Flask+1","Dash","Bouncing Flask","Backflip+1"],"relics":["Cursed Key","Sling","Omamori","Bag of Preparation","War Paint","Dream Catcher","Coffee Dripper","Smiling Mask","Sundial","Incense Burner","Snecko Eye","Bird Faced Urn","Tough Bandages","Mango","Question Card","Oddly Smooth Stone","Art of War","Lee\u0027s Waffle","Bottled Lightning"],"potions_floor_usage":[13,18,24,25,31,33,41,41,54,55],"damage_taken":[{"damage":0,"enemies":"2 Louse","floor":1,"turns":3},{"damage":1,"enemies":"Cultist","floor":3,"turns":5},{"damage":4,"enemies":"Jaw Worm","floor":4,"turns":4},{"damage":11,"enemies":"Lagavulin","floor":7,"turns":5},{"damage":0,"enemies":"2 Fungi Beasts","floor":8,"turns":3},{"damage":3,"enemies":"3 Sentries","floor":10,"turns":7},{"damage":0,"enemies":"3 Louse","floor":11,"turns":2},{"damage":0,"enemies":"Lagavulin","floor":13,"turns":5},{"damage":0,"enemies":"Blue Slaver","floor":14,"turns":3},{"damage":13,"enemies":"Hexaghost","floor":16,"turns":9},{"damage":0,"enemies":"3 Byrds","floor":18,"turns":4},{"damage":0,"enemies":"Chosen","floor":20,"turns":4},{"damage":0,"enemies":"Snake Plant","floor":21,"turns":4},{"damage":0,"enemies":"Centurion and Healer","floor":24,"turns":5},{"damage":5,"enemies":"Book of Stabbing","floor":25,"turns":6},{"damage":3,"enemies":"Gremlin Leader","floor":27,"turns":8},{"damage":0,"enemies":"Snecko","floor":28,"turns":4},{"damage":0,"enemies":"Slavers","floor":31,"turns":4},{"damage":4,"enemies":"Collector","floor":33,"turns":9},{"damage":0,"enemies":"3 Darklings","floor":35,"turns":4},{"damage":8,"enemies":"3 Shapes","floor":37,"turns":3},{"damage":0,"enemies":"Mind Bloom Boss Battle","floor":38,"turns":7},{"damage":0,"enemies":"Reptomancer","floor":40,"turns":5},{"damage":1,"enemies":"Sphere and 2 Shapes","floor":41,"turns":4},{"damage":0,"enemies":"2 Orb Walkers","floor":42,"turns":4},{"damage":0,"enemies":"Jaw Worm Horde","floor":44,"turns":3},{"damage":18,"enemies":"Nemesis","floor":45,"turns":7},{"damage":0,"enemies":"3 Darklings","floor":46,"turns":4},{"damage":0,"enemies":"4 Shapes","floor":47,"turns":4},{"damage":13,"enemies":"Time Eater","floor":50,"turns":13},{"damage":12,"enemies":"Shield and Spear","floor":54,"turns":8},{"damage":4,"enemies":"The Heart","floor":55,"turns":11}],"seed_played":"3074156250257046583","potions_obtained":[{"floor":4,"key":"Weak Potion"},{"floor":10,"key":"GhostInAJar"},{"floor":11,"key":"Explosive Potion"},{"floor":14,"key":"EssenceOfSteel"},{"floor":20,"key":"Swift Potion"},{"floor":24,"key":"Weak Potion"},{"floor":27,"key":"GhostInAJar"},{"floor":33,"key":"EssenceOfSteel"},{"floor":37,"key":"Weak Potion"},{"floor":41,"key":"Strength Potion"},{"floor":45,"key":"LiquidBronze"},{"floor":46,"key":"Weak Potion"}],"is_trial":false,"path_per_floor":["?","M","?","?","?","?","?","T","?"],"character_chosen":"THE_SILENT","items_purchased":["Sling","Dash","Bouncing Flask","Oddly Smooth Stone","Art of War","Lee\u0027s Waffle","Block Potion"],"campfire_rested":0,"item_purchase_floors":[5,48,48,53,53,53,53],"current_hp_per_floor":[70,70,69,65,65,65,54,54,54,51,51,40,40,40,40,27,70,70,70,70,70,70,70,70,65,65,62,62,62,62,62,62,58,70,70,70,62,62,62,66,67,84,84,84,68,72,78,78,78,71,84,84,91,83,85],"gold":102,"neow_bonus":"BOSS_RELIC","is_prod":false,"is_daily":false,"chose_seed":false,"campfire_upgraded":6,"win_rate":0,"timestamp":1562658284,"path_taken":["M","?","?","M","$","R","E","M","T","E","M","?","E","M","R","BOSS","M","?","M","M","$","R","M","E","T","E","M","R","?","E","R","BOSS","M","?","M","?","?","E","M","?","T","M","E","M","M","$","R","BOSS","R","$","E","BOSS"],"build_version":"2019-01-23","purchased_purges":3,"victory":true,"max_hp_per_floor":[70,70,70,70,70,70,70,70,70,70,70,70,70,70,70,70,70,70,70,70,70,70,70,70,70,70,70,70,70,70,70,70,70,70,70,70,70,70,70,70,70,84,84,84,84,84,84,84,84,84,84,84,91,91,91],"card_choices":[{"not_picked":["Slice","Quick Slash"],"picked":"Blade Dance","floor":1},{"not_picked":["Flying Knee","Poisoned Stab"],"picked":"Cloak And Dagger","floor":3},{"not_picked":["Sucker Punch","Infinite Blades"],"picked":"Deadly Poison","floor":4},{"not_picked":["Dagger Spray","Poisoned Stab"],"picked":"Predator","floor":7},{"not_picked":["Eviscerate","Prepared"],"picked":"Backflip","floor":8},{"not_picked":["Underhanded Strike","Crippling Poison"],"picked":"Bullet Time","floor":10},{"not_picked":["Infinite Blades","Terror"],"picked":"Backflip","floor":11},{"not_picked":["Bane","Flechettes"],"picked":"Calculated Gamble","floor":13},{"not_picked":["Blade Dance","Dodge and Roll"],"picked":"Deadly Poison","floor":14},{"not_picked":["Night Terror","Grand Finale"],"picked":"Wraith Form v2","floor":16},{"not_picked":["Deflect+1","Cloak And Dagger"],"picked":"Acrobatics+1","floor":18},{"not_picked":["Flying Knee+1","Backflip"],"picked":"Acrobatics","floor":20},{"not_picked":["Eviscerate","Deflect","Poisoned Stab"],"picked":"SKIP","floor":21},{"not_picked":["Flying Knee","Sucker Punch"],"picked":"PiercingWail+1","floor":24},{"not_picked":["Dagger Spray","Slice+1"],"picked":"Predator","floor":25},{"not_picked":["Riddle With Holes","Deflect"],"picked":"Dagger Spray+1","floor":27},{"not_picked":["Bane","Outmaneuver","Acrobatics"],"picked":"SKIP","floor":28},{"not_picked":["Flying Knee","Cloak And Dagger"],"picked":"Bullet Time","floor":31},{"not_picked":["Bullet Time","Adrenaline"],"picked":"Tools of the Trade","floor":33},{"not_picked":["Escape Plan","Backflip+1"],"picked":"Crippling Poison","floor":35},{"not_picked":["Dagger Throw+1","Blade Dance","Outmaneuver"],"picked":"SKIP","floor":37},{"not_picked":["Blur","Bane"],"picked":"Reflex+1","floor":38},{"not_picked":["Adrenaline","Outmaneuver"],"picked":"Blade Dance+1","floor":40},{"not_picked":["Masterful Stab","Prepared","Bane"],"picked":"SKIP","floor":41},{"not_picked":["Flying Knee","Outmaneuver+1"],"picked":"Tools of the Trade","floor":44},{"not_picked":["Backstab","Terror+1","Outmaneuver"],"picked":"SKIP","floor":45},{"not_picked":["Flechettes","Dagger Throw+1","Sucker Punch"],"picked":"Dash","floor":46},{"not_picked":["Backstab","Backflip","Accuracy"],"picked":"Bouncing Flask+1","floor":47},{"not_picked":["Prepared","Cloak And Dagger","Eviscerate+1"],"picked":"Backflip+1","floor":54}],"player_experience":994338,"relics_obtained":[{"floor":7,"key":"Omamori"},{"floor":9,"key":"Bag of Preparation"},{"floor":10,"key":"War Paint"},{"floor":13,"key":"Dream Catcher"},{"floor":25,"key":"Smiling Mask"},{"floor":31,"key":"Incense Burner"},{"floor":38,"key":"Bird Faced Urn"},{"floor":40,"key":"Tough Bandages"},{"floor":42,"key":"Mango"},{"floor":45,"key":"Question Card"},{"floor":54,"key":"Bottled Lightning"}],"event_choices":[{"damage_healed":0,"gold_gain":100,"player_choice":"Pray","damage_taken":0,"max_hp_gain":0,"max_hp_loss":0,"event_name":"Golden Shrine","floor":2,"gold_loss":0},{"damage_healed":0,"gold_gain":75,"player_choice":"Gather Gold","damage_taken":11,"max_hp_gain":0,"max_hp_loss":0,"event_name":"World of Goop","floor":12,"gold_loss":0},{"damage_healed":0,"gold_gain":99,"player_choice":"Stole From Cult","damage_taken":0,"max_hp_gain":0,"max_hp_loss":0,"event_name":"Nest","floor":19,"gold_loss":0},{"damage_healed":0,"gold_gain":0,"player_choice":"Obtained Relic","damage_taken":0,"relics_obtained":["Sundial"],"max_hp_gain":0,"max_hp_loss":0,"event_name":"Addict","floor":30,"gold_loss":85},{"cards_removed":["Calculated Gamble"],"damage_healed":0,"gold_gain":0,"player_choice":"Removed Skill","damage_taken":0,"max_hp_gain":0,"max_hp_loss":0,"event_name":"Falling","floor":36,"gold_loss":0},{"damage_healed":0,"gold_gain":0,"player_choice":"Fight","damage_taken":0,"max_hp_gain":0,"max_hp_loss":0,"event_name":"MindBloom","floor":38,"gold_loss":0},{"damage_healed":0,"gold_gain":0,"player_choice":"Fight","damage_taken":0,"max_hp_gain":0,"max_hp_loss":0,"event_name":"Mysterious Sphere","floor":42,"gold_loss":0}],"is_beta":false,"boss_relics":[{"not_picked":["White Beast Statue","Black Star"],"picked":"Coffee Dripper"},{"not_picked":["Busted Crown","Calling Bell"],"picked":"Snecko Eye"}],"items_purged_floors":[22,48,53],"is_endless":false,"potions_floor_spawned":[4,10,11,14,20,24,27,33,37,41,45,46,47],"ascension_level":1}