{"gold_per_floor":[111,111,130,130,151,151,185,205,205,205,269,296,296,321,321,442,442,461,371,391,414,414,450,450,490,514,514,514,537,537,580,580,701,701,724,748,763,763,776,776,814,814,814,589,609,609,627,277,277,277,277,277,22,53,53],"floor_reached":56,"playtime":4152,"items_purged":["Strike_R","Strike_R"],"score":1256,"play_id":"32b3bed1-fb36-4ece-b24f-cf965d37dd8d","local_time":"20190621123453","is_ascension_mode":true,"campfire_choices":[{"data":"Metallicize","floor":6,"key":"SMITH"},{"floor":13,"key":"REST"},{"data":"Demon Form","floor":15,"key":"SMITH"},{"floor":24,"key":"REST"},{"data":"Uppercut","floor":28,"key":"SMITH"},{"data":"Bash","floor":30,"key":"SMITH"},{"floor":32,"key":"REST"},{"floor":40,"key":"RECALL"},{"floor":42,"key":"REST"},{"floor":46,"key":"REST"},{"floor":49,"key":"REST"},{"floor":52,"key":"REST"}],"neow_cost":"PERCENT_DAMAGE","seed_source_timestamp":14722874646931,"circlet_count":0,"master_deck":["Defend_R+1","Defend_R+1","Defend_R","Defend_R","Bash+1","Metallicize+1","Whirlwind+1","Clothesline","Demon Form+1","Shrug It Off","Juggernaut","Pommel Strike+1","Shockwave","Shrug It Off","Uppercut+1","Anger","Necronomicurse","Juggernaut","Sword Boomerang+1","Shockwave+1","Metallicize+1","Shrug It Off+1","Reaper"],"relics":["Burning Blood","Golden Idol","Mummified Hand","Gremlin Horn","Ancient Tea Set","Empty Cage","Kunai","Orichalcum","Happy Flower","Necronomicon","Omamori","Fusion Hammer","Strawberry","War Paint","Pear","Pantograph","Dodecahedron"],"potions_floor_usage":[7,7,16,23,39,55,55,55,55,55],"damage_taken":[{"damage":17,"enemies":"Jaw Worm","floor":1,"turns":5},{"damage":0,"enemies":"2 Louse","floor":3,"turns":4},{"damage":0,"enemies":"Small Slimes","floor":5,"turns":2},{"damage":71,"enemies":"Lagavulin","floor":7,"turns":13},{"damage":2,"enemies":"Exordium Thugs","floor":8,"turns":4},{"damage":12,"enemies":"Blue Slaver","floor":14,"turns":2},{"damage":27,"enemies":"The Guardian","floor":16,"turns":11},{"damage":9,"enemies":"3 Byrds","floor":18,"turns":7},{"damage":5,"enemies":"Chosen","floor":20,"turns":6},{"damage":12,"enemies":"Centurion and Healer","floor":21,"turns":4},{"damage":36,"enemies":"Colosseum Slavers","floor":22,"turns":5},{"damage":35,"enemies":"Book of Stabbing","floor":23,"turns":9},{"damage":11,"enemies":"Gremlin Leader","floor":25,"turns":4},{"damage":6,"enemies":"Snake Plant","floor":29,"turns":3},{"damage":4,"enemies":"Book of Stabbing","floor":31,"turns":4},{"damage":7,"enemies":"Champ","floor":33,"turns":8},{"damage":13,"enemies":"3 Shapes","floor":35,"turns":4},{"damage":15,"enemies":"3 Darklings","floor":36,"turns":4},{"damage":0,"enemies":"Transient","floor":37,"turns":5},{"damage":24,"enemies":"4 Shapes","floor":39,"turns":6},{"damage":18,"enemies":"Nemesis","floor":41,"turns":5},{"damage":10,"enemies":"3 Darklings","floor":45,"turns":3},{"damage":0,"enemies":"Sphere and 2 Shapes","floor":47,"turns":4},{"damage":60,"enemies":"Awakened One","floor":50,"turns":9},{"damage":37,"enemies":"Shield and Spear","floor":54,"turns":4},{"damage":103,"enemies":"The Heart","floor":55,"turns":11}],"seed_played":"-5710525650374586602","potions_obtained":[{"floor":1,"key":"Swift Potion"},{"floor":3,"key":"Dexterity Potion"},{"floor":7,"key":"Dexterity Potion"},{"floor":20,"key":"Fruit Juice"},{"floor":25,"key":"Fire Potion"},{"floor":31,"key":"SteroidPotion"},{"floor":37,"key":"Regen Potion"},{"floor":39,"key":"Ancient Potion"},{"floor":54,"key":"EntropicBrew"}],"is_trial":false,"path_per_floor":["?","?","?","?","T","M","?","M","?","?","?","M"],"character_chosen":"IRONCLAD","items_purchased":["War Paint","Pear","Pantograph"],"campfire_rested":7,"item_purchase_floors":[44,48,53],"current_hp_per_floor":[61,61,67,67,73,73,8,12,12,12,12,12,38,32,32,11,89,86,86,87,81,51,27,55,50,50,34,34,34,34,36,64,63,94,87,78,84,84,80,80,75,101,101,101,97,101,101,111,111,57,111,111,111,80,34],"gold":53,"neow_bonus":"TWENTY_PERCENT_HP_BONUS","is_prod":false,"is_daily":false,"chose_seed":false,"campfire_upgraded":4,"win_rate":0,"timestamp":1561113293,"path_taken":["M","?","M","?","M","R","E","M","T","?","?","?","R","?","R","BOSS","M","?","M","?","?","E","R","E","T","?","R","M","R","E","R","BOSS","M","M","M","?","?","R","E","R","T","$","M","R","M","$","R","BOSS","R","$","E","BOSS"],"build_version":"2019-01-23","purchased_purges":2,"victory":true,"max_hp_per_floor":[96,96,96,89,89,89,89,89,89,89,89,89,89,89,89,89,89,89,89,89,89,89,94,94,94,94,94,94,94,94,94,94,94,94,94,94,94,94,94,94,101,101,101,101,101,101,101,111,111,111,111,111,111,111,111],"card_choices":[{"not_picked":["True Grit","Havoc"],"picked":"Metallicize","floor":1},{"not_picked":["Heavy Blade","Flex"],"picked":"Whirlwind","floor":3},{"not_picked":["Heavy Blade","Sword Boomerang"],"picked":"Clothesline","floor":7},{"not_picked":["Warcry","Seeing Red"],"picked":"Demon Form","floor":8},{"not_picked":["Rupture","Intimidate"],"picked":"Shrug It Off","floor":14},{"not_picked":["Double Tap","Barricade"],"picked":"Juggernaut","floor":16},{"not_picked":["Armaments","Havoc+1"],"picked":"Pommel Strike+1","floor":18},{"not_picked":["Body Slam","Heavy Blade"],"picked":"Shockwave","floor":20},{"not_picked":["Wild Strike","Fiend Fire"],"picked":"Shrug It Off","floor":21},{"not_picked":["Fire Breathing","Dropkick+1"],"picked":"Uppercut","floor":23},{"not_picked":["Sword Boomerang","Pommel Strike"],"picked":"Anger","floor":25},{"not_picked":["Flex","Clash","Pommel Strike"],"picked":"SKIP","floor":29},{"not_picked":["Dark Embrace","Clash","Anger"],"picked":"SKIP","floor":31},{"not_picked":["Berserk","Brutality"],"picked":"Juggernaut","floor":33},{"not_picked":["Havoc+1","Iron Wave+1"],"picked":"Sword Boomerang+1","floor":35},{"not_picked":["Seeing Red","Sword Boomerang+1","Bloodletting"],"picked":"SKIP","floor":36},{"not_picked":["Twin Strike","True Grit","Sword Boomerang"],"picked":"SKIP","floor":37},{"not_picked":["Clothesline","Iron Wave+1"],"picked":"Shockwave+1","floor":39},{"not_picked":["Hemokinesis+1","Shockwave+1"],"picked":"Metallicize+1","floor":41},{"not_picked":["Reckless Charge","Wild Strike+1"],"picked":"Shrug It Off+1","floor":45},{"not_picked":["True Grit+1","Rampage+1","Shockwave"],"picked":"SKIP","floor":47},{"not_picked":["Battle Trance+1","Sword Boomerang"],"picked":"Reaper","floor":54}],"player_experience":853048,"relics_obtained":[{"floor":7,"key":"Mummified Hand"},{"floor":9,"key":"Gremlin Horn"},{"floor":12,"key":"Ancient Tea Set"},{"floor":23,"key":"Kunai"},{"floor":25,"key":"Orichalcum"},{"floor":26,"key":"Happy Flower"},{"floor":27,"key":"Necronomicon"},{"floor":31,"key":"Omamori"},{"floor":41,"key":"Strawberry"},{"floor":54,"key":"Dodecahedron"}],"event_choices":[{"damage_healed":0,"gold_gain":0,"player_choice":"Ignored","damage_taken":0,"max_hp_gain":0,"max_hp_loss":0,"event_name":"Liars Game","floor":2,"gold_loss":0},{"damage_healed":0,"gold_gain":0,"player_choice":"Lose Max HP","damage_taken":0,"relics_obtained":["Golden Idol"],"max_hp_gain":0,"max_hp_loss":7,"event_name":"Golden Idol","floor":4,"gold_loss":0},{"damage_healed":0,"gold_gain":0,"player_choice":"Searched \u00270\u0027 times","damage_taken":0,"max_hp_gain":0,"max_hp_loss":0,"event_name":"Dead Adventurer","floor":10,"gold_loss":0},{"damage_healed":0,"gold_gain":64,"player_choice":"Gained Gold","damage_taken":0,"max_hp_gain":0,"max_hp_loss":0,"event_name":"Golden Wing","floor":11,"gold_loss":0},{"cards_removed":["Strike_R"],"damage_healed":0,"gold_gain":0,"player_choice":"Upgrade and Remove","damage_taken":0,"max_hp_gain":0,"max_hp_loss":0,"event_name":"Designer","floor":19,"gold_loss":90,"cards_upgraded":["Whirlwind"]},{"damage_healed":0,"gold_gain":0,"player_choice":"Fight","damage_taken":0,"max_hp_gain":0,"max_hp_loss":0,"event_name":"Colosseum","floor":22,"gold_loss":0},{"damage_healed":0,"gold_gain":0,"player_choice":"Fled From Nobs","damage_taken":0,"max_hp_gain":0,"max_hp_loss":0,"event_name":"Colosseum","floor":22,"gold_loss":0},{"damage_healed":0,"gold_gain":0,"player_choice":"Obtained Book","damage_taken":16,"max_hp_gain":0,"max_hp_loss":0,"event_name":"Cursed Tome","floor":27,"gold_loss":0},{"damage_healed":0,"gold_gain":0,"player_choice":"Ignored","damage_taken":0,"max_hp_gain":0,"max_hp_loss":0,"event_name":"SecretPortal","floor":38,"gold_loss":0}],"is_beta":false,"boss_relics":[{"not_picked":["Runic Dome","Black Blood"],"picked":"Empty Cage"},{"not_picked":["Black Star","Orrery"],"picked":"Fusion Hammer"}],"items_purged_floors":[44,48],"is_endless":false,"potions_floor_spawned":[1,3,7,20,22,25,31,37,39,47,54],"ascension_level":1}