{"gold_per_floor":[114,133,133,63,77,104,133,145,183,227,239,267,204,132,132,231,231,249,249,263,263,263,263,263],"floor_reached":24,"playtime":1211,"items_purged":["Strike_G"],"score":204,"play_id":"5fbdcd7d-d792-4761-ba79-dc64c97476cf","local_time":"20190423023914","is_ascension_mode":false,"campfire_choices":[{"data":"Catalyst","floor":8,"key":"SMITH"},{"data":"Die Die Die","floor":11,"key":"SMITH"},{"data":"Bouncing Flask","floor":15,"key":"SMITH"},{"data":"RitualDagger","floor":23,"key":"SMITH"}],"neow_cost":"CURSE","seed_source_timestamp":53431810856717,"circlet_count":0,"master_deck":["Defend_G","Defend_G","Defend_G","Defend_G","Defend_G","Strike_G","Strike_G","Strike_G+1","Strike_G+1","Survivor","Neutralize","Clumsy","Deadly Poison","Dash","Catalyst+1","Die Die Die+1","Dodge and Roll","Noxious Fumes","Bouncing Flask+1","Burst","Deadly Poison","Terror","Predator","RitualDagger+1"],"relics":["Ring of the Snake","Gambling Chip","Potion Belt","MawBank","Whetstone","Ancient Tea Set","WristBlade"],"potions_floor_usage":[6,18,24],"damage_taken":[{"damage":0,"enemies":"Jaw Worm","floor":1,"turns":5},{"damage":1,"enemies":"Cultist","floor":2,"turns":5},{"damage":0,"enemies":"Small Slimes","floor":5,"turns":3},{"damage":30,"enemies":"Gremlin Nob","floor":6,"turns":4},{"damage":0,"enemies":"2 Fungi Beasts","floor":7,"turns":2},{"damage":9,"enemies":"3 Sentries","floor":10,"turns":8},{"damage":1,"enemies":"Looter","floor":12,"turns":2},{"damage":7,"enemies":"The Guardian","floor":16,"turns":5},{"damage":21,"enemies":"2 Thieves","floor":18,"turns":4},{"damage":10,"enemies":"Spheric Guardian","floor":20,"turns":3},{"damage":45,"enemies":"Slavers","floor":24,"turns":3}],"seed_played":"7113926739863051611","potions_obtained":[{"floor":1,"key":"LiquidBronze"},{"floor":6,"key":"AttackPotion"},{"floor":16,"key":"FairyPotion"},{"floor":20,"key":"GamblersBrew"}],"is_trial":false,"path_per_floor":["M","M","?","$","M","E","M","R","T","E","R","M","$","$","R","B",null,"M","?","M","?","?","R","E"],"character_chosen":"THE_SILENT","items_purchased":["Dash","Bouncing Flask"],"campfire_rested":0,"item_purchase_floors":[4,14],"current_hp_per_floor":[70,69,69,69,69,39,39,39,39,30,30,29,29,29,29,22,70,49,49,39,26,20,20,0],"gold":263,"neow_bonus":"ONE_RARE_RELIC","is_prod":false,"is_daily":false,"chose_seed":false,"campfire_upgraded":4,"win_rate":0,"timestamp":1556012354,"path_taken":["M","M","?","$","M","E","?","R","T","E","R","M","?","$","R","BOSS","M","?","M","?","?","R","E"],"build_version":"2019-04-21","purchased_purges":1,"victory":false,"max_hp_per_floor":[70,70,70,70,70,70,70,70,70,70,70,70,70,70,70,70,70,70,70,70,75,75,75,75],"card_choices":[{"not_picked":["Flying Knee","Deflect"],"picked":"PiercingWail","floor":1},{"not_picked":["Underhanded Strike","Finisher"],"picked":"Deadly Poison","floor":2},{"not_picked":["Bane","Cloak And Dagger"],"picked":"Catalyst","floor":5},{"not_picked":["Flying Knee","Slice"],"picked":"Die Die Die","floor":6},{"not_picked":["Acrobatics","Dagger Throw"],"picked":"Dodge and Roll","floor":7},{"not_picked":["All Out Attack","Outmaneuver","Distraction"],"picked":"SKIP","floor":10},{"not_picked":["Blade Dance","Bane"],"picked":"Noxious Fumes","floor":12},{"not_picked":["Venomology","A Thousand Cuts"],"picked":"Burst","floor":16},{"not_picked":["Deflect","Flechettes"],"picked":"Deadly Poison","floor":18},{"not_picked":["Quick Slash","Poisoned Stab"],"picked":"Predator","floor":20}],"player_experience":1070850,"relics_obtained":[{"floor":6,"key":"MawBank"},{"floor":9,"key":"Whetstone"},{"floor":10,"key":"Ancient Tea Set"}],"event_choices":[{"cards_removed":["PiercingWail"],"damage_healed":0,"gold_gain":0,"player_choice":"Gave Card","damage_taken":0,"relics_obtained":["Potion Belt"],"max_hp_gain":0,"max_hp_loss":0,"event_name":"WeMeetAgain","floor":3,"gold_loss":0},{"damage_healed":0,"gold_gain":0,"player_choice":"Read","damage_taken":0,"max_hp_gain":0,"max_hp_loss":0,"event_name":"The Library","floor":19,"gold_loss":0,"cards_obtained":["Terror"]},{"damage_healed":0,"gold_gain":0,"player_choice":"Shed Blood","damage_taken":18,"max_hp_gain":5,"max_hp_loss":0,"event_name":"Forgotten Altar","floor":21,"gold_loss":0},{"damage_healed":0,"gold_gain":0,"player_choice":"Joined the Cult","damage_taken":6,"max_hp_gain":0,"max_hp_loss":0,"event_name":"Nest","floor":22,"gold_loss":0,"cards_obtained":["RitualDagger"]}],"is_beta":true,"boss_relics":[{"not_picked":["Astrolabe","Runic Dome"],"picked":"WristBlade"}],"items_purged_floors":[13],"is_endless":false,"potions_floor_spawned":[1,6,16,20],"killed_by":"Slavers","ascension_level":0}