{"gold_per_floor":[119,138,151,170,170,170,205,17,96,58,69,69,69,87,87,184,184,199,199,209,31,47,47,81,81,111,26,60,60,73,88,88,191,241,253,253,271,289,85,85,105,5,74,74,89,89,119,119,119,119],"floor_reached":51,"playtime":3281,"items_purged":["Strike_B","Strike_B","Strike_B"],"score":778,"play_id":"70ef9b2f-a8a2-4a46-bff6-d7b17887ceba","local_time":"20190327100008","is_ascension_mode":true,"campfire_choices":[{"data":"Sweeping Beam","floor":6,"key":"SMITH"},{"floor":13,"key":"DIG"},{"floor":15,"key":"REST"},{"floor":23,"key":"REST"},{"floor":25,"key":"REST"},{"floor":29,"key":"DIG"},{"floor":32,"key":"REST"},{"floor":40,"key":"DIG"},{"data":"Apotheosis","floor":46,"key":"SMITH"},{"floor":49,"key":"REST"}],"neow_cost":"NONE","seed_source_timestamp":1051889405653,"circlet_count":0,"master_deck":["Strike_B","Defend_B","Defend_B","Defend_B","Defend_B","Zap","Dualcast","Sweeping Beam+1","Chill+1","Conserve Battery","Apotheosis+1","Defragment","Defragment","Genetic Algorithm","Machine Learning","Darkness+1","Loop","BootSequence","Redo+1","Melter+1","Coolheaded+1","Buffer","Machine Learning","Capacitor","Master of Strategy","Dark Shackles","Coolheaded","Cold Snap","Darkness+1","Buffer+1"],"relics":["Cracked Core","NlothsMask","Shovel","Orichalcum","Nuclear Battery","The Courier","Happy Flower","Regal Pillow","Tiny Chest","Anchor","Du-Vu Doll","Cables","Tiny House","Bag of Preparation","Potion Belt","Mummified Hand","Frozen Egg 2"],"potions_floor_usage":[7,16,24,24,28,31,50,50,50],"damage_taken":[{"damage":0,"enemies":"Small Slimes","floor":1,"turns":3},{"damage":1,"enemies":"Cultist","floor":2,"turns":3},{"damage":2,"enemies":"2 Louse","floor":3,"turns":2},{"damage":22,"enemies":"Large Slime","floor":4,"turns":7},{"damage":14,"enemies":"Gremlin Nob","floor":7,"turns":3},{"damage":0,"enemies":"3 Louse","floor":11,"turns":3},{"damage":5,"enemies":"Looter","floor":14,"turns":3},{"damage":20,"enemies":"The Guardian","floor":16,"turns":8},{"damage":22,"enemies":"Chosen","floor":18,"turns":5},{"damage":15,"enemies":"2 Thieves","floor":20,"turns":5},{"damage":21,"enemies":"Shelled Parasite and Fungi","floor":22,"turns":5},{"damage":34,"enemies":"Gremlin Leader","floor":24,"turns":6},{"damage":2,"enemies":"Book of Stabbing","floor":28,"turns":5},{"damage":5,"enemies":"Centurion and Healer","floor":30,"turns":7},{"damage":1,"enemies":"3 Cultists","floor":31,"turns":6},{"damage":8,"enemies":"Champ","floor":33,"turns":9},{"damage":0,"enemies":"3 Shapes","floor":35,"turns":6},{"damage":0,"enemies":"3 Darklings","floor":37,"turns":7},{"damage":18,"enemies":"Jaw Worm Horde","floor":38,"turns":8},{"damage":0,"enemies":"Maw","floor":41,"turns":7},{"damage":0,"enemies":"3 Darklings","floor":45,"turns":8},{"damage":0,"enemies":"Giant Head","floor":47,"turns":9},{"damage":13,"enemies":"Time Eater","floor":50,"turns":9}],"seed_played":"-7502742248464897140","potions_obtained":[{"floor":1,"key":"SpeedPotion"},{"floor":4,"key":"AttackPotion"},{"floor":7,"key":"LiquidBronze"},{"floor":16,"key":"LiquidBronze"},{"floor":18,"key":"LiquidBronze"},{"floor":22,"key":"FocusPotion"},{"floor":24,"key":"Poison Potion"},{"floor":28,"key":"Regen Potion"},{"floor":33,"key":"Swift Potion"},{"floor":34,"key":"SteroidPotion"},{"floor":35,"key":"LiquidBronze"},{"floor":45,"key":"GamblersBrew"}],"is_trial":false,"path_per_floor":["?","$","?","?","?","?","?","?"],"character_chosen":"DEFECT","items_purchased":["Apotheosis","Defragment","Happy Flower","Bag of Preparation"],"campfire_rested":5,"item_purchase_floors":[8,10,21,39],"current_hp_per_floor":[75,74,72,50,50,50,36,36,36,36,36,36,36,31,53,33,75,53,53,38,38,17,39,5,42,42,42,40,40,35,48,75,67,80,80,70,70,52,52,52,52,52,52,52,52,52,52,52,80,67],"gold":119,"neow_bonus":"THREE_CARDS","is_prod":false,"is_daily":false,"chose_seed":false,"campfire_upgraded":2,"win_rate":0,"timestamp":1553677208,"path_taken":["M","M","M","M","?","R","E","?","T","$","M","?","R","M","R","BOSS","M","?","M","$","M","R","E","R","T","?","E","R","M","M","R","BOSS","M","?","M","M","$","R","M","$","T","?","M","R","E","?","R","BOSS"],"build_version":"2019-01-23","purchased_purges":3,"victory":true,"max_hp_per_floor":[75,75,75,75,75,75,75,75,75,75,75,75,75,75,75,75,75,75,75,75,75,75,75,75,75,75,75,75,75,75,75,75,75,80,80,80,80,80,80,80,80,80,80,80,80,80,80,80,80,80],"card_choices":[{"not_picked":["Loop","Stack"],"picked":"Sweeping Beam","floor":1},{"not_picked":["Redo","Compile Driver","Steam"],"picked":"SKIP","floor":2},{"not_picked":["Tempest","Redo"],"picked":"Chill","floor":3},{"not_picked":["Beam Cell","Cold Snap"],"picked":"Ball Lightning","floor":4},{"not_picked":["Cold Snap","Amplify"],"picked":"Conserve Battery","floor":7},{"not_picked":["FTL","Consume"],"picked":"Defragment","floor":11},{"not_picked":["Barrage","Tempest"],"picked":"Genetic Algorithm","floor":14},{"not_picked":["Rainbow","All For One"],"picked":"Machine Learning","floor":16},{"not_picked":["Beam Cell","Conserve Battery"],"picked":"Darkness+1","floor":18},{"not_picked":["Reinforced Body","Steam Power+1"],"picked":"Loop","floor":20},{"not_picked":["Cold Snap","Sunder"],"picked":"BootSequence","floor":22},{"not_picked":["Barrage","Rebound"],"picked":"Redo+1","floor":24},{"not_picked":["Sunder","Darkness"],"picked":"Melter+1","floor":28},{"not_picked":["Go for the Eyes","Sweeping Beam"],"picked":"Coolheaded+1","floor":30},{"not_picked":["Stack","Fusion"],"picked":"Buffer","floor":31},{"not_picked":["Meteor Strike","Thunder Strike"],"picked":"Machine Learning","floor":33},{"not_picked":["Beam Cell+1","Conserve Battery"],"picked":"Capacitor","floor":34},{"not_picked":["Stack","Streamline+1","Melter+1"],"picked":"SKIP","floor":35},{"not_picked":["Thinking Ahead","Enlightenment"],"picked":"Master of Strategy","floor":36},{"not_picked":["PanicButton","Good Instincts"],"picked":"Dark Shackles","floor":36},{"not_picked":["Rebound+1","Stack"],"picked":"Coolheaded","floor":37},{"not_picked":["Beam Cell+1","Fusion+1"],"picked":"Cold Snap","floor":38},{"not_picked":["Compile Driver+1","Rebound","Beam Cell+1"],"picked":"SKIP","floor":41},{"not_picked":["Heatsinks+1","Redo"],"picked":"Darkness+1","floor":45},{"not_picked":["FTL","Go for the Eyes"],"picked":"Buffer","floor":47}],"player_experience":281048,"relics_obtained":[{"floor":7,"key":"Shovel"},{"floor":13,"key":"Orichalcum"},{"floor":24,"key":"Regal Pillow"},{"floor":26,"key":"Tiny Chest"},{"floor":28,"key":"Du-Vu Doll"},{"floor":29,"key":"Cables"},{"floor":40,"key":"Potion Belt"},{"floor":43,"key":"Mummified Hand"},{"floor":47,"key":"Frozen Egg 2"}],"event_choices":[{"damage_healed":0,"gold_gain":0,"player_choice":"Trade","damage_taken":0,"relics_obtained":["NlothsMask"],"max_hp_gain":0,"max_hp_loss":0,"event_name":"FaceTrader","floor":5,"gold_loss":0},{"damage_healed":0,"gold_gain":0,"player_choice":"Ignored","damage_taken":0,"max_hp_gain":0,"max_hp_loss":0,"event_name":"Shining Light","floor":12,"gold_loss":0},{"damage_healed":0,"gold_gain":0,"player_choice":"Opened","damage_taken":0,"relics_obtained":["The Courier"],"max_hp_gain":0,"max_hp_loss":0,"event_name":"The Mausoleum","floor":19,"gold_loss":0},{"damage_healed":0,"gold_gain":0,"player_choice":"Obtained Relic","damage_taken":0,"relics_obtained":["Anchor"],"max_hp_gain":0,"max_hp_loss":0,"event_name":"Addict","floor":27,"gold_loss":85},{"damage_healed":0,"gold_gain":0,"player_choice":"Memory 3","damage_taken":10,"max_hp_gain":0,"max_hp_loss":0,"event_name":"SensoryStone","floor":36,"gold_loss":0},{"cards_removed":["Ball Lightning"],"damage_healed":0,"gold_gain":0,"player_choice":"Removed Attack","damage_taken":0,"max_hp_gain":0,"max_hp_loss":0,"event_name":"Falling","floor":44,"gold_loss":0},{"damage_healed":0,"gold_gain":0,"player_choice":"Ignored","damage_taken":0,"max_hp_gain":0,"max_hp_loss":0,"event_name":"Mysterious Sphere","floor":48,"gold_loss":0}],"is_beta":false,"boss_relics":[{"not_picked":["Sozu","Black Star"],"picked":"Nuclear Battery"},{"not_picked":["Lizard Tail","Velvet Choker"],"picked":"Tiny House"}],"items_purged_floors":[21,39,42],"is_endless":false,"potions_floor_spawned":[1,4,7,16,18,22,24,28,33,35,37,45],"ascension_level":1}