{"gold_per_floor":[118,293,393,412,423,449,449,483,483,483,501,501,518,543,543,639,639,652,662,681,695,157,157,182,182,254,179,195,208,208,239,239,338,338,352,49,64,83,94,123,123,148,148,148,0,0,0,11,11,11],"floor_reached":51,"playtime":4885,"items_purged":["Doubt"],"score":839,"play_id":"b657220d-eb32-403d-9c8f-1883db0c2506","local_time":"20190519151329","is_ascension_mode":true,"campfire_choices":[{"data":"Defragment","floor":7.0,"key":"SMITH"},{"floor":10.0,"key":"REST"},{"floor":15.0,"key":"REST"},{"data":"Consume","floor":23.0,"key":"SMITH"},{"floor":25.0,"key":"REST"},{"floor":30,"key":"REST"},{"floor":32,"key":"REST"},{"floor":41,"key":"REST"},{"floor":47,"key":"REST"},{"floor":49,"key":"REST"}],"neow_cost":"NONE","seed_source_timestamp":0,"circlet_count":0,"master_deck":["Strike_B","Strike_B","Strike_B","Defend_B","Defend_B","Defend_B","Defend_B","Zap","Dualcast","Hologram","Defragment+1","Redo","Coolheaded","Cold Snap","Reinforced Body","Consume+1","Coolheaded","Barrage","Rainbow","Amplify","Heatsinks+1","Turbo","Undo","All For One","Hyperbeam","Capacitor","Turbo+1","Blizzard","Loop+1","Sunder","Sunder","Biased Cognition","Genetic Algorithm+1","White Noise+1","Echo Form","Loop+1","Self Repair+1"],"special_seed":0,"relics":["Cracked Core","NeowsBlessing","Matryoshka","Orichalcum","Dream Catcher","Pear","Mercury Hourglass","Du-Vu Doll","Ice Cream","Snecko Eye","Prayer Wheel","Bag of Marbles","Kunai","Oddly Smooth Stone","Velvet Choker","Dead Branch","Frozen Egg 2","Art of War","Red Mask"],"potions_floor_usage":[33,33,38],"damage_taken":[{"damage":0.0,"enemies":"Cultist","floor":1.0,"turns":1.0},{"damage":0.0,"enemies":"2 Louse","floor":4.0,"turns":1.0},{"damage":0.0,"enemies":"Small Slimes","floor":5.0,"turns":1.0},{"damage":42.0,"enemies":"Gremlin Nob","floor":6.0,"turns":5.0},{"damage":19.0,"enemies":"Lagavulin","floor":8.0,"turns":7.0},{"damage":2.0,"enemies":"Looter","floor":11.0,"turns":3.0},{"damage":8.0,"enemies":"3 Louse","floor":13.0,"turns":2.0},{"damage":9.0,"enemies":"Gremlin Nob","floor":14.0,"turns":4.0},{"damage":8.0,"enemies":"Slime Boss","floor":16.0,"turns":13.0},{"damage":2.0,"enemies":"Chosen","floor":18.0,"turns":4.0},{"damage":25.0,"enemies":"2 Thieves","floor":19.0,"turns":4.0},{"damage":6.0,"enemies":"Chosen and Byrds","floor":20.0,"turns":5.0},{"damage":13.0,"enemies":"Cultist and Chosen","floor":21.0,"turns":7.0},{"damage":9.0,"enemies":"Book of Stabbing","floor":24.0,"turns":8.0},{"damage":16.0,"enemies":"Sentry and Sphere","floor":28.0,"turns":4.0},{"damage":19,"enemies":"Centurion and Healer","floor":29,"turns":7},{"damage":25,"enemies":"Slavers","floor":31,"turns":5},{"damage":3,"enemies":"Champ","floor":33,"turns":8},{"damage":3,"enemies":"Orb Walker","floor":35,"turns":2},{"damage":34,"enemies":"3 Darklings","floor":37,"turns":5},{"damage":30,"enemies":"Transient","floor":38,"turns":5},{"damage":4,"enemies":"4 Shapes","floor":39,"turns":1},{"damage":8,"enemies":"Nemesis","floor":40,"turns":7},{"damage":16,"enemies":"Giant Head","floor":42,"turns":7},{"damage":2,"enemies":"Maw","floor":48,"turns":6},{"damage":44,"enemies":"Time Eater","floor":50,"turns":11}],"seed_played":"8936267741352897024","potions_obtained":[{"floor":1.0,"key":"SteroidPotion"},{"floor":8.0,"key":"EssenceOfSteel"},{"floor":13.0,"key":"SpeedPotion"},{"floor":18.0,"key":"AttackPotion"},{"floor":20.0,"key":"SteroidPotion"},{"floor":29,"key":"FocusPotion"},{"floor":35,"key":"Energy Potion"},{"floor":38,"key":"Strength Potion"}],"is_trial":false,"path_per_floor":["M","?","?","M","M","E","R","E","T","R","M","T","M","E","R","B",null,"M","M","M","M","$","R","E","R","T","?","M","M","R","E","R","B",null,"M","$","M","M","M","E","R","E","T","?","?","?","R","M","R","B",null],"character_chosen":"DEFECT","items_purchased":["All For One","Prayer Wheel","Dead Branch"],"campfire_rested":8,"item_purchase_floors":[22,22,36],"current_hp_per_floor":[75,75,75,75,75,33,33,14,24,49,47,47,39,30,55,47,85,83,58,52,39,39,39,30,55,55,55,39,20,45,20,45,42,85,82,82,48,18,14,6,31,15,15,15,15,15,40,38,63,29],"gold":11,"neow_bonus":"THREE_ENEMY_KILL","is_prod":false,"is_daily":false,"chose_seed":false,"campfire_upgraded":2,"win_rate":0,"timestamp":1558304009,"path_taken":["M","?","?","M","M","E","R","E","T","R","?","?","M","E","R","BOSS","M","M","?","M","$","R","E","R","T","?","M","M","R","E","R","BOSS","M","$","M","M","M","E","R","E","T","?","?","?","R","M","R","BOSS"],"build_version":"2019-01-23","purchased_purges":1,"victory":true,"max_hp_per_floor":[75,75,75,75,75,75,75,75,85,85,85,85,85,85,85,85,85,85,85,85,85,85,85,85,85,85,85,85,85,85,85,85,85,85,85,85,85,85,85,85,85,85,85,85,85,85,85,85,85,85],"card_choices":[{"not_picked":["Heatsinks","Stack"],"picked":"Hologram","floor":1.0},{"not_picked":["Leap","Chaos"],"picked":"Defragment","floor":4.0},{"not_picked":["Hologram","Chaos"],"picked":"Redo","floor":5.0},{"not_picked":["Redo","Aggregate"],"picked":"Coolheaded","floor":6.0},{"not_picked":["Rebound","Rip and Tear"],"picked":"Cold Snap","floor":8.0},{"not_picked":["Beam Cell","Rebound"],"picked":"Reinforced Body","floor":10.0},{"not_picked":["Thunder Strike","Coolheaded"],"picked":"Consume","floor":11.0},{"not_picked":["Leap","Conserve Battery"],"picked":"Coolheaded","floor":13.0},{"not_picked":["White Noise","Steam"],"picked":"Barrage","floor":14.0},{"not_picked":["Steam","Cold Snap"],"picked":"Rainbow","floor":15.0},{"not_picked":["Reboot","Fission"],"picked":"Amplify","floor":16.0},{"not_picked":["Beam Cell","Barrage"],"picked":"Heatsinks+1","floor":18.0},{"not_picked":["Go for the Eyes","Rebound","Auto Shields+1"],"picked":"SKIP","floor":19.0},{"not_picked":["Rip and Tear+1","Streamline"],"picked":"Turbo","floor":20.0},{"not_picked":["Static Discharge","Gash+1"],"picked":"Undo","floor":21.0},{"not_picked":["Darkness+1","Steam"],"picked":"Hyperbeam","floor":24.0},{"not_picked":["Leap","Storm"],"picked":"Capacitor","floor":25.0},{"not_picked":["Streamline","Stack"],"picked":"Turbo+1","floor":28.0},{"not_picked":["Hologram+1","Doom and Gloom"],"picked":"Blizzard","floor":28.0},{"not_picked":["Steam","Defragment"],"picked":"Loop+1","floor":29},{"not_picked":["Fusion","Hologram","Beam Cell"],"picked":"SKIP","floor":29},{"not_picked":["Rainbow","Cold Snap"],"picked":"Sunder","floor":30},{"not_picked":["Skim+1","Streamline"],"picked":"Sunder","floor":31},{"not_picked":["Hyperbeam","Core Surge"],"picked":"Biased Cognition","floor":33},{"not_picked":["Rebound","Doom and Gloom+1","Rip and Tear"],"picked":"SKIP","floor":35},{"not_picked":["Melter","Steam+1","Scrape"],"picked":"SKIP","floor":35},{"not_picked":["Barrage+1","FTL+1"],"picked":"Genetic Algorithm+1","floor":37},{"not_picked":["Ball Lightning+1","Lockon","Coolheaded"],"picked":"SKIP","floor":37},{"not_picked":["Melter","Beam Cell"],"picked":"White Noise+1","floor":38},{"not_picked":["Gash","Hologram+1","Redo"],"picked":"SKIP","floor":38},{"not_picked":["Streamline+1","Rebound"],"picked":"Echo Form","floor":39},{"not_picked":["Recycle+1","Fusion","Go for the Eyes+1"],"picked":"SKIP","floor":39},{"not_picked":["Defragment","Sweeping Beam","Ball Lightning"],"picked":"SKIP","floor":40},{"not_picked":["Ball Lightning+1","Gash"],"picked":"Loop+1","floor":41},{"not_picked":["Hologram+1","Steam+1","Consume"],"picked":"SKIP","floor":42},{"not_picked":["Gash+1","Stack"],"picked":"Self Repair+1","floor":48},{"not_picked":["White Noise+1","Sweeping Beam+1","Leap"],"picked":"SKIP","floor":48}],"player_experience":124167,"relics_obtained":[{"floor":6.0,"key":"Matryoshka"},{"floor":8.0,"key":"Orichalcum"},{"floor":9.0,"key":"Dream Catcher"},{"floor":9.0,"key":"Pear"},{"floor":12.0,"key":"Mercury Hourglass"},{"floor":12.0,"key":"Du-Vu Doll"},{"floor":14.0,"key":"Ice Cream"},{"floor":24.0,"key":"Bag of Marbles"},{"floor":26.0,"key":"Kunai"},{"floor":31,"key":"Oddly Smooth Stone"},{"floor":40,"key":"Frozen Egg 2"},{"floor":42,"key":"Art of War"}],"event_choices":[{"damage_healed":0.0,"max_hp_gain":0.0,"max_hp_loss":0.0,"gold_gain":175.0,"event_name":"Liars Game","player_choice":"AGREE","floor":2.0,"gold_loss":0.0,"damage_taken":0.0,"cards_obtained":["Doubt"]},{"damage_healed":0.0,"max_hp_gain":0.0,"max_hp_loss":0.0,"gold_gain":100.0,"event_name":"Golden Shrine","player_choice":"Pray","floor":3.0,"gold_loss":0.0,"damage_taken":0.0},{"cards_removed":["Strike_B"],"damage_healed":0.0,"max_hp_gain":0.0,"max_hp_loss":0.0,"gold_gain":0.0,"event_name":"Beggar","player_choice":"Gave Gold","floor":27.0,"gold_loss":75.0,"damage_taken":0.0},{"damage_healed":0,"gold_gain":0,"player_choice":"Ignored","damage_taken":0,"max_hp_gain":0,"max_hp_loss":0,"event_name":"Mysterious Sphere","floor":44,"gold_loss":0},{"damage_healed":0,"gold_gain":0,"player_choice":"Paid","damage_taken":0,"relics_obtained":["Red Mask"],"max_hp_gain":0,"max_hp_loss":0,"event_name":"Tomb of Lord Red Mask","floor":45,"gold_loss":148},{"damage_healed":0,"gold_gain":0,"player_choice":"Memory 1","damage_taken":0,"max_hp_gain":0,"max_hp_loss":0,"event_name":"SensoryStone","floor":46,"gold_loss":0}],"is_beta":false,"boss_relics":[{"not_picked":["Empty Cage","Sozu"],"picked":"Snecko Eye"},{"not_picked":["Black Star","Fusion Hammer"],"picked":"Velvet Choker"}],"items_purged_floors":[22],"is_endless":false,"potions_floor_spawned":[1,8,13,18,20,24,29,31,35,38],"ascension_level":2}