{"gold_per_floor":[113,123,134,134,150,150,182,182,182,209,232,232,250,260,260,365,365,375,300,61,8,18,18,18,18,18,28,44,44,71,71,71,174,174,191,15,15,34,54,54,89,107,188,188],"floor_reached":44,"playtime":3606,"items_purged":[],"score":691,"play_id":"54fc4c17-8a71-4625-ab04-331057cbabcb","local_time":"20190416134126","is_ascension_mode":true,"campfire_choices":[{"data":"Sweeping Beam","floor":6,"key":"SMITH"},{"data":"White Noise","floor":8,"key":"SMITH"},{"data":"Dualcast","floor":12,"key":"SMITH"},{"data":"Coolheaded","floor":15,"key":"SMITH"},{"data":"Electrodynamics","floor":23,"key":"SMITH"},{"data":"Consume","floor":29,"key":"SMITH"},{"floor":32,"key":"REST"},{"floor":40,"key":"REST"}],"neow_cost":"NONE","seed_source_timestamp":103020838364042,"circlet_count":0,"master_deck":["Strike_B","Strike_B","Strike_B","Defend_B","Defend_B","Defend_B","Defend_B","Zap+1","Dualcast+1","Conserve Battery","Undo","Sweeping Beam+1","White Noise+1","Coolheaded+1","Conserve Battery","Electrodynamics+1","Consume+1","Coolheaded+1","Conserve Battery+1","Meteor Strike","Go for the Eyes+1","Chrysalis+1","Glacier+1"],"relics":["Cracked Core","Letter Opener","Shuriken","Singing Bowl","Centennial Puzzle","Sozu","Toxic Egg 2","PreservedInsect","Nunchaku","Busted Crown","Potion Belt","Blue Candle"],"potions_floor_usage":[28],"damage_taken":[{"damage":1,"enemies":"Cultist","floor":1,"turns":4},{"damage":7,"enemies":"Jaw Worm","floor":2,"turns":3},{"damage":2,"enemies":"Small Slimes","floor":3,"turns":4},{"damage":1,"enemies":"Looter","floor":5,"turns":4},{"damage":10,"enemies":"Gremlin Nob","floor":7,"turns":4},{"damage":10,"enemies":"3 Sentries","floor":10,"turns":6},{"damage":0,"enemies":"Exordium Thugs","floor":13,"turns":3},{"damage":0,"enemies":"Gremlin Gang","floor":14,"turns":1},{"damage":16,"enemies":"The Guardian","floor":16,"turns":14},{"damage":0,"enemies":"Chosen","floor":18,"turns":4},{"damage":9,"enemies":"Shell Parasite","floor":22,"turns":5},{"damage":2,"enemies":"Centurion and Healer","floor":27,"turns":3},{"damage":4,"enemies":"Snake Plant","floor":28,"turns":3},{"damage":0,"enemies":"Book of Stabbing","floor":30,"turns":4},{"damage":16,"enemies":"Collector","floor":33,"turns":11},{"damage":7,"enemies":"3 Shapes","floor":35,"turns":3},{"damage":17,"enemies":"3 Darklings","floor":38,"turns":3},{"damage":22,"enemies":"Writhing Mass","floor":39,"turns":7},{"damage":63,"enemies":"Giant Head","floor":41,"turns":10},{"damage":0,"enemies":"Transient","floor":42,"turns":5},{"damage":16,"enemies":"Spire Growth","floor":44,"turns":2}],"seed_played":"938384950318978393","potions_obtained":[{"floor":1,"key":"Energy Potion"},{"floor":3,"key":"EssenceOfSteel"},{"floor":5,"key":"AttackPotion"},{"floor":13,"key":"Energy Potion"}],"is_trial":false,"path_per_floor":["M","?","T","M","?","$","?","?","$","?","M"],"character_chosen":"DEFECT","items_purchased":["Toxic Egg 2","Coolheaded+1","Chrysalis+1"],"campfire_rested":2,"item_purchase_floors":[20,21,36],"current_hp_per_floor":[74,67,65,65,64,64,54,54,54,46,46,46,46,46,46,30,71,71,71,71,71,64,64,47,47,47,47,45,45,45,45,73,57,86,79,79,79,64,44,73,10,12,12,0],"gold":188,"neow_bonus":"TEN_PERCENT_HP_BONUS","is_prod":false,"is_daily":false,"chose_seed":false,"campfire_upgraded":6,"win_rate":0,"timestamp":1555414886,"path_taken":["M","M","?","?","M","R","E","R","T","E","?","R","?","M","R","BOSS","M","?","?","$","M","R","?","?","T","M","M","R","E","?","R","BOSS","M","$","?","?","M","R","E","M","T","M"],"build_version":"2019-01-23","purchased_purges":0,"victory":false,"max_hp_per_floor":[82,82,82,82,82,82,82,82,82,84,84,84,84,84,84,84,84,84,84,84,84,86,86,91,91,91,93,95,95,95,95,95,95,95,95,95,95,97,99,99,99,101,101,101],"card_choices":[{"not_picked":["Lockon","Leap","Reprogram"],"picked":"SKIP","floor":1},{"not_picked":["Rebound","Double Energy"],"picked":"Conserve Battery","floor":2},{"not_picked":["Streamline","Leap"],"picked":"Undo","floor":3},{"not_picked":["Barrage","Scrape"],"picked":"Sweeping Beam","floor":5},{"not_picked":["Double Energy","Undo"],"picked":"White Noise","floor":7},{"not_picked":["BootSequence","Beam Cell","Fusion"],"picked":"Singing Bowl","floor":10},{"not_picked":["Genetic Algorithm","Lockon"],"picked":"Coolheaded","floor":13},{"not_picked":["Hologram","Fusion"],"picked":"Conserve Battery","floor":14},{"not_picked":["Rainbow","Core Surge"],"picked":"Electrodynamics","floor":16},{"not_picked":["Compile Driver","Redo+1"],"picked":"Consume","floor":18},{"not_picked":["Barrage","Streamline","Leap+1"],"picked":"Singing Bowl","floor":22},{"not_picked":["Leap+1","Turbo+1","Ball Lightning"],"picked":"Singing Bowl","floor":27},{"not_picked":["Sunder","Gash","Rebound"],"picked":"Singing Bowl","floor":28},{"not_picked":["BootSequence+1","Cold Snap"],"picked":"Conserve Battery+1","floor":30},{"not_picked":["All For One","Amplify+1"],"picked":"Meteor Strike","floor":33},{"not_picked":[],"picked":"Go for the Eyes+1","floor":35},{"not_picked":["Hologram+1"],"picked":"Singing Bowl","floor":38},{"not_picked":["Rip and Tear+1"],"picked":"Singing Bowl","floor":39},{"not_picked":[],"picked":"Glacier+1","floor":41},{"not_picked":["Hologram+1"],"picked":"Singing Bowl","floor":42}],"player_experience":470273,"relics_obtained":[{"floor":7,"key":"Letter Opener"},{"floor":9,"key":"Shuriken"},{"floor":10,"key":"Singing Bowl"},{"floor":11,"key":"Centennial Puzzle"},{"floor":26,"key":"PreservedInsect"},{"floor":30,"key":"Nunchaku"},{"floor":41,"key":"Potion Belt"},{"floor":43,"key":"Blue Candle"}],"event_choices":[{"damage_healed":0,"gold_gain":0,"player_choice":"Grow","damage_taken":0,"max_hp_gain":0,"max_hp_loss":0,"event_name":"Living Wall","floor":4,"gold_loss":0,"cards_upgraded":["Zap"]},{"cards_removed":["Strike_B"],"damage_healed":0,"gold_gain":0,"player_choice":"Gave Gold","damage_taken":0,"max_hp_gain":0,"max_hp_loss":0,"event_name":"Beggar","floor":19,"gold_loss":75},{"damage_healed":0,"gold_gain":0,"player_choice":"Shed Blood","damage_taken":22,"max_hp_gain":5,"max_hp_loss":0,"event_name":"Forgotten Altar","floor":24,"gold_loss":0},{"damage_healed":0,"gold_gain":0,"player_choice":"Ignored","damage_taken":0,"max_hp_gain":0,"max_hp_loss":0,"event_name":"Ghosts","floor":25,"gold_loss":0},{"damage_healed":0,"gold_gain":0,"player_choice":"Ignored","damage_taken":0,"max_hp_gain":0,"max_hp_loss":0,"event_name":"SecretPortal","floor":37,"gold_loss":0}],"is_beta":false,"boss_relics":[{"not_picked":["Black Star","Empty Cage"],"picked":"Sozu"},{"not_picked":["Runic Pyramid","Pandora\u0027s Box"],"picked":"Busted Crown"}],"items_purged_floors":[],"is_endless":false,"potions_floor_spawned":[1,3,5,13,18,22,28,41,42],"killed_by":"Spire Growth","ascension_level":7}