{"gold_per_floor":[116,127,127,47,47,86,86,126,178,178,192,222,246,53,53,183,183,183,183,183,183,183,108,108,108,108,108,108,108,108,108,108,108,108,108,108,108,108,9,9,9],"floor_reached":41,"playtime":3915,"items_purged":["Strike_B","Strike_B"],"score":523,"play_id":"275931ed-d4ee-4d58-bf67-5e0547c34282","local_time":"20190510113956","is_ascension_mode":true,"campfire_choices":[{"data":"Zap","floor":7,"key":"SMITH"},{"data":"Dualcast","floor":10,"key":"SMITH"},{"data":"Defragment","floor":15,"key":"SMITH"},{"data":"Doom and Gloom","floor":24,"key":"SMITH"},{"data":"Conserve Battery","floor":29,"key":"SMITH"},{"floor":32,"key":"REST"},{"data":"Panacea","floor":40,"key":"SMITH"}],"neow_cost":"NONE","seed_source_timestamp":5787766446068,"circlet_count":0,"master_deck":["Strike_B","Defend_B","Defend_B","Defend_B","Defend_B","Zap+1","Dualcast+1","Gash","Doom and Gloom+1","Seek","BootSequence","Defragment+1","Chill","Panacea+1","Conserve Battery+1","Rainbow","Cold Snap+1","Chaos+1","Leap+1","Echo Form","Gash","Undo","Consume+1","Hyperbeam","Coolheaded","Conserve Battery+1","Ball Lightning"],"relics":["Cracked Core","NeowsBlessing","Golden Idol","Bag of Marbles","Ancient Tea Set","Smiling Mask","Symbiotic Virus","Ectoplasm","Vajra","Lantern","White Beast Statue"],"potions_floor_usage":[8,8,33,33,35,41],"damage_taken":[{"damage":0,"enemies":"Small Slimes","floor":1,"turns":1},{"damage":0,"enemies":"2 Louse","floor":2,"turns":1},{"damage":0,"enemies":"Gremlin Nob","floor":6,"turns":1},{"damage":11,"enemies":"Lagavulin","floor":8,"turns":5},{"damage":0,"enemies":"Cultist","floor":11,"turns":2},{"damage":0,"enemies":"3 Louse","floor":13,"turns":1},{"damage":28,"enemies":"Hexaghost","floor":16,"turns":8},{"damage":5,"enemies":"Chosen","floor":18,"turns":5},{"damage":0,"enemies":"Spheric Guardian","floor":19,"turns":4},{"damage":3,"enemies":"Centurion and Healer","floor":20,"turns":4},{"damage":6,"enemies":"Snake Plant","floor":21,"turns":4},{"damage":14,"enemies":"Book of Stabbing","floor":25,"turns":6},{"damage":0,"enemies":"Snecko","floor":27,"turns":4},{"damage":10,"enemies":"Centurion and Healer","floor":28,"turns":3},{"damage":0,"enemies":"Chosen and Byrds","floor":30,"turns":5},{"damage":0,"enemies":"Snake Plant","floor":31,"turns":4},{"damage":0,"enemies":"Champ","floor":33,"turns":13},{"damage":14,"enemies":"3 Darklings","floor":35,"turns":5},{"damage":0,"enemies":"3 Shapes","floor":37,"turns":1},{"damage":87,"enemies":"Giant Head","floor":41,"turns":10}],"seed_played":"4062498013769859771","potions_obtained":[{"floor":5,"key":"SkillPotion"},{"floor":5,"key":"SpeedPotion"},{"floor":5,"key":"Strength Potion"},{"floor":11,"key":"Fire Potion"},{"floor":13,"key":"Explosive Potion"},{"floor":33,"key":"SpeedPotion"},{"floor":35,"key":"SteroidPotion"},{"floor":37,"key":"Swift Potion"}],"is_trial":false,"path_per_floor":["?","?","M","?","$","?","?","?","?"],"character_chosen":"DEFECT","items_purchased":["Doom and Gloom","Panacea","Conserve Battery","Ball Lightning"],"campfire_rested":1,"item_purchase_floors":[4,14,14,39],"current_hp_per_floor":[75,75,57,57,57,57,57,46,46,46,46,46,46,46,46,18,75,70,70,67,61,61,61,61,47,47,47,37,37,37,37,59,59,75,61,61,61,61,61,61,0],"gold":9,"neow_bonus":"THREE_ENEMY_KILL","is_prod":false,"is_daily":false,"chose_seed":false,"campfire_upgraded":6,"win_rate":0,"timestamp":1557481196,"path_taken":["M","M","?","$","?","E","R","E","T","R","?","?","M","?","R","BOSS","M","M","M","M","?","?","R","E","T","M","M","R","M","M","R","BOSS","M","?","M","?","$","R","E"],"build_version":"2019-01-23","purchased_purges":2,"victory":false,"max_hp_per_floor":[75,75,75,75,75,75,75,75,75,75,75,75,75,75,75,75,75,75,75,75,75,75,75,75,75,75,75,75,75,75,75,75,75,75,75,75,75,75,75,75,75],"card_choices":[{"not_picked":["Compile Driver","Blizzard","Beam Cell"],"picked":"SKIP","floor":1},{"not_picked":["Steam","Go for the Eyes"],"picked":"Gash","floor":2},{"not_picked":["Skim","Streamline"],"picked":"Seek","floor":6},{"not_picked":["FTL","Go for the Eyes"],"picked":"BootSequence","floor":8},{"not_picked":["Beam Cell","Ball Lightning"],"picked":"Defragment","floor":11},{"not_picked":["Fusion","Double Energy"],"picked":"Chill","floor":13},{"not_picked":["Meteor Strike","All For One"],"picked":"Rainbow","floor":16},{"not_picked":["Go for the Eyes+1","Streamline+1"],"picked":"Cold Snap+1","floor":18},{"not_picked":["Steam","Beam Cell"],"picked":"Chaos+1","floor":19},{"not_picked":["Rainbow","Beam Cell"],"picked":"Leap+1","floor":20},{"not_picked":["Ball Lightning","Sunder+1"],"picked":"Echo Form","floor":21},{"not_picked":["Streamline","Gash+1"],"picked":"Cold Snap+1","floor":25},{"not_picked":["Turbo","Barrage"],"picked":"Gash","floor":27},{"not_picked":["Scrape","Lockon","Compile Driver"],"picked":"SKIP","floor":28},{"not_picked":["Leap","Turbo"],"picked":"Undo","floor":30},{"not_picked":["Force Field+1","Turbo"],"picked":"Consume+1","floor":31},{"not_picked":["Reboot","Rainbow"],"picked":"Hyperbeam","floor":33},{"not_picked":["Steam Power","Stack+1"],"picked":"Coolheaded","floor":35},{"not_picked":["Redo","Rebound"],"picked":"Conserve Battery+1","floor":37}],"player_experience":623819,"relics_obtained":[{"floor":6,"key":"Bag of Marbles"},{"floor":8,"key":"Ancient Tea Set"},{"floor":9,"key":"Smiling Mask"},{"floor":25,"key":"Vajra"},{"floor":26,"key":"Lantern"}],"event_choices":[{"damage_healed":0,"gold_gain":0,"player_choice":"Take Damage","damage_taken":18,"relics_obtained":["Golden Idol"],"max_hp_gain":0,"max_hp_loss":0,"event_name":"Golden Idol","floor":3,"gold_loss":0},{"damage_healed":0,"gold_gain":0,"player_choice":"Got Potions","damage_taken":0,"max_hp_gain":0,"max_hp_loss":0,"event_name":"Lab","floor":5,"gold_loss":0},{"damage_healed":0,"gold_gain":30,"player_choice":"Searched \u00272\u0027 times","damage_taken":0,"relics_obtained":["Symbiotic Virus"],"max_hp_gain":0,"max_hp_loss":0,"event_name":"Dead Adventurer","floor":12,"gold_loss":0},{"damage_healed":0,"gold_gain":0,"player_choice":"Ignored","damage_taken":0,"max_hp_gain":0,"max_hp_loss":0,"event_name":"Vampires","floor":22,"gold_loss":0},{"cards_removed":["Strike_B"],"damage_healed":0,"gold_gain":0,"player_choice":"Gave Gold","damage_taken":0,"max_hp_gain":0,"max_hp_loss":0,"event_name":"Beggar","floor":23,"gold_loss":75},{"cards_removed":["Cold Snap"],"damage_healed":0,"gold_gain":0,"player_choice":"Removed Attack","damage_taken":0,"max_hp_gain":0,"max_hp_loss":0,"event_name":"Falling","floor":36,"gold_loss":0},{"damage_healed":0,"gold_gain":0,"player_choice":"Ignored","damage_taken":0,"max_hp_gain":0,"max_hp_loss":0,"event_name":"Mysterious Sphere","floor":38,"gold_loss":0}],"is_beta":false,"boss_relics":[{"not_picked":["Fusion Hammer","Runic Pyramid"],"picked":"Ectoplasm"},{"not_picked":["Velvet Choker","Coffee Dripper"],"picked":"White Beast Statue"}],"items_purged_floors":[14,39],"is_endless":false,"potions_floor_spawned":[11,13,16,18,19,28,30,33,35,37],"killed_by":"Giant Head","ascension_level":1}