{"gold_per_floor":[119,131,149,162,174,174,207,207,207,247,277,289,330,342,354,462,474,506,518,555,567,504,549,561,598,610,622,646,677,266,282,282,386,386,397,397,497,245,245,245,279,297,297,331,348,348,348,359,359,359],"floor_reached":50,"playtime":7795,"items_purged":["Strike_G","Strike_G"],"score":982,"play_id":"3e0ca2f2-a391-41d1-8626-898ef5efe3b4","local_time":"20190530102540","is_ascension_mode":true,"campfire_choices":[{"data":"Noxious Fumes","floor":6,"key":"SMITH"},{"data":"Cloak And Dagger","floor":8,"key":"SMITH"},{"data":"Neutralize","floor":12,"key":"SMITH"},{"data":"Deadly Poison","floor":15,"key":"SMITH"},{"data":"Adrenaline","floor":24,"key":"SMITH"},{"floor":27,"key":"REST"},{"floor":32,"key":"REST"},{"floor":40,"key":"RECALL"},{"floor":47,"key":"REST"},{"data":"Footwork","floor":49,"key":"SMITH"}],"neow_cost":"NONE","seed_source_timestamp":1550117729167,"circlet_count":0,"master_deck":["AscendersBane","Defend_G","Defend_G","Defend_G","Defend_G","Survivor","Neutralize+1","Die Die Die","Backflip","Noxious Fumes+1","Cloak And Dagger+1","Endless Agony","Acrobatics","PiercingWail","Backflip","Deadly Poison+1","Adrenaline+1","A Thousand Cuts","All Out Attack","Distraction","Blade Dance","Well Laid Plans","PiercingWail","Prepared+1","Flash of Steel","Caltrops","Dodge and Roll","Corpse Explosion","Cloak And Dagger+1","Dodge and Roll+1","Blade Dance+1","Footwork+1"],"relics":["Ring of the Snake","Kunai","MawBank","Odd Mushroom","Art of War","Philosopher\u0027s Stone","Vajra","Dodecahedron","Orichalcum","PreservedInsect","Membership Card","Bronze Scales","WristBlade","Ginger","ClockworkSouvenir","Anchor","Ninja Scroll","Bag of Marbles"],"potions_floor_usage":[13,25,25,50,50],"damage_taken":[{"damage":0,"enemies":"Jaw Worm","floor":1,"turns":5},{"damage":1,"enemies":"2 Louse","floor":2,"turns":2},{"damage":2,"enemies":"Small Slimes","floor":3,"turns":3},{"damage":0,"enemies":"Exordium Wildlife","floor":4,"turns":4},{"damage":0,"enemies":"3 Louse","floor":5,"turns":2},{"damage":5,"enemies":"3 Sentries","floor":7,"turns":6},{"damage":5,"enemies":"The Mushroom Lair","floor":10,"turns":3},{"damage":0,"enemies":"Looter","floor":11,"turns":4},{"damage":2,"enemies":"Lagavulin","floor":13,"turns":6},{"damage":0,"enemies":"The Guardian","floor":16,"turns":10},{"damage":10,"enemies":"Spheric Guardian","floor":18,"turns":6},{"damage":6,"enemies":"Colosseum Slavers","floor":21,"turns":5},{"damage":3,"enemies":"Gremlin Leader","floor":23,"turns":5},{"damage":27,"enemies":"Book of Stabbing","floor":25,"turns":6},{"damage":10,"enemies":"3 Byrds","floor":28,"turns":3},{"damage":25,"enemies":"Snake Plant","floor":29,"turns":5},{"damage":0,"enemies":"Centurion and Healer","floor":31,"turns":4},{"damage":12,"enemies":"Collector","floor":33,"turns":10},{"damage":8,"enemies":"3 Darklings","floor":35,"turns":3},{"damage":0,"enemies":"Mind Bloom Boss Battle","floor":37,"turns":6},{"damage":9,"enemies":"Nemesis","floor":41,"turns":7},{"damage":0,"enemies":"3 Shapes","floor":42,"turns":3},{"damage":18,"enemies":"Giant Head","floor":44,"turns":9},{"damage":0,"enemies":"Spire Growth","floor":45,"turns":4},{"damage":4,"enemies":"Maw","floor":48,"turns":6},{"damage":61,"enemies":"Time Eater","floor":50,"turns":7}],"seed_played":"-1431212100340856097","potions_obtained":[{"floor":3,"key":"Poison Potion"},{"floor":4,"key":"Regen Potion"},{"floor":16,"key":"Fire Potion"},{"floor":25,"key":"LiquidBronze"},{"floor":28,"key":"AttackPotion"},{"floor":33,"key":"Dexterity Potion"},{"floor":41,"key":"PowerPotion"}],"is_trial":false,"path_per_floor":["?","?","?","T","?","?","M","?","?","?","?","M"],"character_chosen":"THE_SILENT","items_purchased":["Membership Card","Bronze Scales","Flash of Steel","Caltrops","Dodge and Roll","ClockworkSouvenir","Anchor","Cloak And Dagger"],"campfire_rested":3,"item_purchase_floors":[30,30,30,30,30,38,38,38],"current_hp_per_floor":[63,62,60,60,60,60,55,55,55,50,50,50,48,53,53,53,70,60,60,60,54,54,51,51,36,36,58,48,23,23,23,45,33,65,57,57,57,57,57,57,48,48,48,30,30,30,52,48,48,0],"gold":359,"neow_bonus":"ONE_RANDOM_RARE_CARD","is_prod":false,"is_daily":false,"chose_seed":false,"campfire_upgraded":6,"win_rate":0,"timestamp":1559204740,"path_taken":["M","M","M","M","M","R","E","R","T","?","M","R","E","?","R","BOSS","M","?","?","?","?","E","R","E","T","R","?","M","$","M","R","BOSS","M","?","?","$","?","R","E","M","T","E","M","?","R","?","R","BOSS"],"build_version":"2019-01-23","purchased_purges":2,"victory":false,"max_hp_per_floor":[70,70,70,70,70,70,70,70,70,70,70,70,70,75,75,75,75,75,75,75,75,75,75,75,75,75,75,75,75,75,75,75,75,75,75,75,75,75,75,75,75,75,75,75,75,75,75,75,75,75],"card_choices":[{"not_picked":["Concentrate","Prepared"],"picked":"Backflip","floor":1},{"not_picked":["Outmaneuver","Distraction"],"picked":"Noxious Fumes","floor":2},{"not_picked":["Flying Knee","Dodge and Roll"],"picked":"Cloak And Dagger","floor":3},{"not_picked":["Backstab","Underhanded Strike"],"picked":"Endless Agony","floor":4},{"not_picked":["Flechettes","Dagger Spray"],"picked":"Acrobatics","floor":5},{"not_picked":["Concentrate","Venomology"],"picked":"PiercingWail","floor":7},{"not_picked":["Acrobatics","Quick Slash"],"picked":"Backflip","floor":10},{"not_picked":["Prepared","Bane"],"picked":"Deadly Poison","floor":11},{"not_picked":["Blur","Outmaneuver"],"picked":"Adrenaline","floor":13},{"not_picked":["Doppelganger","Unload"],"picked":"A Thousand Cuts","floor":16},{"not_picked":["Deflect","Bouncing Flask"],"picked":"All Out Attack","floor":18},{"not_picked":["A Thousand Cuts","Setup+1"],"picked":"Well Laid Plans","floor":23},{"not_picked":["Dagger Throw","Flying Knee","Bane"],"picked":"SKIP","floor":25},{"not_picked":["Calculated Gamble","Prepared"],"picked":"PiercingWail","floor":28},{"not_picked":["Flechettes","Dagger Spray"],"picked":"Prepared+1","floor":29},{"not_picked":["All Out Attack","Underhanded Strike","Predator+1"],"picked":"SKIP","floor":31},{"not_picked":["Phantasmal Killer","Bullet Time"],"picked":"Corpse Explosion","floor":33},{"not_picked":["Poisoned Stab+1","Prepared","Sucker Punch"],"picked":"SKIP","floor":35},{"not_picked":["Quick Slash","All Out Attack","Dodge and Roll"],"picked":"SKIP","floor":41},{"not_picked":["Dagger Spray+1","Dagger Throw"],"picked":"Dodge and Roll+1","floor":42},{"not_picked":["Acrobatics","Dodge and Roll","Riddle With Holes"],"picked":"SKIP","floor":44},{"not_picked":["Quick Slash","Leg Sweep"],"picked":"Blade Dance+1","floor":45},{"not_picked":["Poisoned Stab+1","Blade Dance+1"],"picked":"Footwork","floor":48}],"player_experience":735917,"relics_obtained":[{"floor":7,"key":"Kunai"},{"floor":9,"key":"MawBank"},{"floor":10,"key":"Odd Mushroom"},{"floor":13,"key":"Art of War"},{"floor":20,"key":"Vajra"},{"floor":23,"key":"Dodecahedron"},{"floor":25,"key":"Orichalcum"},{"floor":26,"key":"PreservedInsect"},{"floor":37,"key":"Ginger"},{"floor":41,"key":"Ninja Scroll"},{"floor":44,"key":"Bag of Marbles"}],"event_choices":[{"damage_healed":0,"gold_gain":0,"player_choice":"Fought Mushrooms","damage_taken":0,"max_hp_gain":0,"max_hp_loss":0,"event_name":"Mushrooms","floor":10,"gold_loss":0},{"damage_healed":0,"gold_gain":0,"player_choice":"Donut","damage_taken":0,"max_hp_gain":5,"max_hp_loss":0,"event_name":"Big Fish","floor":14,"gold_loss":0},{"damage_healed":0,"gold_gain":0,"cards_transformed":["Strike_G","Strike_G"],"player_choice":"Became Test Subject","damage_taken":0,"max_hp_gain":0,"max_hp_loss":0,"event_name":"Drug Dealer","floor":19,"gold_loss":0,"cards_obtained":["Distraction","Blade Dance"]},{"damage_healed":0,"gold_gain":0,"player_choice":"Fight","damage_taken":0,"max_hp_gain":0,"max_hp_loss":0,"event_name":"Colosseum","floor":21,"gold_loss":0},{"damage_healed":0,"gold_gain":0,"player_choice":"Fled From Nobs","damage_taken":0,"max_hp_gain":0,"max_hp_loss":0,"event_name":"Colosseum","floor":21,"gold_loss":0},{"cards_removed":["Strike_G"],"damage_healed":0,"gold_gain":0,"player_choice":"Gave Gold","damage_taken":0,"max_hp_gain":0,"max_hp_loss":0,"event_name":"Beggar","floor":22,"gold_loss":75},{"damage_healed":0,"gold_gain":0,"player_choice":"Ignored","damage_taken":0,"max_hp_gain":0,"max_hp_loss":0,"event_name":"Tomb of Lord Red Mask","floor":36,"gold_loss":0},{"damage_healed":0,"gold_gain":0,"player_choice":"Fight","damage_taken":0,"max_hp_gain":0,"max_hp_loss":0,"event_name":"MindBloom","floor":37,"gold_loss":0},{"cards_removed":["Defend_G"],"damage_healed":0,"gold_gain":0,"player_choice":"Removed Skill","damage_taken":0,"max_hp_gain":0,"max_hp_loss":0,"event_name":"Falling","floor":39,"gold_loss":0},{"damage_healed":0,"gold_gain":0,"player_choice":"Forge","damage_taken":0,"max_hp_gain":0,"max_hp_loss":0,"event_name":"Accursed Blacksmith","floor":46,"gold_loss":0,"cards_upgraded":["Cloak And Dagger"]}],"is_beta":false,"boss_relics":[{"not_picked":["Ectoplasm","Runic Pyramid"],"picked":"Philosopher\u0027s Stone"},{"not_picked":["Sozu","Pandora\u0027s Box"],"picked":"WristBlade"}],"items_purged_floors":[30,38],"is_endless":false,"potions_floor_spawned":[3,4,7,16,23,25,28,33,41,42,44],"killed_by":"Time Eater","ascension_level":12}