{"gold_per_floor":[113,129,6,6,19,19,50,50,50,50,50,81,94,107,107,202,202,215,67,0,15,15,43,62,80,80,112,130,163,173,183,183,278,278,291,5,5,25,38,38,366,33,86,103,103,136,136,150,150,150,150,150,23,23],"floor_reached":54,"playtime":3670,"items_purged":["Strike_G","Strike_G","Strike_G+1"],"score":831,"play_id":"3f3b9d5a-7c2f-4a5c-aa02-ccc95518f7a7","local_time":"20190619081258","is_ascension_mode":true,"campfire_choices":[{"data":"Neutralize","floor":6.0,"key":"SMITH"},{"data":"Footwork","floor":8.0,"key":"SMITH"},{"data":"Quick Slash","floor":10.0,"key":"SMITH"},{"data":"Cloak And Dagger","floor":15.0,"key":"SMITH"},{"floor":32.0,"key":"REST"},{"floor":40.0,"key":"RECALL"},{"floor":45,"key":"REST"},{"floor":49,"key":"REST"},{"floor":52,"key":"REST"}],"neow_cost":"NONE","seed_source_timestamp":0,"circlet_count":0,"master_deck":["Defend_G","Defend_G","Defend_G","Defend_G","Defend_G","Survivor","Neutralize+1","PiercingWail","Quick Slash+1","Acrobatics","Footwork+1","Backflip","Dodge and Roll","Cloak And Dagger+1","Malaise","Deadly Poison","Predator+1","PiercingWail+1","Dagger Spray+1","Dagger Throw+1","Crippling Poison","Noxious Fumes+1","Night Terror","Leg Sweep","Sucker Punch+1","A Thousand Cuts","Acrobatics+1","Cloak And Dagger+1","Noxious Fumes","Panache","Blade Dance","After Image","Backflip","Backstab","Dramatic Entrance"],"special_seed":0,"relics":["Ring of the Snake","Darkstone Periapt","Question Card","Gambling Chip","Fusion Hammer","Strawberry","Whetstone","Blood Vial","Shuriken","Paper Crane","Sozu","Snake Skull","Vajra","Old Coin","Ginger"],"potions_floor_usage":[],"damage_taken":[{"damage":1.0,"enemies":"2 Louse","floor":1.0,"turns":5.0},{"damage":2.0,"enemies":"Cultist","floor":2.0,"turns":6.0},{"damage":0.0,"enemies":"Small Slimes","floor":5.0,"turns":5.0},{"damage":21.0,"enemies":"Lagavulin","floor":7.0,"turns":11.0},{"damage":4.0,"enemies":"3 Sentries","floor":12.0,"turns":13.0},{"damage":0.0,"enemies":"Looter","floor":13.0,"turns":4.0},{"damage":6.0,"enemies":"Gremlin Gang","floor":14.0,"turns":7.0},{"damage":6.0,"enemies":"Slime Boss","floor":16.0,"turns":11.0},{"damage":4.0,"enemies":"Spheric Guardian","floor":18.0,"turns":10.0},{"damage":4.0,"enemies":"2 Thieves","floor":21.0,"turns":5.0},{"damage":6.0,"enemies":"Gremlin Leader","floor":23.0,"turns":11.0},{"damage":1.0,"enemies":"Cultist and Chosen","floor":24.0,"turns":10.0},{"damage":0.0,"enemies":"Shelled Parasite and Fungi","floor":25.0,"turns":8.0},{"damage":7.0,"enemies":"Book of Stabbing","floor":27.0,"turns":6.0},{"damage":5.0,"enemies":"Sentry and Sphere","floor":28.0,"turns":6.0},{"damage":6.0,"enemies":"Gremlin Leader","floor":29.0,"turns":7.0},{"damage":3.0,"enemies":"Snake Plant","floor":30.0,"turns":5.0},{"damage":0.0,"enemies":"Cultist and Chosen","floor":31.0,"turns":6.0},{"damage":19.0,"enemies":"Collector","floor":33.0,"turns":11.0},{"damage":1.0,"enemies":"Orb Walker","floor":35.0,"turns":5.0},{"damage":6.0,"enemies":"3 Darklings","floor":38.0,"turns":4.0},{"damage":11.0,"enemies":"Sphere and 2 Shapes","floor":39.0,"turns":6.0},{"damage":12,"enemies":"Reptomancer","floor":41,"turns":9},{"damage":11,"enemies":"Spire Growth","floor":44,"turns":5},{"damage":19,"enemies":"Nemesis","floor":46,"turns":7},{"damage":0,"enemies":"Writhing Mass","floor":48,"turns":7},{"damage":26,"enemies":"Donu and Deca","floor":50,"turns":12},{"damage":85,"enemies":"Shield and Spear","floor":54,"turns":6}],"seed_played":"2474372012344692827","potions_obtained":[{"floor":12.0,"key":"Strength Potion"},{"floor":14.0,"key":"PowerPotion"},{"floor":21.0,"key":"Strength Potion"},{"floor":23.0,"key":"SpeedPotion"},{"floor":27.0,"key":"Ancient Potion"},{"floor":29.0,"key":"Energy Potion"}],"is_trial":false,"path_per_floor":["?","?","M","?","?","M","M","$","?","$"],"character_chosen":"THE_SILENT","items_purchased":["Fire Potion","PowerPotion","Snake Skull","Vajra","Noxious Fumes","Panache","Backstab","Dramatic Entrance"],"campfire_rested":4,"item_purchase_floors":[3,19,36,36,42,42,53,53],"current_hp_per_floor":[76,74,74,74,74,74,53,53,53,53,53,49,49,43,43,37,77,73,73,73,69,76,70,69,69,69,64,61,57,56,58,83,65,84,83,83,83,78,69,69,59,59,59,50,75,58,58,60,84,58,84,84,84,0],"gold":23,"neow_bonus":"TEN_PERCENT_HP_BONUS","is_prod":false,"is_daily":false,"chose_seed":false,"campfire_upgraded":4,"win_rate":0,"timestamp":1560924778,"path_taken":["M","M","$","?","M","R","E","R","T","R","?","E","?","M","R","BOSS","M","$","?","M","?","E","?","M","T","E","?","E","M","M","R","BOSS","M","?","?","M","M","R","E","$","T","M","R","E","?","M","R","BOSS","R","$","E"],"build_version":"2019-01-23","purchased_purges":3,"victory":false,"max_hp_per_floor":[77,77,77,77,77,77,77,77,77,77,77,77,77,77,77,77,77,77,77,77,77,84,84,84,84,84,84,84,84,84,84,84,84,84,84,84,84,84,84,84,84,84,84,84,84,84,84,84,84,84,84,84,84,84],"card_choices":[{"not_picked":["Outmaneuver","Prepared"],"picked":"PiercingWail","floor":1.0},{"not_picked":["PiercingWail","Deflect"],"picked":"Quick Slash","floor":2.0},{"not_picked":["Slice","Outmaneuver"],"picked":"Acrobatics","floor":5.0},{"not_picked":["Cloak And Dagger","Masterful Stab"],"picked":"Footwork","floor":7.0},{"not_picked":["Eviscerate","Grand Finale","Poisoned Stab"],"picked":"Backflip","floor":12.0},{"not_picked":["Quick Slash","Acrobatics","Outmaneuver"],"picked":"Dodge and Roll","floor":13.0},{"not_picked":["Sucker Punch","Dagger Throw","Distraction"],"picked":"Cloak And Dagger","floor":14.0},{"not_picked":["Tools of the Trade","Unload","Storm of Steel"],"picked":"Malaise","floor":16.0},{"not_picked":["PiercingWail+1","Acrobatics","Dodge and Roll"],"picked":"Deadly Poison","floor":18.0},{"not_picked":["Escape Plan","Backflip","Flying Knee+1"],"picked":"Predator+1","floor":21.0},{"not_picked":["Infinite Blades","Escape Plan","Setup+1"],"picked":"PiercingWail+1","floor":23.0},{"not_picked":["Venomology","Poisoned Stab+1","Sucker Punch"],"picked":"Dagger Spray+1","floor":24.0},{"not_picked":["Riddle With Holes","PiercingWail","Distraction"],"picked":"Dagger Throw+1","floor":25.0},{"not_picked":["All Out Attack","Eviscerate","Dodge and Roll"],"picked":"Crippling Poison","floor":27.0},{"not_picked":["Cloak And Dagger","Predator","Unload"],"picked":"Noxious Fumes+1","floor":28.0},{"not_picked":["Dodge and Roll+1","Terror+1","Flying Knee+1"],"picked":"Night Terror","floor":29.0},{"not_picked":["Cloak And Dagger","Outmaneuver+1","PiercingWail"],"picked":"Leg Sweep","floor":30.0},{"not_picked":["Cloak And Dagger","Acrobatics","PiercingWail"],"picked":"Sucker Punch+1","floor":31.0},{"not_picked":["Glass Knife","Tools of the Trade","Unload"],"picked":"A Thousand Cuts","floor":33.0},{"not_picked":["Bouncing Flask+1","Poisoned Stab","Escape Plan"],"picked":"Acrobatics+1","floor":35.0},{"not_picked":["Flying Knee","Skewer","Doppelganger","Deadly Poison"],"picked":"SKIP","floor":38.0},{"not_picked":["Flechettes","Dagger Spray","Outmaneuver","Poisoned Stab"],"picked":"SKIP","floor":39.0},{"not_picked":["Quick Slash+1","Blur+1","Crippling Poison"],"picked":"Cloak And Dagger+1","floor":41},{"not_picked":["Prepared","Slice","Deadly Poison"],"picked":"Blade Dance","floor":44},{"not_picked":["Tactician","Expertise+1","Caltrops"],"picked":"After Image","floor":46},{"not_picked":["Bane+1","Dodge and Roll","Dagger Throw+1"],"picked":"Backflip","floor":48}],"player_experience":820563,"relics_obtained":[{"floor":7.0,"key":"Darkstone Periapt"},{"floor":9.0,"key":"Question Card"},{"floor":12.0,"key":"Gambling Chip"},{"floor":22.0,"key":"Strawberry"},{"floor":23.0,"key":"Whetstone"},{"floor":26.0,"key":"Blood Vial"},{"floor":27.0,"key":"Shuriken"},{"floor":29.0,"key":"Paper Crane"},{"floor":41,"key":"Old Coin"},{"floor":46,"key":"Ginger"}],"event_choices":[{"damage_healed":0.0,"max_hp_gain":0.0,"max_hp_loss":0.0,"gold_gain":0.0,"event_name":"Liars Game","player_choice":"Ignored","floor":4.0,"gold_loss":0.0,"damage_taken":0.0},{"cards_removed":["Strike_G"],"damage_healed":0.0,"max_hp_gain":0.0,"max_hp_loss":0.0,"gold_gain":0.0,"event_name":"Wheel of Change","player_choice":"Card Removal","floor":11.0,"gold_loss":0.0,"damage_taken":0.0},{"damage_healed":0.0,"max_hp_gain":0.0,"max_hp_loss":0.0,"gold_gain":0.0,"event_name":"Masked Bandits","player_choice":"Paid Fearfully","floor":20.0,"gold_loss":67.0,"damage_taken":0.0},{"damage_healed":0.0,"max_hp_gain":0.0,"max_hp_loss":0.0,"gold_gain":0.0,"event_name":"Wheel of Change","player_choice":"Relic","floor":22.0,"gold_loss":0.0,"damage_taken":0.0},{"cards_removed":["Strike_G"],"damage_healed":0.0,"max_hp_gain":0.0,"max_hp_loss":0.0,"gold_gain":0.0,"event_name":"Falling","player_choice":"Removed Attack","floor":37.0,"gold_loss":0.0,"damage_taken":0.0}],"is_beta":false,"boss_relics":[{"not_picked":["Astrolabe","Ectoplasm"],"picked":"Fusion Hammer"},{"not_picked":["Orrery","White Beast Statue"],"picked":"Sozu"}],"items_purged_floors":[3,19,42],"is_endless":false,"potions_floor_spawned":[12,14,21,23,27,29,30,38,39,46,48],"killed_by":"Shield and Spear","ascension_level":1}