{"gold_per_floor":[110,75,86,86,103,103,53,68,68,88,98,98,117,128,128,227,227,240,258,113,125,125,125,125,143,143,160,160,180,198,198,198,198],"floor_reached":33,"playtime":1961,"items_purged":["Strike_B"],"score":245,"play_id":"dd630311-f67e-45e2-b227-9c76e3ea6a36","local_time":"20190226011852","is_ascension_mode":false,"campfire_choices":[{"data":"Zap","floor":6.0,"key":"SMITH"},{"data":"Gash","floor":12.0,"key":"SMITH"},{"floor":15.0,"key":"REST"},{"floor":23,"key":"REST"},{"floor":28,"key":"REST"},{"floor":32,"key":"REST"}],"neow_cost":"PERCENT_DAMAGE","seed_source_timestamp":0,"circlet_count":0,"master_deck":["Strike_B","Strike_B","Strike_B","Defend_B","Defend_B","Defend_B","Defend_B","Zap+1","Dualcast+1","Conserve Battery","Gash+1","Ball Lightning","Electrodynamics","Biased Cognition","Doom and Gloom","Capacitor","Gash","BootSequence","Redo"],"special_seed":0,"relics":["Cracked Core","Boot","White Beast Statue","Mercury Hourglass"],"potions_floor_usage":[19,21,27,27,33,33],"damage_taken":[{"damage":0.0,"enemies":"2 Louse","floor":1.0,"turns":2.0},{"damage":3.0,"enemies":"Small Slimes","floor":3.0,"turns":3.0},{"damage":1.0,"enemies":"Cultist","floor":5.0,"turns":3.0},{"damage":6.0,"enemies":"Red Slaver","floor":8.0,"turns":3.0},{"damage":0.0,"enemies":"Looter","floor":10.0,"turns":3.0},{"damage":4.0,"enemies":"2 Fungi Beasts","floor":11.0,"turns":3.0},{"damage":6.0,"enemies":"Lots of Slimes","floor":13.0,"turns":4.0},{"damage":7.0,"enemies":"Exordium Thugs","floor":14.0,"turns":3.0},{"damage":38.0,"enemies":"Hexaghost","floor":16.0,"turns":8.0},{"damage":18.0,"enemies":"2 Thieves","floor":18.0,"turns":3.0},{"damage":5,"enemies":"3 Byrds","floor":19,"turns":3},{"damage":25,"enemies":"Snake Plant","floor":21,"turns":4},{"damage":34,"enemies":"Centurion and Healer","floor":25,"turns":4},{"damage":25,"enemies":"Shelled Parasite and Fungi","floor":27,"turns":5},{"damage":11,"enemies":"Cultist and Chosen","floor":29,"turns":5},{"damage":10,"enemies":"Snecko","floor":30,"turns":3},{"damage":51,"enemies":"Champ","floor":33,"turns":5}],"seed_played":"5432500520288653057","potions_obtained":[{"floor":3.0,"key":"AttackPotion"},{"floor":11.0,"key":"Poison Potion"},{"floor":13.0,"key":"AttackPotion"},{"floor":18.0,"key":"Block Potion"},{"floor":19,"key":"Weak Potion"},{"floor":21,"key":"Dexterity Potion"},{"floor":25,"key":"SpeedPotion"},{"floor":27,"key":"SteroidPotion"},{"floor":29,"key":"SkillPotion"},{"floor":30,"key":"PowerPotion"}],"is_trial":false,"path_per_floor":["?","?","M","$","?","?","M"],"character_chosen":"DEFECT","items_purchased":["Gash","Capacitor"],"campfire_rested":4,"item_purchase_floors":[7,20],"current_hp_per_floor":[68,89,86,86,85,85,85,79,79,79,75,75,69,62,88,50,89,71,66,66,41,41,67,67,33,33,8,34,23,13,13,39,0],"gold":198,"neow_bonus":"TWENTY_PERCENT_HP_BONUS","is_prod":false,"is_daily":false,"chose_seed":false,"campfire_upgraded":2,"win_rate":0.0,"timestamp":1551140332,"path_taken":["M","?","M","?","M","R","$","M","T","M","M","R","M","M","R","BOSS","M","?","?","M","?","R","?","M","T","?","R","M","M","$","R","BOSS"],"build_version":"2019-01-23","purchased_purges":1,"victory":false,"max_hp_per_floor":[89,89,89,89,89,89,89,89,89,89,89,89,89,89,89,89,89,89,89,89,89,89,89,89,89,89,89,89,89,89,89,89,89],"card_choices":[{"not_picked":["Rebound","FTL","Reprogram"],"picked":"SKIP","floor":1.0},{"not_picked":["Storm","Consume","Rebound"],"picked":"SKIP","floor":3.0},{"not_picked":["Turbo","Compile Driver"],"picked":"Conserve Battery","floor":5.0},{"not_picked":["Reprogram","Skim","Scrape"],"picked":"SKIP","floor":8.0},{"not_picked":["Hello World","Consume"],"picked":"Ball Lightning","floor":10.0},{"not_picked":["Skim","Darkness","Go for the Eyes"],"picked":"SKIP","floor":11.0},{"not_picked":["Chaos","Beam Cell"],"picked":"Electrodynamics","floor":13.0},{"not_picked":["Heatsinks","Aggregate","Darkness"],"picked":"SKIP","floor":14.0},{"not_picked":["Thunder Strike","Reboot"],"picked":"Biased Cognition","floor":16.0},{"not_picked":["Rebound","Hello World"],"picked":"Doom and Gloom","floor":18.0},{"not_picked":["Beam Cell","Compile Driver","Streamline"],"picked":"SKIP","floor":19},{"not_picked":["Go for the Eyes","FTL+1","Doom and Gloom"],"picked":"SKIP","floor":21},{"not_picked":["Steam Power","Double Energy"],"picked":"Gash","floor":25},{"not_picked":["Go for the Eyes","Streamline"],"picked":"BootSequence","floor":27},{"not_picked":["Sweeping Beam","Beam Cell"],"picked":"Redo","floor":29},{"not_picked":["Compile Driver","Hologram+1","Auto Shields"],"picked":"SKIP","floor":30}],"player_experience":99504,"relics_obtained":[{"floor":9.0,"key":"Boot"},{"floor":26,"key":"Mercury Hourglass"}],"event_choices":[{"damage_healed":22.0,"max_hp_gain":0.0,"max_hp_loss":0.0,"gold_gain":0.0,"event_name":"The Cleric","player_choice":"Healed","floor":2.0,"gold_loss":35.0,"damage_taken":0.0},{"damage_healed":0.0,"max_hp_gain":0.0,"max_hp_loss":0.0,"gold_gain":0.0,"event_name":"Accursed Blacksmith","player_choice":"Forge","floor":4.0,"gold_loss":0.0,"damage_taken":0.0,"cards_upgraded":["Dualcast"]},{"damage_healed":0,"gold_gain":0,"player_choice":"Ignored","damage_taken":0,"max_hp_gain":0,"max_hp_loss":0,"event_name":"Ghosts","floor":22,"gold_loss":0},{"damage_healed":0,"gold_gain":0,"player_choice":"Bought 0 Potions","damage_taken":0,"max_hp_gain":0,"max_hp_loss":0,"event_name":"The Woman in Blue","floor":24,"gold_loss":0}],"is_beta":false,"boss_relics":[{"not_picked":["Runic Pyramid","Astrolabe"],"picked":"White Beast Statue"}],"items_purged_floors":[20],"is_endless":false,"potions_floor_spawned":[3,11,13,18,19,21,25,27,29,30],"killed_by":"Champ","ascension_level":0}