{"gold_per_floor":[110,110,124,124,135,160,160,175,175,195,208,8,8,21,21,21],"floor_reached":16,"playtime":1117,"items_purged":[],"score":120,"play_id":"2abb22f9-9e72-49c5-83f9-55bcdf63de83","local_time":"20190406125738","is_ascension_mode":true,"campfire_choices":[{"floor":7,"key":"REST"},{"floor":13,"key":"REST"},{"floor":15,"key":"REST"}],"neow_cost":"NONE","seed_source_timestamp":142368545267655,"circlet_count":0,"master_deck":["Defend_G","Defend_G","Defend_G","Defend_G","Defend_G","Strike_G","Strike_G","Strike_G","Strike_G","Survivor","Neutralize","Well Laid Plans","Sucker Punch","Tactician","PiercingWail","Poisoned Stab","Dagger Spray","Quick Slash","Cloak And Dagger","Leg Sweep"],"relics":["Ring of the Snake","NeowsBlessing","Art of War","Thread and Needle","Question Card","Lantern"],"potions_floor_usage":[6,6,11],"damage_taken":[{"damage":0,"enemies":"Small Slimes","floor":1,"turns":1},{"damage":0,"enemies":"2 Louse","floor":3,"turns":1},{"damage":0,"enemies":"Cultist","floor":5,"turns":1},{"damage":77,"enemies":"Gremlin Nob","floor":6,"turns":8},{"damage":8,"enemies":"3 Louse","floor":8,"turns":6},{"damage":0,"enemies":"Looter","floor":10,"turns":4},{"damage":13,"enemies":"Exordium Thugs","floor":11,"turns":4},{"damage":0,"enemies":"Large Slime","floor":14,"turns":6},{"damage":50,"enemies":"Slime Boss","floor":16,"turns":11}],"seed_played":"-8104074094270275104","potions_obtained":[{"floor":1,"key":"Regen Potion"},{"floor":5,"key":"FearPotion"},{"floor":8,"key":"Fire Potion"},{"floor":11,"key":"Energy Potion"}],"is_trial":false,"path_per_floor":["M","?","M","?","M","E","R","M","T","M","M","$","R","M","R","B"],"character_chosen":"THE_SILENT","items_purchased":["Lantern","FearPotion"],"campfire_rested":3,"item_purchase_floors":[12,12],"current_hp_per_floor":[70,63,63,63,63,1,22,14,14,14,1,1,22,22,43,0],"gold":21,"neow_bonus":"THREE_ENEMY_KILL","is_prod":false,"is_daily":false,"chose_seed":false,"campfire_upgraded":0,"win_rate":0,"timestamp":1554580658,"path_taken":["M","?","M","?","M","E","R","M","T","M","?","$","R","M","R","BOSS"],"build_version":"2019-01-23","purchased_purges":0,"victory":false,"max_hp_per_floor":[70,70,70,70,70,70,70,70,70,70,70,70,70,70,70,70],"card_choices":[{"not_picked":["Sucker Punch","Calculated Gamble"],"picked":"Well Laid Plans","floor":1},{"not_picked":["Prepared","Acrobatics"],"picked":"Sucker Punch","floor":3},{"not_picked":["Sucker Punch","Expertise"],"picked":"PiercingWail","floor":5},{"not_picked":["Accuracy","Tools of the Trade"],"picked":"Poisoned Stab","floor":6},{"not_picked":["Deadly Poison","Acrobatics"],"picked":"Dagger Spray","floor":8},{"not_picked":["Calculated Gamble","Blur","Acrobatics"],"picked":"Quick Slash","floor":10},{"not_picked":["Blade Dance","Underhanded Strike","Dodge and Roll"],"picked":"Cloak And Dagger","floor":11},{"not_picked":["Outmaneuver","Escape Plan","Flechettes"],"picked":"Leg Sweep","floor":14}],"player_experience":88709,"relics_obtained":[{"floor":6,"key":"Thread and Needle"},{"floor":9,"key":"Question Card"}],"event_choices":[{"damage_healed":0,"gold_gain":0,"player_choice":"Success","damage_taken":7,"relics_obtained":["Art of War"],"max_hp_gain":0,"max_hp_loss":0,"event_name":"Scrap Ooze","floor":2,"gold_loss":0},{"damage_healed":0,"gold_gain":0,"cards_transformed":["Strike_G"],"player_choice":"Transformed","damage_taken":0,"max_hp_gain":0,"max_hp_loss":0,"event_name":"Transmorgrifier","floor":4,"gold_loss":0,"cards_obtained":["Tactician"]}],"is_beta":false,"boss_relics":[],"items_purged_floors":[],"is_endless":false,"potions_floor_spawned":[1,5,8,11],"killed_by":"Slime Boss","ascension_level":3}