{"gold_per_floor":[113,63,81,56,56,56,56,89,89,109,138,63,81,81,81,200,200,215,24,24,24,24,63,63,86,86,109,109,109,145,158,158,279,279,303,328,349,349,349,349,382,396,396,187,205,205,205,244,244,244,244,244,44,44],"floor_reached":54,"playtime":3063,"items_purged":["Strike_B","Strike_B"],"score":1069,"play_id":"ef9046df-d8b6-4cc0-aab6-24b874ab23f1","local_time":"20190520091935","is_ascension_mode":true,"campfire_choices":[{"data":"Buffer","floor":6.0,"key":"SMITH"},{"data":"Creative AI","floor":15.0,"key":"SMITH"},{"data":"Doom and Gloom","floor":24.0,"key":"SMITH"},{"floor":28.0,"key":"REST"},{"floor":32.0,"key":"REST"},{"floor":40.0,"key":"RECALL"},{"floor":47,"key":"REST"},{"data":"Biased Cognition","floor":49,"key":"SMITH"},{"data":"Reinforced Body","floor":52,"key":"SMITH"}],"neow_cost":"NONE","seed_source_timestamp":0,"circlet_count":0,"master_deck":["Defend_B+1","Defend_B","Defend_B","Defend_B+1","Zap","Dualcast","Buffer+1","Conserve Battery","Undo","Ball Lightning","Reinforced Body+1","Biased Cognition+1","Creative AI+1","Leap","Echo Form","Doom and Gloom+1","Panacea","Chill","Self Repair","Fission+1","Redo+1","Genetic Algorithm","Hologram+1"],"special_seed":0,"relics":["Cracked Core","Shuriken","Bronze Scales","Golden Idol","Cursed Key","Turnip","Sundial","Sozu","Boot","OrangePellets","Ginger","Runic Capacitor"],"potions_floor_usage":[46,54],"damage_taken":[{"damage":6.0,"enemies":"2 Louse","floor":1.0,"turns":3.0},{"damage":0.0,"enemies":"Jaw Worm","floor":3.0,"turns":3.0},{"damage":0.0,"enemies":"Gremlin Nob","floor":8.0,"turns":4.0},{"damage":0.0,"enemies":"Small Slimes","floor":10.0,"turns":4.0},{"damage":0.0,"enemies":"Lagavulin","floor":11.0,"turns":7.0},{"damage":0.0,"enemies":"Blue Slaver","floor":13.0,"turns":3.0},{"damage":0.0,"enemies":"Slime Boss","floor":16.0,"turns":8.0},{"damage":10.0,"enemies":"3 Byrds","floor":18.0,"turns":3.0},{"damage":17.0,"enemies":"Gremlin Leader","floor":23.0,"turns":6.0},{"damage":0.0,"enemies":"Chosen","floor":25.0,"turns":5.0},{"damage":8.0,"enemies":"Snake Plant","floor":27.0,"turns":4.0},{"damage":37.0,"enemies":"Book of Stabbing","floor":30.0,"turns":6.0},{"damage":0.0,"enemies":"Centurion and Healer","floor":31.0,"turns":5.0},{"damage":2.0,"enemies":"Automaton","floor":33.0,"turns":13.0},{"damage":0.0,"enemies":"Orb Walker","floor":35.0,"turns":5.0},{"damage":0.0,"enemies":"3 Shapes","floor":36.0,"turns":8.0},{"damage":0.0,"enemies":"Sphere and 2 Shapes","floor":37.0,"turns":5.0},{"damage":55.0,"enemies":"Reptomancer","floor":41.0,"turns":9.0},{"damage":0.0,"enemies":"4 Shapes","floor":42.0,"turns":7.0},{"damage":15,"enemies":"Spire Growth","floor":45,"turns":7},{"damage":0,"enemies":"Transient","floor":46,"turns":1},{"damage":11,"enemies":"Nemesis","floor":48,"turns":9},{"damage":14,"enemies":"Donu and Deca","floor":50,"turns":11},{"damage":74,"enemies":"Shield and Spear","floor":54,"turns":8}],"seed_played":"-7411765650757303397","potions_obtained":[{"floor":1.0,"key":"AttackPotion"},{"floor":7.0,"key":"SmokeBomb"},{"floor":7.0,"key":"SkillPotion"},{"floor":10.0,"key":"Swift Potion"},{"floor":30.0,"key":"FearPotion"}],"is_trial":false,"path_per_floor":["?","?","?","M","?","?","?","?","M","?","?","?","M"],"character_chosen":"DEFECT","items_purchased":["Ball Lightning","Panacea","OrangePellets","Runic Capacitor"],"campfire_rested":3,"item_purchase_floors":[4,19,44,53],"current_hp_per_floor":[69,69,69,69,54,54,54,54,54,54,54,54,54,54,54,54,69,59,59,59,59,59,42,42,42,42,34,54,54,17,17,37,42,69,69,69,69,69,69,69,21,28,28,28,20,27,47,50,50,43,69,69,69,0],"gold":44,"neow_bonus":"ONE_RANDOM_RARE_CARD","is_prod":false,"is_daily":false,"chose_seed":false,"campfire_upgraded":5,"win_rate":0,"timestamp":1558336775,"path_taken":["M","?","M","$","?","R","?","E","T","M","E","$","?","?","R","BOSS","M","$","?","?","?","E","R","M","T","?","R","?","E","M","R","BOSS","M","M","M","?","?","R","E","?","T","$","M","M","R","E","R","BOSS","R","$","E"],"build_version":"2019-01-23","purchased_purges":2,"victory":false,"max_hp_per_floor":[75,75,75,75,75,75,75,75,75,75,75,75,75,69,69,69,69,69,69,69,69,69,69,69,69,69,69,69,69,69,69,69,69,69,69,69,69,69,69,69,69,69,69,69,69,69,69,69,69,69,69,69,69,69],"card_choices":[{"not_picked":["Fusion","Steam"],"picked":"Conserve Battery","floor":1.0},{"not_picked":["Hologram","Chaos"],"picked":"Undo","floor":3.0},{"not_picked":["Leap","Rip and Tear"],"picked":"Reinforced Body","floor":8.0},{"not_picked":["Beam Cell","Gash"],"picked":"Biased Cognition","floor":10.0},{"not_picked":["Cold Snap","Steam"],"picked":"Creative AI","floor":11.0},{"not_picked":["Compile Driver","Steam Power"],"picked":"Leap","floor":13.0},{"not_picked":["Electrodynamics","Thunder Strike"],"picked":"Echo Form","floor":16.0},{"not_picked":["Compile Driver","Gash"],"picked":"Doom and Gloom","floor":18.0},{"not_picked":["Beam Cell","Barrage"],"picked":"Chill","floor":23.0},{"not_picked":["Reprogram+1","Sweeping Beam","Streamline"],"picked":"SKIP","floor":25.0},{"not_picked":["Chill","Stack","Chaos"],"picked":"SKIP","floor":27.0},{"not_picked":["Beam Cell","Hello World","Tempest"],"picked":"SKIP","floor":30.0},{"not_picked":["Melter","Cold Snap+1"],"picked":"Self Repair","floor":31.0},{"not_picked":["Buffer","Biased Cognition"],"picked":"Fission","floor":33.0},{"not_picked":["Steam","Scrape+1","Sweeping Beam+1"],"picked":"SKIP","floor":35.0},{"not_picked":["Gash+1","Hologram"],"picked":"Redo+1","floor":36.0},{"not_picked":["Barrage+1","Sweeping Beam+1"],"picked":"Genetic Algorithm","floor":37.0},{"not_picked":["Auto Shields","Blizzard","Hyperbeam"],"picked":"SKIP","floor":41.0},{"not_picked":["Storm","Leap","Streamline+1"],"picked":"SKIP","floor":42.0},{"not_picked":["Compile Driver+1","Hologram","Lockon"],"picked":"SKIP","floor":45},{"not_picked":["Conserve Battery","Streamline"],"picked":"Hologram+1","floor":48}],"player_experience":642224,"relics_obtained":[{"floor":8.0,"key":"Shuriken"},{"floor":11.0,"key":"Bronze Scales"},{"floor":23.0,"key":"Turnip"},{"floor":30.0,"key":"Sundial"},{"floor":41.0,"key":"Boot"},{"floor":48,"key":"Ginger"}],"event_choices":[{"cards_removed":["Strike_B"],"damage_healed":0.0,"max_hp_gain":0.0,"max_hp_loss":0.0,"gold_gain":0.0,"event_name":"The Cleric","player_choice":"Card Removal","floor":2.0,"gold_loss":50.0,"damage_taken":0.0},{"damage_healed":0.0,"max_hp_gain":0.0,"max_hp_loss":0.0,"gold_gain":0.0,"event_name":"Shining Light","player_choice":"Entered Light","floor":5.0,"gold_loss":0.0,"damage_taken":15.0,"cards_upgraded":["Defend_B","Defend_B"]},{"damage_healed":0.0,"max_hp_gain":0.0,"max_hp_loss":0.0,"gold_gain":0.0,"event_name":"Lab","player_choice":"Got Potions","floor":7.0,"gold_loss":0.0,"damage_taken":0.0},{"damage_healed":0.0,"max_hp_gain":0.0,"max_hp_loss":6.0,"gold_gain":0.0,"event_name":"Golden Idol","player_choice":"Lose Max HP","floor":14.0,"gold_loss":0.0,"damage_taken":0.0,"relics_obtained":["Golden Idol"]},{"damage_healed":0.0,"max_hp_gain":0.0,"max_hp_loss":0.0,"gold_gain":0.0,"event_name":"Vampires","player_choice":"Ignored","floor":20.0,"gold_loss":0.0,"damage_taken":0.0},{"damage_healed":0.0,"max_hp_gain":0.0,"max_hp_loss":0.0,"gold_gain":0.0,"event_name":"Beggar","player_choice":"Ignored","floor":21.0,"gold_loss":0.0,"damage_taken":0.0},{"cards_removed":["Strike_B"],"damage_healed":0.0,"max_hp_gain":0.0,"max_hp_loss":0.0,"gold_gain":0.0,"event_name":"Bonfire Elementals","player_choice":"Offered Basic","floor":22.0,"gold_loss":0.0,"damage_taken":0.0},{"damage_healed":0.0,"max_hp_gain":0.0,"max_hp_loss":0.0,"gold_gain":0.0,"event_name":"Match and Keep!","player_choice":"0 cards matched","floor":29.0,"gold_loss":0.0,"damage_taken":0.0,"cards_obtained":[]},{"damage_healed":0.0,"max_hp_gain":0.0,"max_hp_loss":0.0,"gold_gain":0.0,"event_name":"Mysterious Sphere","player_choice":"Ignored","floor":38.0,"gold_loss":0.0,"damage_taken":0.0},{"damage_healed":0.0,"max_hp_gain":0.0,"max_hp_loss":0.0,"gold_gain":0.0,"event_name":"Accursed Blacksmith","player_choice":"Forge","floor":39.0,"gold_loss":0.0,"damage_taken":0.0,"cards_upgraded":["Fission"]}],"is_beta":false,"boss_relics":[{"not_picked":["FrozenCore","Pandora\u0027s Box"],"picked":"Cursed Key"},{"not_picked":["Black Star","White Beast Statue"],"picked":"Sozu"}],"items_purged_floors":[12,19],"is_endless":false,"potions_floor_spawned":[1,10,13,18,30,33,36,41,46],"killed_by":"Shield and Spear","ascension_level":1}