{"gold_per_floor":[17,31,206,206,223,223,253,1,24,39,52,70,70,88,88,187,187,204,216,234,248,261,289,302,315,315,315,327,358,358,371,371,468,468,480,480,258,278,293,323,323,349,373,373,384,395,427,64,64,64,64,64,14,14],"floor_reached":54,"playtime":4382,"items_purged":["Strike_B","Defend_B","Strike_B"],"score":894,"play_id":"20a8285a-e167-4910-92c9-66c7fc139ed6","local_time":"20190524233220","is_ascension_mode":true,"campfire_choices":[{"data":"Rainbow","floor":6.0,"key":"SMITH"},{"data":"Loop","floor":13.0,"key":"SMITH"},{"floor":15.0,"key":"REST"},{"floor":27.0,"key":"REST"},{"data":"Self Repair","floor":30.0,"key":"SMITH"},{"floor":32.0,"key":"RECALL"},{"data":"Buffer","floor":44.0,"key":"SMITH"},{"floor":49.0,"key":"REST"},{"data":"Defragment","floor":52.0,"key":"SMITH"}],"neow_cost":"NO_GOLD","seed_source_timestamp":0,"circlet_count":0,"master_deck":["Strike_B","Defend_B","Defend_B","Defend_B","Zap","Dualcast+1","Rainbow+1","Genetic Algorithm","Gash","Cold Snap","Compile Driver","Glacier","Apotheosis","Ball Lightning","Undo+1","Hologram","Loop+1","Streamline","Electrodynamics","Sunder","Loop","Self Repair+1","Sunder","Glacier","All For One","Self Repair","Seek","Buffer+1","Turbo+1","Defragment+1"],"special_seed":0,"relics":["Cracked Core","Boot","Blood Vial","Snecko Eye","Cables","Matryoshka","Shuriken","Orrery","Bag of Marbles","War Paint","Smiling Mask","Juzu Bracelet","Sundial","Bottled Tornado"],"potions_floor_usage":[54],"damage_taken":[{"damage":10.0,"enemies":"Jaw Worm","floor":1.0,"turns":3.0},{"damage":10.0,"enemies":"2 Louse","floor":2.0,"turns":3.0},{"damage":1.0,"enemies":"Cultist","floor":5.0,"turns":3.0},{"damage":19.0,"enemies":"3 Sentries","floor":7.0,"turns":7.0},{"damage":9.0,"enemies":"Exordium Thugs","floor":10.0,"turns":5.0},{"damage":6.0,"enemies":"Lots of Slimes","floor":11.0,"turns":5.0},{"damage":6.0,"enemies":"Large Slime","floor":12.0,"turns":5.0},{"damage":12.0,"enemies":"Red Slaver","floor":14.0,"turns":3.0},{"damage":18.0,"enemies":"Hexaghost","floor":16.0,"turns":7.0},{"damage":9.0,"enemies":"2 Thieves","floor":18.0,"turns":5.0},{"damage":12.0,"enemies":"Shell Parasite","floor":19.0,"turns":3.0},{"damage":0.0,"enemies":"Snake Plant","floor":20.0,"turns":3.0},{"damage":14.0,"enemies":"Chosen and Byrds","floor":21.0,"turns":4.0},{"damage":6.0,"enemies":"Snecko","floor":22.0,"turns":4.0},{"damage":44.0,"enemies":"Slavers","floor":23.0,"turns":5.0},{"damage":0.0,"enemies":"Sentry and Sphere","floor":24.0,"turns":3.0},{"damage":0.0,"enemies":"3 Cultists","floor":25.0,"turns":4.0},{"damage":22.0,"enemies":"Cultist and Chosen","floor":28.0,"turns":6.0},{"damage":10.0,"enemies":"Book of Stabbing","floor":29.0,"turns":7.0},{"damage":0.0,"enemies":"Snecko","floor":31.0,"turns":3.0},{"damage":35.0,"enemies":"Collector","floor":33.0,"turns":6.0},{"damage":8.0,"enemies":"Orb Walker","floor":35.0,"turns":4.0},{"damage":0.0,"enemies":"3 Shapes","floor":38.0,"turns":6.0},{"damage":0.0,"enemies":"Sphere and 2 Shapes","floor":39.0,"turns":4.0},{"damage":29.0,"enemies":"Giant Head","floor":40.0,"turns":8.0},{"damage":3.0,"enemies":"Nemesis","floor":42.0,"turns":7.0},{"damage":53.0,"enemies":"3 Darklings","floor":45.0,"turns":5.0},{"damage":21.0,"enemies":"Jaw Worm Horde","floor":46.0,"turns":3.0},{"damage":21.0,"enemies":"Reptomancer","floor":47.0,"turns":8.0},{"damage":13.0,"enemies":"Donu and Deca","floor":50.0,"turns":11.0},{"damage":87,"enemies":"Shield and Spear","floor":54,"turns":5}],"seed_played":"-3264151803993937132","potions_obtained":[{"floor":1.0,"key":"Fire Potion"},{"floor":5.0,"key":"PowerPotion"},{"floor":10.0,"key":"Poison Potion"},{"floor":12.0,"key":"Dexterity Potion"},{"floor":16.0,"key":"PowerPotion"},{"floor":19.0,"key":"Strength Potion"},{"floor":22.0,"key":"Regen Potion"},{"floor":24.0,"key":"LiquidBronze"},{"floor":29.0,"key":"Fire Potion"},{"floor":40.0,"key":"Dexterity Potion"}],"is_trial":false,"path_per_floor":["M","M","?","?","M","R","E","$","T","M","M","M","R","M","R","B",null,"M","M","M","M","M","E","M","M","T","R","M","E","R","M","R","B",null,"M","?","$","M","M","E","?","E","T","R","M","M","E","$","R","B",null,"R","$","E"],"character_chosen":"DEFECT","items_purchased":["Glacier","Apotheosis","Ball Lightning","Bag of Marbles","Defragment","Bottled Tornado"],"campfire_rested":3,"item_purchase_floors":[8,8,8,37,48,48],"current_hp_per_floor":[65,55,55,55,54,54,35,35,35,28,24,20,20,10,32,16,75,66,56,58,46,42,21,33,42,42,64,54,56,56,58,58,35,75,75,75,75,75,75,66,59,75,75,75,39,37,38,38,60,69,75,75,75,0],"gold":14,"neow_bonus":"THREE_RARE_CARDS","is_prod":false,"is_daily":false,"chose_seed":false,"campfire_upgraded":5,"win_rate":0,"timestamp":1558765940,"path_taken":["M","M","?","?","?","R","E","?","T","M","M","M","R","M","R","BOSS","M","M","?","M","M","E","M","M","T","R","M","E","R","M","R","BOSS","M","?","$","?","M","E","?","E","T","R","M","M","E","$","R","BOSS","R","$","E"],"build_version":"2019-01-23","purchased_purges":3,"victory":false,"max_hp_per_floor":[75,75,75,75,75,75,75,75,75,75,75,75,75,75,75,75,75,75,75,75,75,75,75,75,75,75,75,75,75,75,75,75,75,75,75,75,75,75,75,75,75,75,75,75,75,75,75,75,75,75,75,75,75,75],"card_choices":[{"not_picked":["Machine Learning","Amplify"],"picked":"Rainbow","floor":0.0},{"not_picked":["Gash","Self Repair"],"picked":"Genetic Algorithm","floor":1.0},{"not_picked":["Force Field","Barrage"],"picked":"Gash","floor":2.0},{"not_picked":["Conserve Battery","Sweeping Beam"],"picked":"Cold Snap","floor":5.0},{"not_picked":["Amplify","Steam"],"picked":"Compile Driver","floor":7.0},{"not_picked":["Stack","Sweeping Beam"],"picked":"Undo","floor":10.0},{"not_picked":["Turbo","Steam"],"picked":"Hologram","floor":11.0},{"not_picked":["Multi-Cast","Beam Cell"],"picked":"Loop","floor":12.0},{"not_picked":["Steam","Beam Cell"],"picked":"Streamline","floor":14.0},{"not_picked":["Machine Learning","Creative AI"],"picked":"Electrodynamics","floor":16.0},{"not_picked":["Aggregate+1","Stack"],"picked":"Sunder","floor":18.0},{"not_picked":["Auto Shields","Hologram","Rebound"],"picked":"SKIP","floor":19.0},{"not_picked":["Streamline","Melter+1","Redo"],"picked":"SKIP","floor":20.0},{"not_picked":["Conserve Battery+1","Glacier"],"picked":"Loop","floor":21.0},{"not_picked":["Hello World","Gash"],"picked":"Self Repair","floor":22.0},{"not_picked":["Genetic Algorithm","Go for the Eyes"],"picked":"Sunder","floor":23.0},{"not_picked":["Hologram+1","Gash","Doom and Gloom"],"picked":"SKIP","floor":24.0},{"not_picked":["Compile Driver","Reinforced Body","Leap"],"picked":"SKIP","floor":25.0},{"not_picked":["Conserve Battery","Streamline+1"],"picked":"Glacier","floor":28.0},{"not_picked":["Gash","Blizzard+1","Redo"],"picked":"SKIP","floor":29.0},{"not_picked":["Coolheaded+1","Machine Learning","Gash"],"picked":"SKIP","floor":31.0},{"not_picked":["Machine Learning","Buffer"],"picked":"All For One","floor":33.0},{"not_picked":["Undo+1","Steam"],"picked":"Self Repair","floor":34.0},{"not_picked":["Static Discharge","Turbo"],"picked":"Seek","floor":34.0},{"not_picked":["Doom and Gloom+1","Scrape","Stack"],"picked":"SKIP","floor":35.0},{"not_picked":["Stack+1","Redo+1","Gash+1"],"picked":"SKIP","floor":38.0},{"not_picked":["Coolheaded+1","Stack+1","Conserve Battery"],"picked":"SKIP","floor":39.0},{"not_picked":["Go for the Eyes+1","Blizzard+1","Conserve Battery"],"picked":"SKIP","floor":40.0},{"not_picked":["Beam Cell+1","Sweeping Beam+1","Force Field"],"picked":"SKIP","floor":42.0},{"not_picked":["Go for the Eyes","Rainbow","Cold Snap+1"],"picked":"SKIP","floor":45.0},{"not_picked":["Conserve Battery","Compile Driver","Go for the Eyes"],"picked":"SKIP","floor":46.0},{"not_picked":["Machine Learning","Doom and Gloom+1"],"picked":"Turbo+1","floor":47.0}],"player_experience":132026,"relics_obtained":[{"floor":7.0,"key":"Boot"},{"floor":9.0,"key":"Blood Vial"},{"floor":23.0,"key":"Cables"},{"floor":26.0,"key":"Matryoshka"},{"floor":29.0,"key":"Shuriken"},{"floor":40.0,"key":"War Paint"},{"floor":42.0,"key":"Smiling Mask"},{"floor":43.0,"key":"Juzu Bracelet"},{"floor":47.0,"key":"Sundial"}],"event_choices":[{"damage_healed":0.0,"max_hp_gain":0.0,"max_hp_loss":0.0,"gold_gain":175.0,"event_name":"Liars Game","player_choice":"AGREE","floor":3.0,"gold_loss":0.0,"damage_taken":0.0,"cards_obtained":["Doubt"]},{"cards_removed":["Doubt"],"damage_healed":0.0,"max_hp_gain":0.0,"max_hp_loss":0.0,"gold_gain":0.0,"event_name":"Fountain of Cleansing","player_choice":"Removed Curses","floor":4.0,"gold_loss":0.0,"damage_taken":0.0},{"damage_healed":0.0,"max_hp_gain":0.0,"max_hp_loss":0.0,"gold_gain":0.0,"cards_transformed":["Strike_B"],"event_name":"Transmorgrifier","player_choice":"Transformed","floor":36.0,"gold_loss":0.0,"damage_taken":0.0,"cards_obtained":["Buffer"]},{"damage_healed":0.0,"max_hp_gain":0.0,"max_hp_loss":0.0,"gold_gain":0.0,"event_name":"Wheel of Change","player_choice":"Damaged","floor":41.0,"gold_loss":0.0,"damage_taken":7.0}],"is_beta":false,"boss_relics":[{"not_picked":["Pandora\u0027s Box","Runic Pyramid"],"picked":"Snecko Eye"},{"not_picked":["FrozenCore","Velvet Choker"],"picked":"Orrery"}],"items_purged_floors":[37,48,53],"is_endless":false,"potions_floor_spawned":[1,5,10,12,14,16,19,21,22,24,29,38,40,42,45,47],"killed_by":"Shield and Spear","ascension_level":3}