{"gold_per_floor":[111,125,142,59,72,107,107,122,122,139,14,89,89,109,109,214,214,227,227,52,52,62,62,62],"floor_reached":24,"playtime":1362,"items_purged":["Strike_R"],"score":198,"play_id":"7ea3fd11-a81c-4471-a0db-d9b8e7632a99","local_time":"20190714010415","is_ascension_mode":false,"campfire_choices":[{"floor":7,"key":"REST"},{"floor":15,"key":"REST"},{"data":"Enlightenment","floor":23,"key":"SMITH"}],"neow_cost":"NONE","seed_source_timestamp":75327746941721,"circlet_count":0,"master_deck":["Strike_R","Strike_R","Strike_R","Defend_R","Defend_R","Defend_R","Defend_R","Bash","Warcry","Spot Weakness","Burning Pact","Uppercut","Enlightenment+1","Sword Boomerang","Shrug It Off","Havoc","Dropkick","Limit Break","Carnage","Reaper","Twin Strike","Heavy Blade","Heavy Blade","Armaments","Spot Weakness","Infernal Blade+1","Feed","Warcry"],"special_seed":0,"relics":["Burning Blood","The Courier","Blue Candle","Orrery"],"potions_floor_usage":[14,14,14,16],"damage_taken":[{"damage":9.0,"enemies":"Small Slimes","floor":1.0,"turns":4.0},{"damage":11.0,"enemies":"2 Louse","floor":2.0,"turns":3.0},{"damage":18.0,"enemies":"Jaw Worm","floor":3.0,"turns":3.0},{"damage":18,"enemies":"Red Slaver","floor":5,"turns":5},{"damage":31,"enemies":"Lagavulin","floor":6,"turns":6},{"damage":14,"enemies":"Large Slime","floor":8,"turns":6},{"damage":16,"enemies":"Exordium Wildlife","floor":10,"turns":4},{"damage":35,"enemies":"Gremlin Gang","floor":14,"turns":5},{"damage":26,"enemies":"Slime Boss","floor":16,"turns":8},{"damage":30,"enemies":"2 Thieves","floor":18,"turns":4},{"damage":15,"enemies":"3 Byrds","floor":22,"turns":5},{"damage":64,"enemies":"Slavers","floor":24,"turns":3}],"seed_played":"7892007244904047283","potions_obtained":[{"floor":2.0,"key":"Dexterity Potion"},{"floor":3.0,"key":"Dexterity Potion"},{"floor":10,"key":"AttackPotion"},{"floor":14,"key":"SkillPotion"}],"is_trial":false,"path_per_floor":["M","M","M","$","M","E","R","M","T","M","$","?","?","M","R","B",null,"M","?","$","?","M","R","E"],"character_chosen":"IRONCLAD","items_purchased":["Enlightenment","Limit Break","Feed"],"campfire_rested":2,"item_purchase_floors":[4,11,20],"current_hp_per_floor":[77,72,60,60,48,23,47,39,39,29,29,18,44,15,39,19,80,56,56,56,41,40,40,0],"gold":62,"neow_bonus":"TRANSFORM_CARD","is_prod":false,"is_daily":false,"chose_seed":false,"campfire_upgraded":1,"win_rate":0,"timestamp":1563091455,"path_taken":["M","M","M","$","M","E","R","M","T","M","$","?","?","M","R","BOSS","M","?","$","?","M","R","E"],"build_version":"2019-07-10","purchased_purges":1,"victory":false,"max_hp_per_floor":[80,80,80,80,80,80,80,80,80,80,80,80,80,80,80,80,80,80,80,80,85,88,88,91],"card_choices":[{"not_picked":["Warcry","Power Through"],"picked":"Spot Weakness","floor":1.0},{"not_picked":["Perfected Strike","Cleave"],"picked":"Burning Pact","floor":2.0},{"not_picked":["Iron Wave","Fire Breathing"],"picked":"Uppercut","floor":3.0},{"not_picked":["Fire Breathing","Reckless Charge"],"picked":"Sword Boomerang","floor":5},{"not_picked":["Anger","Clothesline"],"picked":"Shrug It Off","floor":6},{"not_picked":["Wild Strike","Body Slam"],"picked":"Havoc","floor":8},{"not_picked":["Wild Strike","Warcry"],"picked":"Dropkick","floor":10},{"not_picked":["Thunderclap","Juggernaut"],"picked":"Carnage","floor":14},{"not_picked":["Impervious","Offering"],"picked":"Reaper","floor":16},{"not_picked":["Rage","Headbutt"],"picked":"Twin Strike","floor":17},{"not_picked":["Sentinel","Clothesline"],"picked":"Heavy Blade","floor":17},{"not_picked":["Sever Soul","Sentinel"],"picked":"Heavy Blade","floor":17},{"not_picked":["Heavy Blade","Thunderclap"],"picked":"Armaments","floor":17},{"not_picked":["Heavy Blade","True Grit"],"picked":"Spot Weakness","floor":17},{"not_picked":["Body Slam+1","Perfected Strike+1"],"picked":"Infernal Blade+1","floor":18},{"not_picked":["Burning Pact","Carnage"],"picked":"Warcry","floor":22}],"player_experience":1096528,"relics_obtained":[{"floor":6,"key":"The Courier"},{"floor":9,"key":"Blue Candle"}],"event_choices":[{"damage_healed":0,"gold_gain":75,"player_choice":"Gather Gold","damage_taken":11,"max_hp_gain":0,"max_hp_loss":0,"event_name":"World of Goop","floor":12,"gold_loss":0},{"damage_healed":26,"gold_gain":0,"player_choice":"Banana","damage_taken":0,"max_hp_gain":0,"max_hp_loss":0,"event_name":"Big Fish","floor":13,"gold_loss":0},{"damage_healed":0,"gold_gain":0,"player_choice":"Ignored","damage_taken":0,"max_hp_gain":0,"max_hp_loss":0,"event_name":"Ghosts","floor":19,"gold_loss":0},{"damage_healed":0,"gold_gain":0,"player_choice":"Shed Blood","damage_taken":20,"max_hp_gain":5,"max_hp_loss":0,"event_name":"Forgotten Altar","floor":21,"gold_loss":0}],"is_beta":true,"boss_relics":[{"not_picked":["Black Star","Snecko Eye"],"picked":"Orrery"}],"items_purged_floors":[20],"is_endless":false,"potions_floor_spawned":[2,3,10,14],"killed_by":"Slavers","ascension_level":0}