{"gold_per_floor":[110,122,122,17,31,31,57,57,84,98,112,112,112,139,139,241,241,252,264,174,187,199,199,49,49,76,105,121,184,184,196,196,296,296,311,326,326,336,346,346,359,359,359,359,377,406,406,421,421,421,421,421,322,354,354],"floor_reached":55,"playtime":2685,"items_purged":["Strike_R"],"score":761,"play_id":"4d372fa0-d7f9-46b2-9e03-0ad8c9151174","local_time":"20190606105820","is_ascension_mode":true,"campfire_choices":[{"data":"Uppercut","floor":6.0,"key":"SMITH"},{"data":"Bash","floor":8.0,"key":"SMITH"},{"data":"Whirlwind","floor":12.0,"key":"SMITH"},{"data":"Metallicize","floor":15.0,"key":"SMITH"},{"data":"Juggernaut","floor":23.0,"key":"SMITH"},{"data":"Metallicize","floor":30.0,"key":"SMITH"},{"data":"Shockwave","floor":32.0,"key":"SMITH"},{"data":"True Grit","floor":40,"key":"SMITH"},{"data":"Juggernaut","floor":42,"key":"SMITH"},{"floor":47,"key":"RECALL"},{"data":"True Grit","floor":49,"key":"SMITH"},{"data":"Shrug It Off","floor":52,"key":"SMITH"}],"neow_cost":"NONE","seed_source_timestamp":0,"circlet_count":0,"master_deck":["Defend_R","Defend_R","Defend_R","Defend_R","Bash+1","Uppercut+1","Whirlwind+1","Headbutt","Shrug It Off+1","Metallicize+1","Bludgeon","Metallicize+1","Carnage","True Grit+1","Juggernaut+1","Intimidate","Shockwave+1","Intimidate","Juggernaut+1","Flame Barrier+1","True Grit+1","Juggernaut+1","True Grit+1","Shrug It Off+1","Metallicize+1","Shrug It Off","Body Slam","Impervious"],"special_seed":0,"relics":["Burning Blood","Blood Vial","Potion Belt","Self Forming Clay","Sozu","Centennial Puzzle","Mango","Tiny Chest","Mark of Pain","Pen Nib","Vajra","Art of War"],"potions_floor_usage":[55],"damage_taken":[{"damage":0.0,"enemies":"Small Slimes","floor":1.0,"turns":6.0},{"damage":1.0,"enemies":"Cultist","floor":2.0,"turns":3.0},{"damage":1.0,"enemies":"Jaw Worm","floor":5.0,"turns":6.0},{"damage":24.0,"enemies":"3 Sentries","floor":7.0,"turns":11.0},{"damage":4.0,"enemies":"Exordium Thugs","floor":10.0,"turns":4.0},{"damage":10.0,"enemies":"3 Louse","floor":11.0,"turns":3.0},{"damage":5.0,"enemies":"Lagavulin","floor":14.0,"turns":7.0},{"damage":39.0,"enemies":"Hexaghost","floor":16.0,"turns":15.0},{"damage":1.0,"enemies":"3 Byrds","floor":18.0,"turns":4.0},{"damage":10.0,"enemies":"Spheric Guardian","floor":19.0,"turns":4.0},{"damage":17.0,"enemies":"Snake Plant","floor":21.0,"turns":5.0},{"damage":16.0,"enemies":"Shelled Parasite and Fungi","floor":22.0,"turns":7.0},{"damage":13.0,"enemies":"Slavers","floor":27.0,"turns":6.0},{"damage":8.0,"enemies":"3 Cultists","floor":28.0,"turns":4.0},{"damage":5.0,"enemies":"Book of Stabbing","floor":29.0,"turns":5.0},{"damage":7.0,"enemies":"Centurion and Healer","floor":31.0,"turns":6.0},{"damage":44.0,"enemies":"Collector","floor":33.0,"turns":9.0},{"damage":6.0,"enemies":"3 Darklings","floor":35.0,"turns":5.0},{"damage":17.0,"enemies":"Orb Walker","floor":36.0,"turns":3.0},{"damage":2.0,"enemies":"3 Darklings","floor":38.0,"turns":5.0},{"damage":2,"enemies":"Maw","floor":39,"turns":7},{"damage":3,"enemies":"Sphere and 2 Shapes","floor":41,"turns":5},{"damage":15,"enemies":"Spire Growth","floor":45,"turns":5},{"damage":21,"enemies":"Reptomancer","floor":46,"turns":5},{"damage":0,"enemies":"Transient","floor":48,"turns":5},{"damage":43,"enemies":"Donu and Deca","floor":50,"turns":9},{"damage":60,"enemies":"Shield and Spear","floor":54,"turns":7},{"damage":63,"enemies":"The Heart","floor":55,"turns":8}],"seed_played":"-594228701190873419","potions_obtained":[{"floor":2.0,"key":"Fire Potion"},{"floor":5.0,"key":"SteroidPotion"}],"is_trial":false,"path_per_floor":["?","M","?","?","$","?","?","M","M","T"],"character_chosen":"IRONCLAD","items_purchased":["Shrug It Off","PowerPotion","Shockwave","Shrug It Off","Body Slam"],"campfire_rested":0,"item_purchase_floors":[4,4,24,53,53],"current_hp_per_floor":[80,80,80,80,80,80,62,62,62,66,64,64,64,67,67,36,80,80,76,76,67,59,59,59,44,44,53,53,56,56,57,57,21,99,99,88,88,94,99,99,99,99,99,99,90,77,77,85,85,50,99,99,99,45,0],"gold":354,"neow_bonus":"REMOVE_CARD","is_prod":false,"is_daily":false,"chose_seed":false,"campfire_upgraded":11,"win_rate":0,"timestamp":1559811500,"path_taken":["M","M","?","$","?","R","E","R","T","M","M","R","?","E","R","BOSS","M","M","?","M","M","R","?","?","T","E","M","E","R","M","R","BOSS","M","M","?","?","M","R","?","R","T","?","M","E","R","M","R","BOSS","R","$","E","BOSS"],"build_version":"2019-01-23","purchased_purges":1,"victory":false,"max_hp_per_floor":[80,80,80,80,80,80,80,80,80,80,80,80,80,80,80,80,80,80,80,80,80,80,80,80,85,85,99,99,99,99,99,99,99,99,99,99,99,99,99,99,99,99,99,99,99,99,99,99,99,99,99,99,99,99,99],"card_choices":[{"not_picked":["Clash","Havoc"],"picked":"Uppercut","floor":1.0},{"not_picked":["Intimidate","Havoc"],"picked":"Whirlwind","floor":2.0},{"not_picked":["Pommel Strike","Fire Breathing"],"picked":"Metallicize","floor":5.0},{"not_picked":["Flex","Infernal Blade"],"picked":"Bludgeon","floor":7.0},{"not_picked":["Whirlwind","Carnage"],"picked":"Metallicize","floor":10.0},{"not_picked":["Power Through","Bloodletting"],"picked":"Carnage","floor":11.0},{"not_picked":["Warcry","Sword Boomerang"],"picked":"True Grit","floor":14.0},{"not_picked":["Fiend Fire","Dark Embrace"],"picked":"Juggernaut","floor":16.0},{"not_picked":["Blood for Blood+1","Havoc","Wild Strike"],"picked":"SKIP","floor":18.0},{"not_picked":["Thunderclap","Body Slam","Sever Soul"],"picked":"SKIP","floor":19.0},{"not_picked":["Perfected Strike","Fire Breathing+1","Pummel"],"picked":"SKIP","floor":21.0},{"not_picked":["Havoc","Hemokinesis+1"],"picked":"Intimidate","floor":22.0},{"not_picked":["Body Slam","Anger","Flex"],"picked":"SKIP","floor":27.0},{"not_picked":["Sever Soul+1","Feel No Pain","Warcry+1"],"picked":"SKIP","floor":28.0},{"not_picked":["Flex","Pummel"],"picked":"Intimidate","floor":29.0},{"not_picked":["Sever Soul","Flex","Sentinel"],"picked":"SKIP","floor":31.0},{"not_picked":["Limit Break","Immolate"],"picked":"Juggernaut","floor":33.0},{"not_picked":["Sever Soul+1","Feel No Pain+1"],"picked":"Flame Barrier+1","floor":35.0},{"not_picked":["Sword Boomerang","Clash+1"],"picked":"True Grit","floor":36.0},{"not_picked":["Sword Boomerang","Dual Wield+1","Hemokinesis+1"],"picked":"SKIP","floor":38},{"not_picked":["Whirlwind+1","Spot Weakness"],"picked":"True Grit+1","floor":39},{"not_picked":["Wild Strike","Clash","Uppercut+1"],"picked":"SKIP","floor":41},{"not_picked":["Flex","Twin Strike"],"picked":"Shrug It Off","floor":45},{"not_picked":["Twin Strike+1","Second Wind"],"picked":"Metallicize+1","floor":46},{"not_picked":["Rupture+1","Second Wind","Body Slam"],"picked":"SKIP","floor":48},{"not_picked":["Corruption","Bludgeon"],"picked":"Impervious","floor":54}],"player_experience":791127,"relics_obtained":[{"floor":7.0,"key":"Blood Vial"},{"floor":9.0,"key":"Potion Belt"},{"floor":14.0,"key":"Self Forming Clay"},{"floor":26.0,"key":"Centennial Puzzle"},{"floor":27.0,"key":"Mango"},{"floor":29.0,"key":"Tiny Chest"},{"floor":44,"key":"Pen Nib"},{"floor":46,"key":"Vajra"},{"floor":54,"key":"Art of War"}],"event_choices":[{"damage_healed":0.0,"max_hp_gain":0.0,"max_hp_loss":0.0,"gold_gain":0.0,"cards_transformed":["Strike_R"],"event_name":"Transmorgrifier","player_choice":"Transformed","floor":3.0,"gold_loss":0.0,"damage_taken":0.0,"cards_obtained":["Headbutt"]},{"cards_removed":["Strike_R"],"damage_healed":0.0,"max_hp_gain":0.0,"max_hp_loss":0.0,"gold_gain":0.0,"event_name":"Living Wall","player_choice":"Forget","floor":13.0,"gold_loss":0.0,"damage_taken":0.0},{"cards_removed":["Strike_R"],"damage_healed":0.0,"max_hp_gain":0.0,"max_hp_loss":0.0,"gold_gain":0.0,"event_name":"Designer","player_choice":"Upgrade and Remove","floor":20.0,"gold_loss":90.0,"damage_taken":0.0,"cards_upgraded":["Shrug It Off"]},{"damage_healed":0.0,"max_hp_gain":5.0,"max_hp_loss":0.0,"gold_gain":0.0,"event_name":"Forgotten Altar","player_choice":"Shed Blood","floor":25.0,"gold_loss":0.0,"damage_taken":20.0},{"damage_healed":0.0,"max_hp_gain":0.0,"max_hp_loss":0.0,"gold_gain":0.0,"event_name":"Duplicator","player_choice":"Copied","floor":37.0,"gold_loss":0.0,"damage_taken":0.0,"cards_obtained":["Juggernaut"]}],"is_beta":false,"boss_relics":[{"not_picked":["Astrolabe","Orrery"],"picked":"Sozu"},{"not_picked":["Runic Pyramid","Runic Dome"],"picked":"Mark of Pain"}],"items_purged_floors":[24],"is_endless":false,"potions_floor_spawned":[2,5,7,18,27,28,29,36,38,45],"killed_by":"The Heart","ascension_level":1}