{"gold_per_floor":[109,109,119,133,64,64,64,79,106,106,145,145,163,163,163,163],"floor_reached":16,"playtime":430,"items_purged":[],"score":100,"play_id":"5948095b-8372-4cf3-9468-5db0a9a16bf4","local_time":"20190629034020","is_ascension_mode":false,"campfire_choices":[{"data":"Dash","floor":6,"key":"SMITH"},{"data":"Neutralize","floor":12,"key":"SMITH"},{"floor":15,"key":"REST"}],"neow_cost":"NONE","seed_source_timestamp":19464073175437,"circlet_count":0,"master_deck":["Strike_G","Strike_G","Strike_G","Strike_G","Strike_G","Defend_G","Defend_G","Defend_G","Defend_G","Defend_G","Survivor","Neutralize+1","Dodge and Roll","Deadly Poison+1","Backflip","Dash+1","Poisoned Stab+1","Bouncing Flask"],"relics":["Ring of the Snake","NeowsBlessing","NlothsMask","Pen Nib","Golden Idol","Singing Bowl"],"potions_floor_usage":[11,16],"damage_taken":[{"damage":0,"enemies":"Jaw Worm","floor":1,"turns":1},{"damage":0,"enemies":"Cultist","floor":3,"turns":1},{"damage":0,"enemies":"Small Slimes","floor":4,"turns":1},{"damage":7,"enemies":"Blue Slaver","floor":8,"turns":4},{"damage":18,"enemies":"Gremlin Nob","floor":11,"turns":4},{"damage":15,"enemies":"2 Fungi Beasts","floor":13,"turns":3},{"damage":23,"enemies":"Slime Boss","floor":16,"turns":4}],"seed_played":"-108057291437074591","potions_obtained":[{"floor":8,"key":"AttackPotion"},{"floor":13,"key":"Fire Potion"}],"is_trial":false,"path_per_floor":["M","?","M","M","$","R","?","M","T","?","E","R","M","?","R","B"],"character_chosen":"THE_SILENT","items_purchased":["Dash"],"campfire_rested":1,"item_purchase_floors":[5],"current_hp_per_floor":[70,70,70,70,70,70,70,63,63,46,30,30,15,1,22,0],"gold":163,"neow_bonus":"THREE_ENEMY_KILL","is_prod":false,"is_daily":false,"chose_seed":false,"campfire_upgraded":2,"win_rate":0,"timestamp":1561804820,"path_taken":["M","?","M","?","$","R","?","M","T","?","E","R","M","?","R","BOSS"],"build_version":"2019-06-28","purchased_purges":0,"victory":false,"max_hp_per_floor":[70,70,70,70,70,70,70,70,70,70,72,72,72,72,72,72],"card_choices":[{"not_picked":["Blade Dance","Bane"],"picked":"Dodge and Roll","floor":1},{"not_picked":["Quick Slash","Blade Dance"],"picked":"Deadly Poison","floor":3},{"not_picked":["Riddle With Holes","Glass Knife"],"picked":"Backflip","floor":4},{"not_picked":["Quick Slash","Bane"],"picked":"Poisoned Stab","floor":8},{"not_picked":["Acrobatics","Sucker Punch","Quick Slash"],"picked":"Singing Bowl","floor":11},{"not_picked":["Bane","Blade Dance"],"picked":"Bouncing Flask","floor":13}],"player_experience":1078724,"relics_obtained":[{"floor":11,"key":"Singing Bowl"}],"event_choices":[{"damage_healed":0,"gold_gain":0,"player_choice":"Trade","damage_taken":0,"relics_obtained":["NlothsMask"],"max_hp_gain":0,"max_hp_loss":0,"event_name":"FaceTrader","floor":2,"gold_loss":0},{"damage_healed":0,"gold_gain":0,"player_choice":"Searched \u00272\u0027 times","damage_taken":0,"relics_obtained":["Pen Nib"],"max_hp_gain":0,"max_hp_loss":0,"event_name":"Dead Adventurer","floor":7,"gold_loss":0},{"damage_healed":0,"gold_gain":0,"player_choice":"Take Damage","damage_taken":17,"relics_obtained":["Golden Idol"],"max_hp_gain":0,"max_hp_loss":0,"event_name":"Golden Idol","floor":10,"gold_loss":0},{"damage_healed":0,"gold_gain":0,"player_choice":"Entered Light","damage_taken":14,"max_hp_gain":0,"max_hp_loss":0,"event_name":"Shining Light","floor":14,"gold_loss":0,"cards_upgraded":["Deadly Poison","Poisoned Stab"]}],"is_beta":true,"boss_relics":[],"items_purged_floors":[],"is_endless":false,"potions_floor_spawned":[8,13],"killed_by":"Slime Boss","ascension_level":0}