{"gold_per_floor":[116,126,44,62,62,90,90,90,169,196,196,196,296,316,316,411,411,426,426,444,444,459,459,492,508,508,508,520,534,534],"floor_reached":30,"playtime":2950,"items_purged":[],"score":330,"play_id":"1da0f60b-48af-4410-8e20-7c9c15004cb4","local_time":"20190408104204","is_ascension_mode":true,"campfire_choices":[{"data":"Dualcast","floor":7,"key":"SMITH"},{"data":"Buffer","floor":12,"key":"SMITH"},{"floor":15,"key":"REST"},{"floor":23,"key":"REST"}],"neow_cost":"NONE","seed_source_timestamp":4534878741039,"circlet_count":0,"master_deck":["Strike_B","Strike_B","Defend_B","Defend_B+1","Defend_B","Defend_B","Zap+1","Dualcast+1","Conserve Battery","Dark Shackles","Buffer+1","Conserve Battery","Ball Lightning","Reboot","Cold Snap","Meteor Strike","Redo+1","Force Field+1","Genetic Algorithm","Blizzard+1","Steam+1"],"relics":["Cracked Core","War Paint","Gremlin Horn","Odd Mushroom","Inserter","Enchiridion","Mummified Hand","Matryoshka","PreservedInsect","Molten Egg 2"],"potions_floor_usage":[6,10,16,24,28,29,30],"damage_taken":[{"damage":2,"enemies":"Jaw Worm","floor":1,"turns":3},{"damage":2,"enemies":"2 Louse","floor":2,"turns":2},{"damage":0,"enemies":"Small Slimes","floor":4,"turns":3},{"damage":36,"enemies":"3 Sentries","floor":6,"turns":7},{"damage":8,"enemies":"The Mushroom Lair","floor":10,"turns":5},{"damage":0,"enemies":"3 Louse","floor":14,"turns":3},{"damage":31,"enemies":"Hexaghost","floor":16,"turns":9},{"damage":5,"enemies":"Chosen","floor":18,"turns":6},{"damage":11,"enemies":"Spheric Guardian","floor":20,"turns":4},{"damage":42,"enemies":"3 Cultists","floor":22,"turns":6},{"damage":0,"enemies":"Gremlin Leader","floor":24,"turns":6},{"damage":0,"enemies":"Snake Plant","floor":25,"turns":6},{"damage":0,"enemies":"Cultist and Chosen","floor":28,"turns":8},{"damage":18,"enemies":"3 Cultists","floor":29,"turns":8},{"damage":7,"enemies":"Book of Stabbing","floor":30,"turns":5}],"seed_played":"7992937098128658107","potions_obtained":[{"floor":0,"key":"Explosive Potion"},{"floor":0,"key":"EssenceOfSteel"},{"floor":0,"key":"GamblersBrew"},{"floor":1,"key":"LiquidBronze"},{"floor":6,"key":"LiquidBronze"},{"floor":22,"key":"AttackPotion"},{"floor":25,"key":"Poison Potion"},{"floor":29,"key":"Swift Potion"}],"is_trial":false,"path_per_floor":["?","?","?","?","?","M","?","?","T"],"character_chosen":"DEFECT","items_purchased":["Dark Shackles"],"campfire_rested":2,"item_purchase_floors":[3],"current_hp_per_floor":[73,71,71,71,64,28,28,28,28,20,45,45,45,45,67,36,75,70,70,59,43,1,23,23,23,23,23,23,5,0],"gold":534,"neow_bonus":"THREE_SMALL_POTIONS","is_prod":false,"is_daily":false,"chose_seed":false,"campfire_upgraded":2,"win_rate":0,"timestamp":1554712924,"path_taken":["M","M","$","M","?","E","R","?","T","?","?","R","?","?","R","BOSS","M","?","M","?","M","R","E","M","T","?","M","M","E"],"build_version":"2019-01-23","purchased_purges":0,"victory":false,"max_hp_per_floor":[75,75,75,75,75,75,75,75,75,75,75,75,75,75,75,75,75,75,75,75,75,75,75,75,75,75,75,75,75,75],"card_choices":[{"not_picked":["Leap","Rip and Tear"],"picked":"Conserve Battery","floor":1},{"not_picked":["Leap","Stack","Steam"],"picked":"SKIP","floor":2},{"not_picked":["Steam","Auto Shields"],"picked":"Buffer","floor":4},{"not_picked":["White Noise","Tempest"],"picked":"Conserve Battery","floor":6},{"not_picked":["Sweeping Beam","Hello World"],"picked":"Ball Lightning","floor":14},{"not_picked":["Rainbow","Meteor Strike"],"picked":"Reboot","floor":16},{"not_picked":["Barrage","Stack+1"],"picked":"Cold Snap","floor":18},{"not_picked":["Rebound","Gash"],"picked":"Meteor Strike","floor":20},{"not_picked":["Sunder","Fusion+1"],"picked":"Redo+1","floor":22},{"not_picked":["Heatsinks","Stack+1"],"picked":"Force Field+1","floor":24},{"not_picked":["Gash","Sunder"],"picked":"Genetic Algorithm","floor":25},{"not_picked":["Streamline+1","Turbo"],"picked":"Blizzard+1","floor":28},{"not_picked":["Stack+1","Gash+1"],"picked":"Steam+1","floor":29}],"player_experience":403545,"relics_obtained":[{"floor":6,"key":"War Paint"},{"floor":9,"key":"Gremlin Horn"},{"floor":10,"key":"Odd Mushroom"},{"floor":21,"key":"Enchiridion"},{"floor":24,"key":"Mummified Hand"},{"floor":26,"key":"Matryoshka"},{"floor":27,"key":"PreservedInsect"},{"floor":27,"key":"Molten Egg 2"}],"event_choices":[{"cards_removed":["Strike_B"],"damage_healed":0,"gold_gain":0,"player_choice":"Card Removal","damage_taken":7,"max_hp_gain":0,"max_hp_loss":0,"event_name":"Golden Wing","floor":5,"gold_loss":0},{"damage_healed":0,"gold_gain":0,"player_choice":"Ignored","damage_taken":0,"max_hp_gain":0,"max_hp_loss":0,"event_name":"Shining Light","floor":8,"gold_loss":0},{"damage_healed":0,"gold_gain":0,"player_choice":"Fought Mushrooms","damage_taken":0,"max_hp_gain":0,"max_hp_loss":0,"event_name":"Mushrooms","floor":10,"gold_loss":0},{"damage_healed":25,"gold_gain":0,"player_choice":"Banana","damage_taken":0,"max_hp_gain":0,"max_hp_loss":0,"event_name":"Big Fish","floor":11,"gold_loss":0},{"damage_healed":0,"gold_gain":100,"player_choice":"Pray","damage_taken":0,"max_hp_gain":0,"max_hp_loss":0,"event_name":"Golden Shrine","floor":13,"gold_loss":0},{"cards_removed":["Strike_B"],"damage_healed":0,"gold_gain":0,"player_choice":"Elegance","damage_taken":0,"max_hp_gain":0,"max_hp_loss":0,"event_name":"Back to Basics","floor":19,"gold_loss":0},{"damage_healed":0,"gold_gain":0,"player_choice":"Obtained Book","damage_taken":16,"max_hp_gain":0,"max_hp_loss":0,"event_name":"Cursed Tome","floor":21,"gold_loss":0}],"is_beta":false,"boss_relics":[{"not_picked":["Snecko Eye","Orrery"],"picked":"Inserter"}],"items_purged_floors":[],"is_endless":false,"potions_floor_spawned":[1,6,22,25,29],"killed_by":"Book of Stabbing","ascension_level":4}