{"gold_per_floor":[112,124,144,157,172,172,205,205,258,279,33,68,68,93,93,213,213,236,236,252,275,351,351,389,389,389,410,39,77,77,17,17,138,138,151,167,230,255,380,380,401,420,471,226,226,266,266,610,610,610,610,610,65,103,103],"floor_reached":55,"playtime":3453,"items_purged":["Strike_B","Strike_B","Strike_B"],"score":866,"play_id":"caf1a322-fed7-4a2a-b94f-dcb971d6ff45","local_time":"20190509115354","is_ascension_mode":true,"campfire_choices":[{"data":"Biased Cognition","floor":6,"key":"SMITH"},{"data":"Leap","floor":15,"key":"SMITH"},{"floor":23,"key":"RECALL"},{"floor":30,"key":"REST"},{"floor":32,"key":"REST"},{"floor":40,"key":"REST"},{"floor":47,"key":"REST"},{"floor":49,"key":"REST"},{"floor":52,"key":"REST"}],"neow_cost":"NONE","seed_source_timestamp":6599873177623,"circlet_count":0,"master_deck":["Strike_B+1","Defend_B","Defend_B","Defend_B","Defend_B","Zap+1","Dualcast","Biased Cognition+1","Undo","Ball Lightning","Leap+1","Cold Snap+1","Consume","Undo","Ball Lightning","Cold Snap","Buffer+1","Sweeping Beam+1","Rainbow","Doom and Gloom+1","Defragment+1","Leap+1","Redo+1","Conserve Battery+1","Hyperbeam","Hologram+1","Defragment+1","Redo+1","Parasite","Leap+1","Self Repair+1","Turbo+1","Echo Form+1","Thinking Ahead+1","Bandage Up+1","Go for the Eyes","Tempest+1","Lockon+1"],"relics":["FrozenCore","Mercury Hourglass","Golden Idol","Whetstone","Frozen Egg 2","Letter Opener","DataDisk","Fusion Hammer","Ornamental Fan","Dream Catcher","The Courier","Toxic Egg 2","Lantern","Symbiotic Virus","Bird Faced Urn","Turnip","Runic Capacitor","Bronze Scales","Old Coin","Centennial Puzzle","Shuriken"],"potions_floor_usage":[7,12,16,20,24,37,38,38,48,54,55],"damage_taken":[{"damage":0,"enemies":"Cultist","floor":1,"turns":2},{"damage":0,"enemies":"Jaw Worm","floor":2,"turns":2},{"damage":0,"enemies":"2 Louse","floor":3,"turns":2},{"damage":3,"enemies":"Exordium Thugs","floor":4,"turns":4},{"damage":1,"enemies":"Looter","floor":5,"turns":3},{"damage":5,"enemies":"3 Sentries","floor":7,"turns":6},{"damage":0,"enemies":"Gremlin Gang","floor":10,"turns":3},{"damage":9,"enemies":"Lagavulin","floor":12,"turns":7},{"damage":16,"enemies":"Exordium Wildlife","floor":14,"turns":2},{"damage":6,"enemies":"Hexaghost","floor":16,"turns":9},{"damage":0,"enemies":"Chosen","floor":18,"turns":5},{"damage":0,"enemies":"3 Byrds","floor":20,"turns":4},{"damage":5,"enemies":"Cultist and Chosen","floor":21,"turns":5},{"damage":13,"enemies":"Book of Stabbing","floor":24,"turns":6},{"damage":0,"enemies":"Snecko","floor":27,"turns":3},{"damage":13,"enemies":"Slavers","floor":29,"turns":4},{"damage":0,"enemies":"Automaton","floor":33,"turns":9},{"damage":0,"enemies":"3 Shapes","floor":35,"turns":3},{"damage":10,"enemies":"Orb Walker","floor":36,"turns":3},{"damage":20,"enemies":"2 Orb Walkers","floor":37,"turns":4},{"damage":9,"enemies":"Writhing Mass","floor":38,"turns":6},{"damage":0,"enemies":"Mind Bloom Boss Battle","floor":39,"turns":9},{"damage":9,"enemies":"Jaw Worm Horde","floor":41,"turns":5},{"damage":2,"enemies":"4 Shapes","floor":42,"turns":3},{"damage":5,"enemies":"Giant Head","floor":46,"turns":9},{"damage":27,"enemies":"Reptomancer","floor":48,"turns":7},{"damage":10,"enemies":"Donu and Deca","floor":50,"turns":9},{"damage":9,"enemies":"Shield and Spear","floor":54,"turns":6},{"damage":90,"enemies":"The Heart","floor":55,"turns":8}],"seed_played":"5798505006675178957","potions_obtained":[{"floor":1,"key":"SpeedPotion"},{"floor":3,"key":"Fire Potion"},{"floor":4,"key":"Block Potion"},{"floor":14,"key":"EssenceOfSteel"},{"floor":16,"key":"Poison Potion"},{"floor":18,"key":"Block Potion"},{"floor":27,"key":"EssenceOfSteel"},{"floor":35,"key":"SteroidPotion"},{"floor":37,"key":"Weak Potion"},{"floor":46,"key":"Energy Potion"},{"floor":48,"key":"Ancient Potion"}],"is_trial":false,"path_per_floor":["M","?","?","?","T","?","M","?","?","$"],"character_chosen":"DEFECT","items_purchased":["Frozen Egg 2","Toxic Egg 2","Defragment+1","Lantern","Runic Capacitor","Thinking Ahead+1","Bandage Up+1","Go for the Eyes","Tempest+1","Centennial Puzzle","Energy Potion"],"campfire_rested":6,"item_purchase_floors":[11,28,28,28,44,53,53,53,53,53,53],"current_hp_per_floor":[75,75,75,72,71,71,66,66,66,66,66,57,45,29,29,23,69,69,69,69,64,64,64,51,51,51,51,51,38,58,58,69,69,69,69,59,39,38,46,66,61,63,63,63,63,66,69,60,69,69,69,69,69,69,0],"gold":103,"neow_bonus":"ONE_RANDOM_RARE_CARD","is_prod":false,"is_daily":false,"chose_seed":false,"campfire_upgraded":2,"win_rate":0,"timestamp":1557395634,"path_taken":["M","M","?","M","M","R","E","?","T","M","$","E","?","M","R","BOSS","M","?","M","M","?","R","E","?","T","M","$","E","R","$","R","BOSS","M","?","?","M","?","R","M","M","T","?","$","E","R","E","R","BOSS","R","$","E","BOSS"],"build_version":"2019-01-23","purchased_purges":3,"victory":false,"max_hp_per_floor":[75,75,75,75,75,75,75,69,69,69,69,69,69,69,69,69,69,69,69,69,69,69,69,69,69,69,69,69,69,69,69,69,69,69,69,69,69,69,69,69,69,69,69,69,69,69,69,69,69,69,69,69,69,69,69],"card_choices":[{"not_picked":["Reprogram","Capacitor"],"picked":"Undo","floor":1},{"not_picked":["Cold Snap","Steam"],"picked":"Ball Lightning","floor":2},{"not_picked":["Stack","Coolheaded"],"picked":"Leap","floor":3},{"not_picked":["Beam Cell","Lockon"],"picked":"Cold Snap","floor":4},{"not_picked":["Scrape","Coolheaded"],"picked":"Consume","floor":5},{"not_picked":["Beam Cell","Compile Driver","Recycle"],"picked":"SKIP","floor":7},{"not_picked":["Barrage","Steam"],"picked":"Undo","floor":10},{"not_picked":["Streamline","Chill"],"picked":"Ball Lightning","floor":12},{"not_picked":["Reprogram","Coolheaded"],"picked":"Cold Snap","floor":14},{"not_picked":["Rainbow","Thunder Strike"],"picked":"Buffer+1","floor":16},{"not_picked":["Fusion","Steam","Storm+1"],"picked":"SKIP","floor":18},{"not_picked":["FTL","Tempest"],"picked":"Sweeping Beam+1","floor":20},{"not_picked":["Ball Lightning","Beam Cell","Coolheaded"],"picked":"SKIP","floor":21},{"not_picked":["Barrage","Rip and Tear"],"picked":"Rainbow","floor":24},{"not_picked":["Gash","Chill"],"picked":"Doom and Gloom+1","floor":27},{"not_picked":["White Noise+1","Streamline"],"picked":"Leap+1","floor":29},{"not_picked":["Steam Power+1","Rebound"],"picked":"Redo+1","floor":30},{"not_picked":["BootSequence+1","Hologram+1"],"picked":"Conserve Battery+1","floor":32},{"not_picked":["Core Surge","Multi-Cast+1"],"picked":"Hyperbeam","floor":33},{"not_picked":["Reprogram+1","Ball Lightning+1"],"picked":"Hologram+1","floor":35},{"not_picked":["Barrage+1","Conserve Battery+1"],"picked":"Defragment+1","floor":36},{"not_picked":["Gash","Beam Cell+1"],"picked":"Redo+1","floor":37},{"not_picked":["Sweeping Beam+1","Tempest+1"],"picked":"Leap+1","floor":38},{"not_picked":["Steam+1","Barrage+1","Streamline+1"],"picked":"SKIP","floor":41},{"not_picked":["Skim+1","Force Field+1","Stack+1"],"picked":"SKIP","floor":42},{"not_picked":["Steam+1","Machine Learning+1"],"picked":"Self Repair+1","floor":46},{"not_picked":["Cold Snap","Ball Lightning"],"picked":"Turbo+1","floor":47},{"not_picked":["Lockon","Beam Cell"],"picked":"Echo Form+1","floor":48},{"not_picked":["Hello World+1","Barrage"],"picked":"Lockon+1","floor":54}],"player_experience":601383,"relics_obtained":[{"floor":7,"key":"Mercury Hourglass"},{"floor":9,"key":"Whetstone"},{"floor":12,"key":"Letter Opener"},{"floor":22,"key":"Ornamental Fan"},{"floor":24,"key":"Dream Catcher"},{"floor":26,"key":"The Courier"},{"floor":29,"key":"Symbiotic Virus"},{"floor":37,"key":"Bird Faced Urn"},{"floor":39,"key":"Turnip"},{"floor":46,"key":"Bronze Scales"},{"floor":48,"key":"Old Coin"},{"floor":54,"key":"Shuriken"}],"event_choices":[{"damage_healed":0,"gold_gain":0,"player_choice":"Lose Max HP","damage_taken":0,"relics_obtained":["Golden Idol"],"max_hp_gain":0,"max_hp_loss":6,"event_name":"Golden Idol","floor":8,"gold_loss":0},{"damage_healed":0,"gold_gain":0,"player_choice":"Success","damage_taken":12,"relics_obtained":["DataDisk"],"max_hp_gain":0,"max_hp_loss":0,"event_name":"Scrap Ooze","floor":13,"gold_loss":0},{"damage_healed":0,"gold_gain":0,"player_choice":"Ignored","damage_taken":0,"max_hp_gain":0,"max_hp_loss":0,"event_name":"Vampires","floor":19,"gold_loss":0},{"damage_healed":0,"gold_gain":0,"player_choice":"Upgraded","damage_taken":0,"max_hp_gain":0,"max_hp_loss":0,"event_name":"Upgrade Shrine","floor":25,"gold_loss":0,"cards_upgraded":["Zap"]},{"damage_healed":0,"gold_gain":0,"player_choice":"Fight","damage_taken":0,"max_hp_gain":0,"max_hp_loss":0,"event_name":"Mysterious Sphere","floor":37,"gold_loss":0},{"damage_healed":0,"gold_gain":0,"player_choice":"Fight","damage_taken":0,"max_hp_gain":0,"max_hp_loss":0,"event_name":"MindBloom","floor":39,"gold_loss":0}],"is_beta":false,"boss_relics":[{"not_picked":["Busted Crown","Runic Dome"],"picked":"Fusion Hammer"},{"not_picked":["Tiny House","Velvet Choker"],"picked":"FrozenCore"}],"items_purged_floors":[31,44,53],"is_endless":false,"potions_floor_spawned":[1,3,4,14,16,18,27,35,37,46,48],"killed_by":"The Heart","ascension_level":1}