{"gold_per_floor":[116,129,79,4,4,32,32,60,107,125,125,125,52,52,52,181,181,196,196,196,34,46,46,46],"floor_reached":24,"playtime":845,"items_purged":["Strike_B"],"score":200,"play_id":"b70e4a50-8c21-4a64-924f-2ff0042a832d","local_time":"20190318083821","is_ascension_mode":false,"campfire_choices":[{"data":"Dualcast","floor":7,"key":"SMITH"},{"floor":12,"key":"REST"},{"data":"Defragment","floor":15,"key":"SMITH"},{"data":"Coolheaded","floor":23,"key":"SMITH"}],"neow_cost":"NONE","seed_source_timestamp":1523330692191,"circlet_count":0,"master_deck":["Strike_B","Strike_B","Defend_B","Defend_B","Defend_B","Defend_B","Zap+1","Dualcast+1","Defragment","Coolheaded+1","Injury","Defragment+1","Core Surge","Gash","Self Repair"],"relics":["Cracked Core","Juzu Bracelet","Blood Vial","DataDisk","Bloody Idol","The Courier","Black Star","Shuriken","Runic Capacitor"],"potions_floor_usage":[6,8],"damage_taken":[{"damage":0,"enemies":"Small Slimes","floor":1,"turns":3},{"damage":0,"enemies":"2 Louse","floor":2,"turns":2},{"damage":25,"enemies":"3 Sentries","floor":6,"turns":8},{"damage":22,"enemies":"Gremlin Nob","floor":8,"turns":4},{"damage":0,"enemies":"Jaw Worm","floor":10,"turns":3},{"damage":48,"enemies":"Hexaghost","floor":16,"turns":13},{"damage":12,"enemies":"Chosen","floor":18,"turns":7},{"damage":8,"enemies":"Shell Parasite","floor":22,"turns":6},{"damage":84,"enemies":"Slavers","floor":24,"turns":5}],"seed_played":"6700943234675863646","potions_obtained":[{"floor":1,"key":"Explosive Potion"},{"floor":6,"key":"FearPotion"}],"is_trial":false,"path_per_floor":["?","?","?","?","?","T"],"character_chosen":"DEFECT","items_purchased":["Defragment","Runic Capacitor"],"campfire_rested":1,"item_purchase_floors":[13,21],"current_hp_per_floor":[75,75,75,75,80,55,55,33,33,35,35,59,59,52,52,6,80,68,68,68,68,67,67,0],"gold":46,"neow_bonus":"UPGRADE_CARD","is_prod":false,"is_daily":false,"chose_seed":false,"campfire_upgraded":3,"win_rate":0.0,"timestamp":1552894701,"path_taken":["M","M","?","$","?","E","R","E","T","M","?","R","$","?","R","BOSS","M","?","?","$","M","R","E"],"build_version":"2019-01-23","purchased_purges":1,"victory":false,"max_hp_per_floor":[75,75,75,75,80,80,80,80,80,80,80,80,80,80,80,80,80,80,80,80,80,80,80,80],"card_choices":[{"not_picked":["Rip and Tear","Force Field","Stack"],"picked":"SKIP","floor":1},{"not_picked":["Scrape","Leap","Rebound"],"picked":"SKIP","floor":2},{"not_picked":["Ball Lightning","Hologram"],"picked":"Defragment","floor":6},{"not_picked":["Cold Snap","Auto Shields"],"picked":"Coolheaded","floor":8},{"not_picked":["Rip and Tear","Stack","Reprogram"],"picked":"SKIP","floor":10},{"not_picked":["All For One","Rainbow"],"picked":"Core Surge","floor":16},{"not_picked":["Tempest","Lockon"],"picked":"Gash","floor":18},{"not_picked":["Reprogram","Turbo"],"picked":"Self Repair","floor":22}],"player_experience":171328,"relics_obtained":[{"floor":6,"key":"Juzu Bracelet"},{"floor":8,"key":"Blood Vial"},{"floor":9,"key":"DataDisk"},{"floor":20,"key":"Shuriken"}],"event_choices":[{"cards_removed":["Strike_B"],"damage_healed":0,"gold_gain":0,"player_choice":"Card Removal","damage_taken":0,"max_hp_gain":0,"max_hp_loss":0,"event_name":"The Cleric","floor":3,"gold_loss":50},{"damage_healed":0,"gold_gain":0,"player_choice":"Donut","damage_taken":0,"max_hp_gain":5,"max_hp_loss":0,"event_name":"Big Fish","floor":5,"gold_loss":0},{"damage_healed":0,"gold_gain":0,"player_choice":"Take Wound","damage_taken":0,"relics_obtained":["Golden Idol"],"max_hp_gain":0,"max_hp_loss":0,"event_name":"Golden Idol","floor":11,"gold_loss":0,"cards_obtained":["Injury"]},{"damage_healed":0,"gold_gain":0,"player_choice":"Success","damage_taken":7,"relics_obtained":["The Courier"],"max_hp_gain":0,"max_hp_loss":0,"event_name":"Scrap Ooze","floor":14,"gold_loss":0},{"damage_healed":0,"gold_gain":0,"player_choice":"Gave Idol","damage_taken":0,"relics_obtained":["Bloody Idol"],"max_hp_gain":0,"max_hp_loss":0,"event_name":"Forgotten Altar","floor":19,"relics_lost":["Golden Idol"],"gold_loss":0}],"is_beta":false,"boss_relics":[{"not_picked":["Snecko Eye","Fusion Hammer"],"picked":"Black Star"}],"items_purged_floors":[4],"is_endless":false,"potions_floor_spawned":[1,6],"killed_by":"Slavers","ascension_level":0}