{"gold_per_floor":[117,198,198,198,72,72,106,123,123,123,141,174,174,174,174,271,271,285,285,163,179,94,94,94,111,111,111,145,145,176,189,189,290,290,302,54,65,78,78,78,105,105,105,5,38,51,51,81,81,81,81,81,81,114,114],"floor_reached":55,"playtime":4302,"items_purged":["Strike_G+1","Strike_G+1"],"score":926,"play_id":"4d8c1ab0-2cc6-4de6-aafa-99a68dae0958","local_time":"20190603223819","is_ascension_mode":true,"campfire_choices":[{"data":"Noxious Fumes","floor":6.0,"key":"SMITH"},{"data":"Crippling Poison","floor":13.0,"key":"SMITH"},{"data":"PiercingWail","floor":15.0,"key":"SMITH"},{"data":"Leg Sweep","floor":23.0,"key":"SMITH"},{"data":"Cloak And Dagger","floor":27.0,"key":"SMITH"},{"floor":29.0,"key":"REST"},{"floor":32.0,"key":"REST"},{"floor":40.0,"key":"RECALL"},{"floor":42.0,"key":"REST"},{"floor":49.0,"key":"REST"},{"data":"Catalyst","floor":52.0,"key":"SMITH"}],"neow_cost":"NONE","seed_source_timestamp":0,"circlet_count":0,"master_deck":["Defend_G+1","Defend_G+1","Defend_G+1","Defend_G+1","Defend_G+1","Strike_G+1","Strike_G+1","Strike_G+1","Survivor","Neutralize","Well Laid Plans+1","Noxious Fumes+1","PiercingWail+1","Poisoned Stab","Poisoned Stab","Deadly Poison","Infinite Blades+1","Crippling Poison+1","A Thousand Cuts+1","Cloak And Dagger+1","Leg Sweep+1","PiercingWail+1","Dodge and Roll+1","Backflip","Catalyst+1"],"special_seed":0,"relics":["Ring of the Serpent","NeowsBlessing","Darkstone Periapt","Prayer Wheel","Pocketwatch","Frozen Egg 2","Ginger","Sundial","Busted Crown","Molten Egg 2","Paper Crane","Ancient Tea Set","Unceasing Top","Kunai","Shuriken","FossilizedHelix","Vajra","Blue Candle"],"potions_floor_usage":[55],"damage_taken":[{"damage":0.0,"enemies":"Cultist","floor":1.0,"turns":1.0},{"damage":0.0,"enemies":"Gremlin Nob","floor":7.0,"turns":1.0},{"damage":0.0,"enemies":"Jaw Worm","floor":8.0,"turns":1.0},{"damage":0.0,"enemies":"Small Slimes","floor":11.0,"turns":3.0},{"damage":26.0,"enemies":"3 Sentries","floor":12.0,"turns":6.0},{"damage":32.0,"enemies":"Slime Boss","floor":16.0,"turns":8.0},{"damage":7.0,"enemies":"Spheric Guardian","floor":18.0,"turns":4.0},{"damage":10.0,"enemies":"Shell Parasite","floor":21.0,"turns":5.0},{"damage":4.0,"enemies":"Snake Plant","floor":25.0,"turns":4.0},{"damage":11.0,"enemies":"Gremlin Leader","floor":28.0,"turns":6.0},{"damage":19.0,"enemies":"Book of Stabbing","floor":30.0,"turns":6.0},{"damage":5.0,"enemies":"Centurion and Healer","floor":31.0,"turns":6.0},{"damage":16.0,"enemies":"Automaton","floor":33.0,"turns":9.0},{"damage":2.0,"enemies":"Orb Walker","floor":35.0,"turns":5.0},{"damage":0.0,"enemies":"3 Shapes","floor":37.0,"turns":4.0},{"damage":8.0,"enemies":"Maw","floor":38.0,"turns":8.0},{"damage":17.0,"enemies":"Reptomancer","floor":41.0,"turns":8.0},{"damage":13.0,"enemies":"Nemesis","floor":45.0,"turns":9.0},{"damage":0.0,"enemies":"3 Darklings","floor":46.0,"turns":5.0},{"damage":6.0,"enemies":"Giant Head","floor":48.0,"turns":8.0},{"damage":27.0,"enemies":"Time Eater","floor":50.0,"turns":12.0},{"damage":39.0,"enemies":"Shield and Spear","floor":54.0,"turns":9.0},{"damage":31,"enemies":"The Heart","floor":55,"turns":6}],"seed_played":"4057190239011349241","potions_obtained":[{"floor":11.0,"key":"Swift Potion"},{"floor":16.0,"key":"GhostInAJar"},{"floor":18.0,"key":"SpeedPotion"},{"floor":37.0,"key":"Ancient Potion"},{"floor":45.0,"key":"SteroidPotion"}],"is_trial":false,"path_per_floor":["M","T","?","T","$","R","E","M","T","?","M","E","R","T","R","B",null,"M","?","$","M","?","R","?","M","T","R","E","R","E","M","R","B",null,"M","$","M","M","?","R","E","R","T","$","E","M","$","E","R","B",null,"R","$","E","B"],"character_chosen":"THE_SILENT","items_purchased":["Noxious Fumes","PiercingWail","Cloak And Dagger","Kunai"],"campfire_rested":4,"item_purchase_floors":[5,5,20,36],"current_hp_per_floor":[70,70,70,70,70,70,70,70,70,70,70,44,44,44,44,12,70,63,63,63,53,53,53,53,49,49,49,38,59,40,35,56,40,70,68,68,68,60,60,60,43,64,64,64,51,51,51,45,66,39,70,70,70,31,0],"gold":114,"neow_bonus":"THREE_ENEMY_KILL","is_prod":false,"is_daily":false,"chose_seed":false,"campfire_upgraded":6,"win_rate":0,"timestamp":1559626699,"path_taken":["M","?","?","?","$","R","E","M","T","?","M","E","R","?","R","BOSS","M","?","$","M","?","R","?","M","T","R","E","R","E","?","R","BOSS","M","$","M","M","?","R","E","R","T","$","E","?","$","E","R","BOSS","R","$","E","BOSS"],"build_version":"2019-01-23","purchased_purges":2,"victory":false,"max_hp_per_floor":[70,70,70,70,70,70,70,70,70,70,70,70,70,70,70,70,70,70,70,70,70,70,70,70,70,70,70,70,70,70,70,70,70,70,70,70,70,70,70,70,70,70,70,70,70,70,70,70,70,70,70,70,70,70,70],"card_choices":[{"not_picked":["Flying Knee","Acrobatics"],"picked":"Well Laid Plans","floor":1.0},{"not_picked":["Bane","Outmaneuver","Well Laid Plans"],"picked":"SKIP","floor":7.0},{"not_picked":["Outmaneuver","Tactician"],"picked":"Poisoned Stab","floor":8.0},{"not_picked":["Accuracy","Endless Agony"],"picked":"Poisoned Stab","floor":8.0},{"not_picked":["Sucker Punch","Slice"],"picked":"Deadly Poison","floor":11.0},{"not_picked":["Deadly Poison","Unload"],"picked":"Infinite Blades+1","floor":11.0},{"not_picked":["Bane","Prepared"],"picked":"Crippling Poison","floor":12.0},{"not_picked":["Envenom+1","Adrenaline"],"picked":"A Thousand Cuts+1","floor":16.0},{"not_picked":["Dagger Throw+1"],"picked":"SKIP","floor":18.0},{"not_picked":["Endless Agony+1"],"picked":"SKIP","floor":18.0},{"not_picked":[],"picked":"Leg Sweep","floor":21.0},{"not_picked":["Prepared"],"picked":"SKIP","floor":21.0},{"not_picked":["Deflect"],"picked":"SKIP","floor":25.0},{"not_picked":["Bane+1"],"picked":"SKIP","floor":25.0},{"not_picked":["All Out Attack+1"],"picked":"SKIP","floor":28.0},{"not_picked":["Storm of Steel"],"picked":"SKIP","floor":30.0},{"not_picked":["Dodge and Roll"],"picked":"SKIP","floor":31.0},{"not_picked":["Sucker Punch+1"],"picked":"SKIP","floor":31.0},{"not_picked":[],"picked":"PiercingWail+1","floor":35.0},{"not_picked":["Sucker Punch+1"],"picked":"SKIP","floor":35.0},{"not_picked":[],"picked":"Dodge and Roll+1","floor":37.0},{"not_picked":["Slice+1"],"picked":"SKIP","floor":37.0},{"not_picked":["PiercingWail"],"picked":"SKIP","floor":38.0},{"not_picked":["PiercingWail"],"picked":"SKIP","floor":38.0},{"not_picked":[],"picked":"Backflip","floor":41.0},{"not_picked":["Acrobatics"],"picked":"SKIP","floor":45.0},{"not_picked":["Deadly Poison"],"picked":"SKIP","floor":46.0},{"not_picked":["Phantasmal Killer"],"picked":"SKIP","floor":46.0},{"not_picked":[],"picked":"Catalyst","floor":48.0},{"not_picked":["Poisoned Stab+1"],"picked":"SKIP","floor":54.0}],"player_experience":143458,"relics_obtained":[{"floor":2.0,"key":"Darkstone Periapt"},{"floor":4.0,"key":"Prayer Wheel"},{"floor":7.0,"key":"Pocketwatch"},{"floor":9.0,"key":"Frozen Egg 2"},{"floor":12.0,"key":"Ginger"},{"floor":14.0,"key":"Sundial"},{"floor":26.0,"key":"Paper Crane"},{"floor":28.0,"key":"Ancient Tea Set"},{"floor":30.0,"key":"Unceasing Top"},{"floor":41.0,"key":"Shuriken"},{"floor":45.0,"key":"FossilizedHelix"},{"floor":48.0,"key":"Vajra"},{"floor":54.0,"key":"Blue Candle"}],"event_choices":[{"damage_healed":0.0,"max_hp_gain":0.0,"max_hp_loss":0.0,"gold_gain":0.0,"event_name":"Golden Wing","player_choice":"Ignored","floor":3.0,"gold_loss":0.0,"damage_taken":0.0},{"damage_healed":0.0,"max_hp_gain":0.0,"max_hp_loss":0.0,"gold_gain":0.0,"event_name":"Living Wall","player_choice":"Grow","floor":10.0,"gold_loss":0.0,"damage_taken":0.0,"cards_upgraded":["Well Laid Plans"]},{"damage_healed":0.0,"max_hp_gain":0.0,"max_hp_loss":0.0,"gold_gain":0.0,"event_name":"Back to Basics","player_choice":"Simplicity","floor":19.0,"gold_loss":0.0,"damage_taken":0.0,"cards_upgraded":["Defend_G","Defend_G","Defend_G","Defend_G","Defend_G","Strike_G","Strike_G","Strike_G","Strike_G","Strike_G"]},{"damage_healed":0.0,"max_hp_gain":0.0,"max_hp_loss":0.0,"gold_gain":0.0,"event_name":"Addict","player_choice":"Obtained Relic","floor":22.0,"gold_loss":85.0,"damage_taken":0.0,"relics_obtained":["Molten Egg 2"]},{"damage_healed":0.0,"max_hp_gain":0.0,"max_hp_loss":0.0,"gold_gain":0.0,"event_name":"Vampires","player_choice":"Ignored","floor":24.0,"gold_loss":0.0,"damage_taken":0.0},{"damage_healed":0.0,"max_hp_gain":0.0,"max_hp_loss":0.0,"gold_gain":0.0,"event_name":"SecretPortal","player_choice":"Ignored","floor":39.0,"gold_loss":0.0,"damage_taken":0.0}],"is_beta":false,"boss_relics":[{"not_picked":["Orrery","Tiny House"],"picked":"Busted Crown"},{"not_picked":["HoveringKite","Runic Dome"],"picked":"Ring of the Serpent"}],"items_purged_floors":[20,44],"is_endless":false,"potions_floor_spawned":[11,16,18,21,37,38,45,54],"killed_by":"The Heart","ascension_level":4}