{"gold_per_floor":[116,129,32,52,64,98,78,110,110,129,154,154,154,179,179,277,277,287,305,315,315,414,414],"floor_reached":23,"playtime":2178,"items_purged":["Strike_B"],"score":264,"play_id":"be0b1b21-b49d-4fd2-a10d-c62113939461","local_time":"20190410100945","is_ascension_mode":true,"campfire_choices":[{"floor":12.0,"key":"REST"},{"data":"Creative AI","floor":15.0,"key":"SMITH"}],"neow_cost":"NONE","seed_source_timestamp":0,"circlet_count":0,"master_deck":["Defend_B","Defend_B","Defend_B","Zap","Dualcast","Doom and Gloom","Glacier","Go for the Eyes","Sunder+1","Undo","Creative AI+1","Genetic Algorithm+1","Ball Lightning+1","Hyperbeam+1","Thunder Strike+1","Coolheaded+1","Hologram+1","Redo+1","Defragment"],"special_seed":0,"relics":["Cracked Core","NeowsBlessing","Whetstone","Toxic Egg 2","Singing Bowl","Molten Egg 2","Vajra","Astrolabe"],"potions_floor_usage":[23,23],"damage_taken":[{"damage":0.0,"enemies":"Cultist","floor":1.0,"turns":1.0},{"damage":0.0,"enemies":"Small Slimes","floor":2.0,"turns":1.0},{"damage":0.0,"enemies":"Jaw Worm","floor":4.0,"turns":1.0},{"damage":0.0,"enemies":"Blue Slaver","floor":5.0,"turns":4.0},{"damage":10.0,"enemies":"3 Sentries","floor":6.0,"turns":4.0},{"damage":37.0,"enemies":"Gremlin Nob","floor":8.0,"turns":6.0},{"damage":5.0,"enemies":"Red Slaver","floor":10.0,"turns":4.0},{"damage":16.0,"enemies":"3 Sentries","floor":11.0,"turns":7.0},{"damage":28.0,"enemies":"The Guardian","floor":16.0,"turns":12.0},{"damage":15.0,"enemies":"Chosen","floor":18.0,"turns":6.0},{"damage":19.0,"enemies":"2 Thieves","floor":19.0,"turns":3.0},{"damage":13.0,"enemies":"Snecko","floor":20.0,"turns":4.0},{"damage":15,"enemies":"Gremlin Leader","floor":23,"turns":8}],"seed_played":"-2203441425260743849","potions_obtained":[{"floor":1.0,"key":"SteroidPotion"},{"floor":5.0,"key":"Explosive Potion"},{"floor":7.0,"key":"Regen Potion"},{"floor":11.0,"key":"Fire Potion"},{"floor":16.0,"key":"AttackPotion"},{"floor":20.0,"key":"FocusPotion"}],"is_trial":false,"path_per_floor":["M","?","M","?","T","?","?"],"character_chosen":"DEFECT","items_purchased":["Go for the Eyes"],"campfire_rested":1,"item_purchase_floors":[3],"current_hp_per_floor":[75,75,75,75,75,65,65,42,42,37,21,43,43,43,43,15,60,47,28,15,15,15,0],"gold":414,"neow_bonus":"THREE_ENEMY_KILL","is_prod":false,"is_daily":false,"chose_seed":false,"campfire_upgraded":1,"win_rate":0,"timestamp":1554883785,"path_taken":["M","?","$","M","M","E","?","E","T","?","E","R","?","?","R","BOSS","M","M","M","?","?","E"],"build_version":"2019-01-23","purchased_purges":1,"victory":false,"max_hp_per_floor":[75,75,75,75,75,75,75,75,75,75,75,75,75,75,75,75,75,77,77,77,77,77,77],"card_choices":[{"not_picked":["Streamline","Darkness"],"picked":"Doom and Gloom","floor":1.0},{"not_picked":["Hello World","Reinforced Body"],"picked":"Glacier","floor":2.0},{"not_picked":["Stack","Hologram","Turbo"],"picked":"SKIP","floor":4.0},{"not_picked":["Barrage","Compile Driver"],"picked":"Sunder","floor":5.0},{"not_picked":["Genetic Algorithm","Reinforced Body"],"picked":"Undo","floor":6.0},{"not_picked":["Melter","Undo"],"picked":"Creative AI","floor":8.0},{"not_picked":["Storm","Sweeping Beam"],"picked":"Genetic Algorithm+1","floor":10.0},{"not_picked":["Streamline","Buffer"],"picked":"Ball Lightning","floor":11.0},{"not_picked":["Reboot+1","Buffer"],"picked":"Hyperbeam+1","floor":16.0},{"not_picked":["Steam+1","Reinforced Body+1","Streamline+1"],"picked":"Singing Bowl","floor":18.0},{"not_picked":["Lockon+1","Go for the Eyes+1"],"picked":"Redo+1","floor":19.0},{"not_picked":["Leap+1","Sweeping Beam+1"],"picked":"Defragment","floor":20.0}],"player_experience":431561,"relics_obtained":[{"floor":6.0,"key":"Whetstone"},{"floor":8.0,"key":"Toxic Egg 2"},{"floor":9.0,"key":"Singing Bowl"},{"floor":11.0,"key":"Molten Egg 2"},{"floor":14.0,"key":"Vajra"}],"event_choices":[{"damage_healed":0.0,"max_hp_gain":0.0,"max_hp_loss":0.0,"gold_gain":0.0,"event_name":"The Woman in Blue","player_choice":"Bought 1 Potion","floor":7.0,"gold_loss":0.0,"damage_taken":0.0},{"cards_removed":["Strike_B"],"damage_healed":0.0,"max_hp_gain":0.0,"max_hp_loss":0.0,"gold_gain":0.0,"event_name":"Living Wall","player_choice":"Forget","floor":13.0,"gold_loss":0.0,"damage_taken":0.0},{"damage_healed":0.0,"max_hp_gain":0.0,"max_hp_loss":0.0,"gold_gain":0.0,"event_name":"Cursed Tome","player_choice":"Ignored","floor":21.0,"gold_loss":0.0,"damage_taken":0.0},{"damage_healed":0.0,"max_hp_gain":0.0,"max_hp_loss":0.0,"gold_gain":99.0,"event_name":"Nest","player_choice":"Stole From Cult","floor":22.0,"gold_loss":0.0,"damage_taken":0.0}],"is_beta":false,"boss_relics":[{"not_picked":["Runic Dome","Cursed Key"],"picked":"Astrolabe"}],"items_purged_floors":[3],"is_endless":false,"potions_floor_spawned":[1,5,11,16,20],"killed_by":"Gremlin Leader","ascension_level":5}