{"gold_per_floor":[112,130,140,140,158,158,83,110,110,110,137,154,219,234,234,331,331,331,331,331,297,297,297,297,297,297,297,297,297,297,297,297,297,297,297,297,297,89,0,0,0,0,0,0,0,0,0,0,0,0,0,0,0,0,0],"floor_reached":55,"playtime":4497,"items_purged":["Strike_B"],"score":865,"play_id":"bfcfc524-2df5-4f9d-a2e8-ca0b97656129","local_time":"20190509155431","is_ascension_mode":true,"campfire_choices":[{"data":"Zap","floor":6,"key":"SMITH"},{"data":"Strike_B","floor":10,"key":"PURGE"},{"data":"Strike_B","floor":15,"key":"PURGE"},{"data":"1","floor":23,"key":"LIFT"},{"data":"2","floor":25,"key":"LIFT"},{"data":"3","floor":27,"key":"LIFT"},{"data":"Defragment","floor":32,"key":"SMITH"},{"floor":41,"key":"RECALL"},{"data":"Fission","floor":42,"key":"SMITH"},{"data":"Loop","floor":45,"key":"SMITH"},{"data":"Hologram","floor":49,"key":"SMITH"},{"data":"Go for the Eyes","floor":52,"key":"SMITH"}],"neow_cost":"NONE","seed_source_timestamp":19995938843993,"circlet_count":0,"master_deck":["Defend_B","Defend_B","Defend_B","Defend_B","Zap+1","Dualcast","Conserve Battery","Cold Snap","Cold Snap","Ball Lightning","Ball Lightning","Hyperbeam","Coolheaded","Go for the Eyes+1","Electrodynamics","Hologram+1","Loop+1","Defragment+1","Doom and Gloom","Coolheaded+1","White Noise+1","Redo+1","Fission+1","Ball Lightning+1","Seek","Loop+1","Loop+1","Madness","Madness","Loop+1"],"relics":["Cracked Core","Happy Flower","Bird Faced Urn","Peace Pipe","Girya","Cables","Ectoplasm","MutagenicStrength","DataDisk","Emotion Chip","WingedGreaves","Runic Pyramid","Runic Capacitor","Red Mask","Juzu Bracelet","Incense Burner","Anchor","Turnip"],"potions_floor_usage":[8,11,24,33,37,40,40,46,47,50,55],"damage_taken":[{"damage":0,"enemies":"Small Slimes","floor":1,"turns":3},{"damage":1,"enemies":"Cultist","floor":2,"turns":3},{"damage":1,"enemies":"2 Louse","floor":3,"turns":2},{"damage":0,"enemies":"Looter","floor":5,"turns":3},{"damage":0,"enemies":"Gremlin Nob","floor":8,"turns":5},{"damage":5,"enemies":"Lagavulin","floor":11,"turns":6},{"damage":0,"enemies":"Large Slime","floor":12,"turns":5},{"damage":6,"enemies":"Lagavulin Event","floor":13,"turns":5},{"damage":1,"enemies":"Blue Slaver","floor":14,"turns":2},{"damage":27,"enemies":"Hexaghost","floor":16,"turns":10},{"damage":0,"enemies":"Chosen","floor":18,"turns":4},{"damage":0,"enemies":"Spheric Guardian","floor":20,"turns":3},{"damage":0,"enemies":"Chosen and Byrds","floor":22,"turns":4},{"damage":18,"enemies":"Book of Stabbing","floor":24,"turns":4},{"damage":0,"enemies":"Cultist and Chosen","floor":28,"turns":4},{"damage":10,"enemies":"Snecko","floor":30,"turns":3},{"damage":0,"enemies":"Gremlin Leader","floor":31,"turns":4},{"damage":8,"enemies":"Collector","floor":33,"turns":7},{"damage":0,"enemies":"3 Shapes","floor":35,"turns":2},{"damage":0,"enemies":"Orb Walker","floor":36,"turns":3},{"damage":0,"enemies":"4 Shapes","floor":37,"turns":2},{"damage":0,"enemies":"Giant Head","floor":40,"turns":9},{"damage":2,"enemies":"Writhing Mass","floor":44,"turns":3},{"damage":0,"enemies":"Mind Bloom Boss Battle","floor":46,"turns":4},{"damage":8,"enemies":"Reptomancer","floor":47,"turns":3},{"damage":27,"enemies":"Awakened One","floor":50,"turns":12},{"damage":28,"enemies":"Shield and Spear","floor":54,"turns":4},{"damage":69,"enemies":"The Heart","floor":55,"turns":8}],"seed_played":"-1919187949817254087","potions_obtained":[{"floor":3,"key":"EssenceOfSteel"},{"floor":8,"key":"SteroidPotion"},{"floor":11,"key":"Explosive Potion"},{"floor":13,"key":"EssenceOfSteel"},{"floor":30,"key":"Poison Potion"},{"floor":31,"key":"SpeedPotion"},{"floor":36,"key":"EntropicBrew"},{"floor":40,"key":"Explosive Potion"},{"floor":46,"key":"Ancient Potion"}],"is_trial":false,"path_per_floor":["?","M","?","?","?","?","?","?"],"character_chosen":"DEFECT","items_purchased":["Defragment","Runic Capacitor"],"campfire_rested":0,"item_purchase_floors":[21,38],"current_hp_per_floor":[75,74,73,73,73,73,73,73,73,73,68,68,62,61,61,34,75,75,75,75,75,75,75,63,63,63,63,69,69,61,69,69,69,75,75,75,75,75,75,75,75,75,75,75,75,75,67,58,58,43,75,75,75,53,0],"gold":0,"neow_bonus":"RANDOM_COMMON_RELIC","is_prod":false,"is_daily":false,"chose_seed":false,"campfire_upgraded":6,"win_rate":0,"timestamp":1557410071,"path_taken":["M","M","M","?","?","R","$","E","T","R","E","M","?","M","R","BOSS","M","?","M","$","M","R","E","R","T","R","M","?","M","E","R","BOSS","M","M","M","$","?","E","R","R","T","M","R","?","E","?","R","BOSS","R","$","E","BOSS"],"build_version":"2019-01-23","purchased_purges":1,"victory":false,"max_hp_per_floor":[75,75,75,75,75,75,75,75,75,75,75,75,75,75,75,75,75,75,75,75,75,75,75,75,75,75,75,75,75,75,75,75,75,75,75,75,75,75,75,75,75,75,75,75,75,75,75,75,75,75,75,75,75,75,75],"card_choices":[{"not_picked":["Auto Shields","Leap"],"picked":"Conserve Battery","floor":1},{"not_picked":["Coolheaded","Force Field"],"picked":"Cold Snap","floor":2},{"not_picked":["Force Field","Sweeping Beam"],"picked":"Cold Snap","floor":3},{"not_picked":["Sweeping Beam","Amplify"],"picked":"Ball Lightning","floor":5},{"not_picked":["Redo","Beam Cell"],"picked":"Ball Lightning","floor":8},{"not_picked":["Stack","Rebound"],"picked":"Hyperbeam","floor":11},{"not_picked":["Barrage","Conserve Battery"],"picked":"Coolheaded","floor":12},{"not_picked":["Redo","Chill"],"picked":"Go for the Eyes","floor":13},{"not_picked":["Chill","Compile Driver","Barrage"],"picked":"SKIP","floor":14},{"not_picked":["Multi-Cast","Buffer"],"picked":"Electrodynamics","floor":16},{"not_picked":["Streamline+1","Conserve Battery"],"picked":"Hologram","floor":18},{"not_picked":["Chill","White Noise"],"picked":"Loop","floor":20},{"not_picked":["Heatsinks","Cold Snap+1"],"picked":"Doom and Gloom","floor":22},{"not_picked":["Coolheaded","Gash+1","Barrage"],"picked":"SKIP","floor":24},{"not_picked":["Steam","Go for the Eyes"],"picked":"Coolheaded+1","floor":28},{"not_picked":["Reprogram+1","Rebound"],"picked":"White Noise+1","floor":30},{"not_picked":["Barrage","Turbo+1"],"picked":"Redo+1","floor":31},{"not_picked":["Rainbow","Electrodynamics"],"picked":"Fission","floor":33},{"not_picked":["Conserve Battery+1","Streamline","Blizzard"],"picked":"SKIP","floor":35},{"not_picked":["Sunder+1","Rip and Tear+1","Tempest+1"],"picked":"SKIP","floor":36},{"not_picked":["Barrage","Storm+1","Doom and Gloom"],"picked":"SKIP","floor":37},{"not_picked":["Cold Snap+1","Sweeping Beam"],"picked":"Ball Lightning+1","floor":40},{"not_picked":["Heatsinks+1","Coolheaded"],"picked":"Seek","floor":44},{"not_picked":["Beam Cell","Darkness+1"],"picked":"Loop+1","floor":46},{"not_picked":["Tempest","BootSequence"],"picked":"Loop+1","floor":47},{"not_picked":["Sweeping Beam+1","Beam Cell+1"],"picked":"Loop+1","floor":54}],"player_experience":610303,"relics_obtained":[{"floor":8,"key":"Bird Faced Urn"},{"floor":9,"key":"Peace Pipe"},{"floor":11,"key":"Girya"},{"floor":13,"key":"Cables"},{"floor":24,"key":"DataDisk"},{"floor":26,"key":"Emotion Chip"},{"floor":31,"key":"WingedGreaves"},{"floor":40,"key":"Juzu Bracelet"},{"floor":46,"key":"Incense Burner"},{"floor":47,"key":"Anchor"},{"floor":54,"key":"Turnip"}],"event_choices":[{"cards_removed":["Strike_B"],"damage_healed":0,"gold_gain":0,"player_choice":"Offered Basic","damage_taken":0,"max_hp_gain":0,"max_hp_loss":0,"event_name":"Bonfire Elementals","floor":4,"gold_loss":0},{"damage_healed":0,"gold_gain":0,"player_choice":"Searched \u00271\u0027 times","damage_taken":0,"max_hp_gain":0,"max_hp_loss":0,"event_name":"Dead Adventurer","floor":13,"gold_loss":0},{"damage_healed":0,"gold_gain":0,"player_choice":"Inject Mutagens","damage_taken":0,"relics_obtained":["MutagenicStrength"],"max_hp_gain":0,"max_hp_loss":0,"event_name":"Drug Dealer","floor":19,"gold_loss":0},{"damage_healed":0,"gold_gain":0,"player_choice":"Ignored","damage_taken":0,"max_hp_gain":0,"max_hp_loss":0,"event_name":"Ghosts","floor":29,"gold_loss":0},{"damage_healed":0,"gold_gain":0,"player_choice":"Paid","damage_taken":0,"relics_obtained":["Red Mask"],"max_hp_gain":0,"max_hp_loss":0,"event_name":"Tomb of Lord Red Mask","floor":39,"gold_loss":89},{"damage_healed":0,"gold_gain":0,"player_choice":"Fight","damage_taken":0,"max_hp_gain":0,"max_hp_loss":0,"event_name":"MindBloom","floor":46,"gold_loss":0},{"damage_healed":0,"gold_gain":0,"player_choice":"Embrace Madness","damage_taken":9,"max_hp_gain":0,"max_hp_loss":0,"event_name":"Winding Halls","floor":48,"gold_loss":0,"cards_obtained":["Madness","Madness"]}],"is_beta":false,"boss_relics":[{"not_picked":["Calling Bell","Empty Cage"],"picked":"Ectoplasm"},{"not_picked":["Black Star","FrozenCore"],"picked":"Runic Pyramid"}],"items_purged_floors":[7],"is_endless":false,"potions_floor_spawned":[3,8,11,13,24,30,31,36,40,44,46],"killed_by":"The Heart","ascension_level":1}