{"gold_per_floor":[115,115,115,115,39,83,108,108,108,142,142,155,168,188,188,317,317,332,346,223,241,264,264,307,332,344,376,423,385,397,428,440,583,595,623,656,119,99,124,124,164,185,185,199,199,213,228,228],"floor_reached":48,"playtime":7138,"items_purged":["Injury","Strike_B"],"score":548,"play_id":"7abeabab-d9dc-435d-89fa-0ac50a2a1c58","local_time":"20190325132736","is_ascension_mode":true,"campfire_choices":[{"floor":8,"key":"REST"},{"data":"White Noise","floor":11,"key":"SMITH"},{"data":"Zap","floor":15,"key":"SMITH"},{"data":"Creative AI","floor":23,"key":"SMITH"},{"floor":30,"key":"REST"},{"floor":32,"key":"REST"},{"floor":40,"key":"REST"},{"floor":45,"key":"REST"}],"neow_cost":"PERCENT_DAMAGE","seed_source_timestamp":12121023605670,"circlet_count":0,"master_deck":["Strike_B","Defend_B","Defend_B","Defend_B","Defend_B","Zap+1","Dualcast","Sweeping Beam","White Noise+1","Capacitor","Turbo","Doom and Gloom+1","Glacier","Conserve Battery","Melter+1","Storm","Steam Power","All For One","Gash","Go for the Eyes","Creative AI+1","Coolheaded","Redo+1","Coolheaded","Heatsinks+1","Hologram","Defragment+1","Beam Cell+1","Darkness","Defragment","Gash","FTL+1","Echo Form","Capacitor+1","Hologram+1","Consume+1"],"relics":["Cracked Core","Prayer Wheel","Golden Idol","Mercury Hourglass","Darkstone Periapt","Gambling Chip","Inserter","MawBank","Ginger","Red Mask","Busted Crown","Whetstone","HandDrill","Question Card","Bottled Flame"],"potions_floor_usage":[10,16,24,28,33,33,36,37],"damage_taken":[{"damage":1,"enemies":"Cultist","floor":1,"turns":3},{"damage":8,"enemies":"3 Sentries","floor":6,"turns":6},{"damage":7,"enemies":"Small Slimes","floor":7,"turns":3},{"damage":11,"enemies":"Gremlin Nob","floor":10,"turns":4},{"damage":0,"enemies":"2 Louse","floor":12,"turns":1},{"damage":0,"enemies":"2 Fungi Beasts","floor":13,"turns":3},{"damage":0,"enemies":"Exordium Thugs","floor":14,"turns":2},{"damage":5,"enemies":"The Guardian","floor":16,"turns":12},{"damage":18,"enemies":"2 Thieves","floor":18,"turns":4},{"damage":3,"enemies":"Spheric Guardian","floor":19,"turns":3},{"damage":7,"enemies":"Centurion and Healer","floor":21,"turns":6},{"damage":5,"enemies":"Cultist and Chosen","floor":22,"turns":5},{"damage":10,"enemies":"Book of Stabbing","floor":24,"turns":6},{"damage":10,"enemies":"Shelled Parasite and Fungi","floor":25,"turns":6},{"damage":3,"enemies":"Snecko","floor":27,"turns":4},{"damage":9,"enemies":"Masked Bandits","floor":28,"turns":6},{"damage":11,"enemies":"Snake Plant","floor":31,"turns":6},{"damage":12,"enemies":"Champ","floor":33,"turns":9},{"damage":12,"enemies":"3 Shapes","floor":35,"turns":4},{"damage":18,"enemies":"3 Darklings","floor":36,"turns":6},{"damage":14,"enemies":"Transient","floor":39,"turns":5},{"damage":35,"enemies":"Reptomancer","floor":41,"turns":5},{"damage":7,"enemies":"4 Shapes","floor":42,"turns":3},{"damage":30,"enemies":"Jaw Worm Horde","floor":44,"turns":5},{"damage":5,"enemies":"Maw","floor":46,"turns":6},{"damage":8,"enemies":"4 Shapes","floor":47,"turns":5},{"damage":22,"enemies":"Writhing Mass","floor":48,"turns":2}],"seed_played":"9051035776091343998","potions_obtained":[{"floor":7,"key":"SkillPotion"},{"floor":10,"key":"Weak Potion"},{"floor":14,"key":"Ancient Potion"},{"floor":18,"key":"Energy Potion"},{"floor":27,"key":"FocusPotion"},{"floor":31,"key":"EssenceOfSteel"},{"floor":33,"key":"Regen Potion"},{"floor":35,"key":"SteroidPotion"},{"floor":38,"key":"Dexterity Potion"}],"is_trial":false,"path_per_floor":["?","?","?","M","M","?","?","?"],"character_chosen":"DEFECT","items_purchased":["Poison Potion","Turbo","Coolheaded","Fruit Juice","Whetstone","HandDrill"],"campfire_rested":5,"item_purchase_floors":[5,5,20,37,37,37],"current_hp_per_floor":[53,53,46,46,46,38,31,53,53,42,42,42,42,42,42,37,75,57,54,54,47,42,42,32,22,22,19,10,10,32,21,43,31,75,63,59,64,64,50,74,39,32,32,2,26,21,13,0],"gold":228,"neow_bonus":"ONE_RARE_RELIC","is_prod":false,"is_daily":false,"chose_seed":false,"campfire_upgraded":3,"win_rate":0,"timestamp":1553516856,"path_taken":["M","?","?","?","$","E","M","R","T","E","R","M","M","M","R","BOSS","M","M","$","?","M","R","E","?","T","M","?","?","R","M","R","BOSS","M","M","$","?","M","R","E","M","T","M","R","M","M","M"],"build_version":"2019-01-23","purchased_purges":2,"victory":false,"max_hp_per_floor":[75,75,75,75,75,75,75,75,75,75,75,75,75,75,75,75,75,75,75,75,75,75,75,75,75,75,75,75,75,75,75,75,75,75,75,75,80,80,80,80,80,80,80,80,80,80,80,80],"card_choices":[{"not_picked":["Compile Driver","Heatsinks"],"picked":"Sweeping Beam","floor":1},{"not_picked":["Compile Driver","Beam Cell"],"picked":"White Noise","floor":1},{"not_picked":["Rebound","Barrage"],"picked":"Doom and Gloom","floor":6},{"not_picked":["Compile Driver","Leap"],"picked":"Glacier","floor":7},{"not_picked":["Stack","Aggregate"],"picked":"Conserve Battery","floor":7},{"not_picked":["Turbo","Conserve Battery"],"picked":"Melter","floor":10},{"not_picked":["Cold Snap","Gash"],"picked":"Storm","floor":12},{"not_picked":["Turbo","Rebound"],"picked":"Steam Power","floor":12},{"not_picked":["Go for the Eyes","Steam"],"picked":"All For One","floor":13},{"not_picked":["Static Discharge","Beam Cell"],"picked":"Gash","floor":13},{"not_picked":["Stack","Beam Cell"],"picked":"Go for the Eyes","floor":14},{"not_picked":["Conserve Battery","Aggregate","Turbo"],"picked":"SKIP","floor":14},{"not_picked":["Buffer","Machine Learning"],"picked":"Creative AI","floor":16},{"not_picked":["Undo","Steam"],"picked":"Coolheaded","floor":18},{"not_picked":["Redo","Leap+1","Scrape"],"picked":"SKIP","floor":18},{"not_picked":["Consume","Compile Driver+1"],"picked":"Redo+1","floor":19},{"not_picked":["Streamline","Turbo+1","Rip and Tear+1"],"picked":"SKIP","floor":19},{"not_picked":["Glacier","Consume"],"picked":"Heatsinks+1","floor":21},{"not_picked":["Meteor Strike","Lockon+1"],"picked":"Hologram","floor":21},{"not_picked":["Double Energy","Conserve Battery+1"],"picked":"Defragment+1","floor":22},{"not_picked":["Lockon","Undo"],"picked":"Beam Cell+1","floor":22},{"not_picked":["Redo","Double Energy"],"picked":"Darkness","floor":24},{"not_picked":["Loop+1","Streamline"],"picked":"Defragment","floor":25},{"not_picked":["Turbo","Rebound","Barrage"],"picked":"SKIP","floor":25},{"not_picked":["Rebound+1","Streamline","Steam Power+1"],"picked":"SKIP","floor":27},{"not_picked":["Melter","Coolheaded","Sweeping Beam+1"],"picked":"SKIP","floor":27},{"not_picked":["Aggregate+1","Auto Shields+1"],"picked":"Gash","floor":28},{"not_picked":["Hologram","Turbo"],"picked":"FTL+1","floor":31},{"not_picked":["Darkness","Auto Shields","Tempest+1"],"picked":"SKIP","floor":31},{"not_picked":["Amplify","Meteor Strike"],"picked":"Echo Form","floor":33},{"not_picked":["Steam+1"],"picked":"SKIP","floor":35},{"not_picked":["Ball Lightning+1"],"picked":"SKIP","floor":35},{"not_picked":["Double Energy+1"],"picked":"SKIP","floor":36},{"not_picked":["Stack"],"picked":"SKIP","floor":36},{"not_picked":[],"picked":"Capacitor+1","floor":39},{"not_picked":["Sweeping Beam"],"picked":"SKIP","floor":39},{"not_picked":["Aggregate"],"picked":"SKIP","floor":41},{"not_picked":["Sweeping Beam"],"picked":"Hologram+1","floor":42},{"not_picked":["Beam Cell+1","Hologram"],"picked":"SKIP","floor":42},{"not_picked":["Rebound","Machine Learning"],"picked":"SKIP","floor":44},{"not_picked":["Conserve Battery+1","Turbo+1"],"picked":"SKIP","floor":44},{"not_picked":["Streamline","Rip and Tear+1"],"picked":"SKIP","floor":46},{"not_picked":["Sunder","Beam Cell+1"],"picked":"SKIP","floor":46},{"not_picked":["Sweeping Beam+1"],"picked":"Consume+1","floor":47},{"not_picked":["Leap+1","Capacitor"],"picked":"SKIP","floor":47}],"player_experience":245780,"relics_obtained":[{"floor":6,"key":"Mercury Hourglass"},{"floor":9,"key":"Darkstone Periapt"},{"floor":10,"key":"Gambling Chip"},{"floor":24,"key":"MawBank"},{"floor":26,"key":"Ginger"},{"floor":28,"key":"Red Mask"},{"floor":41,"key":"Question Card"},{"floor":43,"key":"Bottled Flame"}],"event_choices":[{"damage_healed":0,"gold_gain":0,"player_choice":"Take Wound","damage_taken":0,"relics_obtained":["Golden Idol"],"max_hp_gain":0,"max_hp_loss":0,"event_name":"Golden Idol","floor":2,"gold_loss":0,"cards_obtained":["Injury"]},{"cards_removed":["Strike_B"],"damage_healed":0,"gold_gain":0,"player_choice":"Card Removal","damage_taken":7,"max_hp_gain":0,"max_hp_loss":0,"event_name":"Golden Wing","floor":3,"gold_loss":0},{"damage_healed":0,"gold_gain":0,"cards_transformed":["Strike_B"],"player_choice":"Transformed","damage_taken":0,"max_hp_gain":0,"max_hp_loss":0,"event_name":"Transmorgrifier","floor":4,"gold_loss":0,"cards_obtained":["Capacitor"]},{"damage_healed":0,"gold_gain":0,"player_choice":"Fought Bandits","damage_taken":0,"max_hp_gain":0,"max_hp_loss":0,"event_name":"Masked Bandits","floor":28,"gold_loss":0},{"damage_healed":0,"gold_gain":0,"player_choice":"Bet on Murderer","damage_taken":0,"max_hp_gain":0,"max_hp_loss":0,"event_name":"The Joust","floor":29,"gold_loss":50},{"damage_healed":0,"gold_gain":0,"player_choice":"Bought 1 Potion","damage_taken":0,"max_hp_gain":0,"max_hp_loss":0,"event_name":"The Woman in Blue","floor":38,"gold_loss":0}],"is_beta":false,"boss_relics":[{"not_picked":["Orrery","FrozenCore"],"picked":"Inserter"},{"not_picked":["Empty Cage","Calling Bell"],"picked":"Busted Crown"}],"items_purged_floors":[20,37],"is_endless":false,"potions_floor_spawned":[7,10,14,18,27,31,33,35,39,44,46],"killed_by":"Writhing Mass","ascension_level":1}