{"gold_per_floor":[215,165,240,257,203,229,229,261,261,274,291,304,336,336,336,434,434,453,453,479,479,479,479],"floor_reached":23,"playtime":1811,"items_purged":[],"score":253,"play_id":"6487a8a1-782b-478f-ba8c-bf7ce003e5ef","local_time":"20190428134630","is_ascension_mode":true,"campfire_choices":[{"floor":7,"key":"REST"},{"floor":15,"key":"REST"}],"neow_cost":"NONE","seed_source_timestamp":415907243211908,"circlet_count":0,"master_deck":["Zap","Dualcast","Loop","Hologram","Streamline","Sweeping Beam","Cold Snap","Coolheaded","Ball Lightning","BootSequence","FTL","Multi-Cast","Capacitor","Self Repair","Chill","Streamline","White Noise","Rip and Tear","Consume","Cold Snap","Doom and Gloom+1","RitualDagger","Self Repair"],"relics":["Cracked Core","Mercury Hourglass","Ornamental Fan","Lantern","Pear","Pandora\u0027s Box","Red Mask"],"potions_floor_usage":[6,13,16],"damage_taken":[{"damage":6,"enemies":"2 Louse","floor":1,"turns":3},{"damage":7,"enemies":"Small Slimes","floor":4,"turns":3},{"damage":24,"enemies":"Gremlin Nob","floor":6,"turns":4},{"damage":23,"enemies":"Lagavulin","floor":8,"turns":6},{"damage":0,"enemies":"Cultist","floor":10,"turns":3},{"damage":5,"enemies":"Exordium Thugs","floor":11,"turns":4},{"damage":6,"enemies":"Red Slaver","floor":12,"turns":3},{"damage":8,"enemies":"Gremlin Nob","floor":13,"turns":3},{"damage":36,"enemies":"The Guardian","floor":16,"turns":11},{"damage":12,"enemies":"Chosen","floor":18,"turns":5},{"damage":30,"enemies":"Masked Bandits","floor":20,"turns":5},{"damage":41,"enemies":"Slavers","floor":23,"turns":3}],"seed_played":"-8931586726388066493","potions_obtained":[{"floor":1,"key":"Weak Potion"},{"floor":11,"key":"SteroidPotion"},{"floor":13,"key":"PowerPotion"}],"is_trial":false,"path_per_floor":["M","?","?","M","$","E","R","E","T","M","M","M","E","?","R","B",null,"M","?","?","?","?","E"],"character_chosen":"DEFECT","items_purchased":["Streamline"],"campfire_rested":2,"item_purchase_floors":[5],"current_hp_per_floor":[69,69,58,51,51,27,49,26,26,26,21,15,17,17,42,6,85,80,64,41,35,35,0],"gold":479,"neow_bonus":"HUNDRED_GOLD","is_prod":false,"is_daily":false,"chose_seed":false,"campfire_upgraded":0,"win_rate":0,"timestamp":1556484390,"path_taken":["M","?","?","M","$","E","R","E","T","M","M","M","E","?","R","BOSS","M","?","?","?","?","E"],"build_version":"2019-01-23","purchased_purges":0,"victory":false,"max_hp_per_floor":[75,75,75,75,75,75,75,75,75,75,75,75,85,85,85,85,85,85,90,90,90,90,90],"card_choices":[{"not_picked":["Recycle","Doom and Gloom"],"picked":"Loop","floor":1},{"not_picked":["Storm","Go for the Eyes"],"picked":"Hologram","floor":4},{"not_picked":["Hologram","Compile Driver"],"picked":"Sweeping Beam","floor":6},{"not_picked":["Streamline","Force Field"],"picked":"Cold Snap","floor":8},{"not_picked":["Skim","Rebound"],"picked":"Coolheaded","floor":10},{"not_picked":["Scrape","Barrage"],"picked":"Ball Lightning","floor":11},{"not_picked":["Reprogram","Turbo"],"picked":"BootSequence","floor":12},{"not_picked":["Compile Driver","Hologram"],"picked":"FTL","floor":13},{"not_picked":["Fission","Hyperbeam"],"picked":"Multi-Cast","floor":16},{"not_picked":["Turbo","Ball Lightning"],"picked":"Cold Snap","floor":18},{"not_picked":["Hologram","Aggregate"],"picked":"Doom and Gloom+1","floor":20}],"player_experience":114491,"relics_obtained":[{"floor":6,"key":"Mercury Hourglass"},{"floor":8,"key":"Ornamental Fan"},{"floor":9,"key":"Lantern"},{"floor":13,"key":"Pear"},{"floor":20,"key":"Red Mask"}],"event_choices":[{"cards_removed":["Strike_B"],"damage_healed":0,"gold_gain":0,"player_choice":"Card Removal","damage_taken":0,"max_hp_gain":0,"max_hp_loss":0,"event_name":"The Cleric","floor":2,"gold_loss":50},{"damage_healed":0,"gold_gain":75,"player_choice":"Gather Gold","damage_taken":11,"max_hp_gain":0,"max_hp_loss":0,"event_name":"World of Goop","floor":3,"gold_loss":0},{"damage_healed":0,"gold_gain":0,"player_choice":"Ignored","damage_taken":0,"max_hp_gain":0,"max_hp_loss":0,"event_name":"Shining Light","floor":14,"gold_loss":0},{"damage_healed":0,"gold_gain":0,"player_choice":"Shed Blood","damage_taken":21,"max_hp_gain":5,"max_hp_loss":0,"event_name":"Forgotten Altar","floor":19,"gold_loss":0},{"damage_healed":0,"gold_gain":0,"player_choice":"Fought Bandits","damage_taken":0,"max_hp_gain":0,"max_hp_loss":0,"event_name":"Masked Bandits","floor":20,"gold_loss":0},{"damage_healed":0,"gold_gain":0,"player_choice":"Joined the Cult","damage_taken":6,"max_hp_gain":0,"max_hp_loss":0,"event_name":"Nest","floor":21,"gold_loss":0,"cards_obtained":["RitualDagger"]},{"damage_healed":0,"gold_gain":0,"player_choice":"Read","damage_taken":0,"max_hp_gain":0,"max_hp_loss":0,"event_name":"The Library","floor":22,"gold_loss":0,"cards_obtained":["Self Repair"]}],"is_beta":false,"boss_relics":[{"not_picked":["FrozenCore","Lizard Tail"],"picked":"Pandora\u0027s Box"}],"items_purged_floors":[],"is_endless":false,"potions_floor_spawned":[1,11,13],"killed_by":"Slavers","ascension_level":2}