{"gold_per_floor":[117,192,26,26,53,66,91,110,110,110,60,60,87,103,103,198,198,214,234,252,270,170,170,201,201,281,281,281,310,310,409,409,513,513,529,543,643,88,88,88,88,88,115,146,146,146],"floor_reached":46,"playtime":1260,"items_purged":["Strike_B","Strike_B"],"score":700,"play_id":"523bb851-b1fc-45ae-a3f3-93906b1312e1","local_time":"20190410082312","is_ascension_mode":true,"campfire_choices":[{"floor":10.0,"key":"DIG"},{"floor":12.0,"key":"DIG"},{"data":"Strike_B","floor":15.0,"key":"PURGE"},{"floor":23.0,"key":"DIG"},{"floor":25,"key":"REST"},{"data":"Defend_B","floor":27,"key":"PURGE"},{"floor":32,"key":"DIG"},{"floor":40,"key":"DIG"},{"data":"Pain","floor":42,"key":"PURGE"},{"floor":45,"key":"REST"}],"neow_cost":"NONE","seed_source_timestamp":0,"circlet_count":0,"master_deck":["Defend_B","Defend_B","Defend_B","Zap","Dualcast","Ball Lightning","Gash","Sunder","Chill","Undo","Conserve Battery","Steam","Ball Lightning","Hyperbeam","Sweeping Beam","Gash","Coolheaded","Defragment+1","Sweeping Beam+1","Electrodynamics","Gash","Ball Lightning+1","Gash","Conserve Battery+1","Coolheaded+1","Madness+1","Madness+1","White Noise+1","Go for the Eyes+1"],"special_seed":0,"relics":["Cracked Core","NeowsBlessing","Lantern","Boot","Shovel","StoneCalendar","Mercury Hourglass","Peace Pipe","Fusion Hammer","Ancient Tea Set","Bronze Scales","The Courier","Juzu Bracelet","Toxic Egg 2","Sozu","Cables","Ginger","Dream Catcher","WarpedTongs","Happy Flower","Shuriken"],"potions_floor_usage":[24,33,33],"damage_taken":[{"damage":0.0,"enemies":"Jaw Worm","floor":1.0,"turns":1.0},{"damage":0.0,"enemies":"Small Slimes","floor":6.0,"turns":1.0},{"damage":0.0,"enemies":"Lagavulin","floor":7.0,"turns":1.0},{"damage":0.0,"enemies":"2 Louse","floor":8.0,"turns":1.0},{"damage":0.0,"enemies":"3 Sentries","floor":13.0,"turns":6.0},{"damage":13.0,"enemies":"Exordium Thugs","floor":14.0,"turns":4.0},{"damage":17.0,"enemies":"Slime Boss","floor":16.0,"turns":7.0},{"damage":0.0,"enemies":"Spheric Guardian","floor":18.0,"turns":3.0},{"damage":0.0,"enemies":"3 Byrds","floor":19.0,"turns":2.0},{"damage":18.0,"enemies":"Snake Plant","floor":20.0,"turns":2.0},{"damage":0.0,"enemies":"3 Cultists","floor":21.0,"turns":3.0},{"damage":25,"enemies":"Book of Stabbing","floor":24,"turns":5},{"damage":16,"enemies":"Gremlin Leader","floor":29,"turns":6},{"damage":38,"enemies":"Collector","floor":33,"turns":8},{"damage":0,"enemies":"3 Darklings","floor":35,"turns":2},{"damage":2,"enemies":"Orb Walker","floor":36,"turns":3},{"damage":44,"enemies":"Nemesis","floor":44,"turns":6},{"damage":37,"enemies":"3 Darklings","floor":46,"turns":2}],"seed_played":"-8868600493861601077","potions_obtained":[{"floor":6.0,"key":"Weak Potion"},{"floor":13.0,"key":"Ancient Potion"},{"floor":16.0,"key":"SteroidPotion"},{"floor":21.0,"key":"FairyPotion"},{"floor":24,"key":"Block Potion"}],"is_trial":false,"path_per_floor":["?","?","T","?","?","?","?","?","$","?","?"],"character_chosen":"DEFECT","items_purchased":["Gash","Sunder","Gash","Cables","Ginger","Conserve Battery+1","Coolheaded+1"],"campfire_rested":2,"item_purchase_floors":[3,3,38,38,38,38,38],"current_hp_per_floor":[75,64,64,64,64,64,64,64,64,64,64,64,64,51,51,34,65,65,65,47,47,47,47,22,44,44,44,69,53,39,39,39,1,60,60,58,58,58,48,48,48,48,48,4,28,0],"gold":146,"neow_bonus":"THREE_ENEMY_KILL","is_prod":false,"is_daily":false,"chose_seed":false,"campfire_upgraded":0,"win_rate":0,"timestamp":1554877392,"path_taken":["M","?","$","?","?","M","E","M","T","R","?","R","E","M","R","BOSS","M","M","M","M","$","R","E","R","T","R","?","E","?","?","R","BOSS","M","M","?","?","?","R","?","R","T","E","R","M"],"build_version":"2019-01-23","purchased_purges":2,"victory":false,"max_hp_per_floor":[75,75,75,75,75,75,75,75,75,75,75,75,75,75,75,75,75,75,75,75,75,75,75,75,75,75,75,75,75,80,80,80,80,80,80,80,80,80,80,80,80,80,80,80,80,80],"card_choices":[{"not_picked":["Rebound","Static Discharge"],"picked":"Ball Lightning","floor":1.0},{"not_picked":["Redo","Consume"],"picked":"Chill","floor":6.0},{"not_picked":["All For One","Heatsinks"],"picked":"Undo","floor":7.0},{"not_picked":["Turbo","Coolheaded"],"picked":"Conserve Battery","floor":8.0},{"not_picked":["Fusion","Leap"],"picked":"Steam","floor":13.0},{"not_picked":["Go for the Eyes","Skim"],"picked":"Ball Lightning","floor":14.0},{"not_picked":["Reboot","Rainbow"],"picked":"Hyperbeam","floor":16.0},{"not_picked":["Melter","Ball Lightning"],"picked":"Sweeping Beam","floor":18.0},{"not_picked":["Sunder","Coolheaded"],"picked":"Gash","floor":19.0},{"not_picked":["Barrage","Ball Lightning"],"picked":"Coolheaded","floor":20.0},{"not_picked":["Redo","Rebound","Sunder"],"picked":"SKIP","floor":21.0},{"not_picked":["Ball Lightning","Skim+1"],"picked":"Defragment+1","floor":24},{"not_picked":["Amplify","Force Field"],"picked":"Sweeping Beam+1","floor":29},{"not_picked":["Biased Cognition","Seek+1"],"picked":"Electrodynamics","floor":33},{"not_picked":["Ball Lightning+1","Streamline+1"],"picked":"Gash","floor":35},{"not_picked":["Go for the Eyes","Blizzard+1"],"picked":"Ball Lightning+1","floor":36},{"not_picked":["Fusion+1","Scrape+1"],"picked":"White Noise+1","floor":44},{"not_picked":["Double Energy+1","Chaos+1"],"picked":"Go for the Eyes+1","floor":45}],"player_experience":427416,"relics_obtained":[{"floor":5.0,"key":"Lantern"},{"floor":7.0,"key":"Boot"},{"floor":9.0,"key":"Shovel"},{"floor":10.0,"key":"StoneCalendar"},{"floor":12.0,"key":"Mercury Hourglass"},{"floor":13.0,"key":"Peace Pipe"},{"floor":23.0,"key":"Ancient Tea Set"},{"floor":24,"key":"Bronze Scales"},{"floor":26,"key":"The Courier"},{"floor":29,"key":"Juzu Bracelet"},{"floor":32,"key":"Toxic Egg 2"},{"floor":40,"key":"Dream Catcher"},{"floor":43,"key":"Happy Flower"},{"floor":44,"key":"Shuriken"}],"event_choices":[{"damage_healed":0.0,"max_hp_gain":0.0,"max_hp_loss":0.0,"gold_gain":75.0,"event_name":"World of Goop","player_choice":"Gather Gold","floor":2.0,"gold_loss":0.0,"damage_taken":11.0},{"damage_healed":0.0,"max_hp_gain":0.0,"max_hp_loss":0.0,"gold_gain":0.0,"event_name":"Liars Game","player_choice":"Ignored","floor":4.0,"gold_loss":0.0,"damage_taken":0.0},{"cards_removed":["Strike_B"],"damage_healed":0.0,"max_hp_gain":0.0,"max_hp_loss":0.0,"gold_gain":0.0,"event_name":"The Cleric","player_choice":"Card Removal","floor":11.0,"gold_loss":50.0,"damage_taken":0.0},{"damage_healed":25,"gold_gain":0,"player_choice":"Heal","damage_taken":0,"max_hp_gain":0,"max_hp_loss":0,"event_name":"The Library","floor":28,"gold_loss":0},{"damage_healed":0,"gold_gain":0,"player_choice":"Shed Blood","damage_taken":19,"max_hp_gain":5,"max_hp_loss":0,"event_name":"Forgotten Altar","floor":30,"gold_loss":0},{"damage_healed":0,"gold_gain":99,"player_choice":"Stole From Cult","damage_taken":0,"max_hp_gain":0,"max_hp_loss":0,"event_name":"Nest","floor":31,"gold_loss":0},{"damage_healed":0,"gold_gain":100,"player_choice":"Pray","damage_taken":0,"max_hp_gain":0,"max_hp_loss":0,"event_name":"Golden Shrine","floor":37,"gold_loss":0},{"damage_healed":0,"gold_gain":0,"player_choice":"Embrace Madness","damage_taken":10,"max_hp_gain":0,"max_hp_loss":0,"event_name":"Winding Halls","floor":39,"gold_loss":0,"cards_obtained":["Madness","Madness"]},{"damage_healed":0,"gold_gain":0,"player_choice":"Rummage","damage_taken":0,"relics_obtained":["WarpedTongs"],"max_hp_gain":0,"max_hp_loss":0,"event_name":"Accursed Blacksmith","floor":41,"gold_loss":0,"cards_obtained":["Pain"]}],"is_beta":false,"boss_relics":[{"not_picked":["Runic Pyramid","Coffee Dripper"],"picked":"Fusion Hammer"},{"not_picked":["Black Star","Eternal Feather"],"picked":"Sozu"}],"items_purged_floors":[3,22],"is_endless":false,"potions_floor_spawned":[6,13,16,18,21,24,44],"killed_by":"3 Darklings","ascension_level":5}