{"gold_per_floor":[117,127,127,127,146,146,177,177,177,191,220,230,230,21,21,126,126,126,144,175,194,109,109,109,136,182,182,193,193,193,221,221,320,320,332,348,348,364,464,464,475,492,492,518,518,529,251,251,251,251],"floor_reached":51,"playtime":7968,"items_purged":["Strike_G+1"],"score":736,"play_id":"b89f733b-8bf3-4b27-b51d-6f5c87e5a9c1","local_time":"20190625152453","is_ascension_mode":true,"campfire_choices":[{"data":"Neutralize","floor":6,"key":"SMITH"},{"data":"Noxious Fumes","floor":8,"key":"SMITH"},{"data":"Corpse Explosion","floor":13,"key":"SMITH"},{"data":"Leg Sweep","floor":15,"key":"SMITH"},{"data":"Night Terror","floor":23,"key":"SMITH"},{"data":"Die Die Die","floor":27,"key":"SMITH"},{"data":"Backflip","floor":29,"key":"SMITH"},{"floor":32,"key":"REST"},{"data":"Envenom","floor":40,"key":"SMITH"},{"data":"Secret Technique","floor":49,"key":"SMITH"}],"neow_cost":"NONE","seed_source_timestamp":19822619305037,"circlet_count":0,"master_deck":["Defend_G+1","Defend_G+1","Defend_G+1","Defend_G+1","Survivor","Neutralize+1","Poisoned Stab","Leg Sweep+1","Corpse Explosion+1","Noxious Fumes+1","Night Terror+1","Die Die Die+1","Calculated Gamble+1","After Image+1","PiercingWail+1","Backflip+1","Backflip+1","PiercingWail","Envenom+1","Acrobatics+1","Dodge and Roll+1","Riddle With Holes","Well Laid Plans","Predator+1","Secret Technique+1"],"relics":["Ring of the Snake","NeowsBlessing","Singing Bowl","Blue Candle","Dream Catcher","Membership Card","Astrolabe","Red Mask","PreservedInsect","Dodecahedron","Vajra","Anchor","Velvet Choker","Calipers","Question Card","Snake Skull","Strawberry"],"potions_floor_usage":[4,7,18,24,33,39,50,50],"damage_taken":[{"damage":0,"enemies":"Jaw Worm","floor":1,"turns":1},{"damage":0,"enemies":"Small Slimes","floor":2,"turns":1},{"damage":0,"enemies":"Cultist","floor":5,"turns":1},{"damage":19,"enemies":"Gremlin Nob","floor":7,"turns":4},{"damage":0,"enemies":"Red Slaver","floor":10,"turns":4},{"damage":9,"enemies":"3 Sentries","floor":11,"turns":4},{"damage":2,"enemies":"Looter","floor":12,"turns":4},{"damage":36,"enemies":"Slime Boss","floor":16,"turns":10},{"damage":0,"enemies":"2 Thieves","floor":18,"turns":1},{"damage":4,"enemies":"Spheric Guardian","floor":19,"turns":5},{"damage":5,"enemies":"Masked Bandits","floor":20,"turns":2},{"damage":9,"enemies":"Cultist and Chosen","floor":21,"turns":6},{"damage":2,"enemies":"Centurion and Healer","floor":24,"turns":3},{"damage":22,"enemies":"Book of Stabbing","floor":25,"turns":10},{"damage":10,"enemies":"Shelled Parasite and Fungi","floor":28,"turns":5},{"damage":1,"enemies":"Slavers","floor":31,"turns":5},{"damage":30,"enemies":"Champ","floor":33,"turns":19},{"damage":0,"enemies":"Orb Walker","floor":35,"turns":5},{"damage":0,"enemies":"3 Shapes","floor":36,"turns":3},{"damage":45,"enemies":"Sphere and 2 Shapes","floor":38,"turns":7},{"damage":0,"enemies":"Mind Bloom Boss Battle","floor":39,"turns":9},{"damage":4,"enemies":"Transient","floor":41,"turns":5},{"damage":0,"enemies":"Writhing Mass","floor":42,"turns":8},{"damage":12,"enemies":"Reptomancer","floor":44,"turns":6},{"damage":1,"enemies":"Jaw Worm Horde","floor":46,"turns":3},{"damage":34,"enemies":"Time Eater","floor":50,"turns":14}],"seed_played":"1798340794298183722","potions_obtained":[{"floor":2,"key":"EssenceOfSteel"},{"floor":4,"key":"Fruit Juice"},{"floor":4,"key":"Strength Potion"},{"floor":4,"key":"FearPotion"},{"floor":12,"key":"SmokeBomb"},{"floor":20,"key":"SmokeBomb"},{"floor":28,"key":"GhostInAJar"},{"floor":38,"key":"Fruit Juice"},{"floor":42,"key":"EssenceOfSteel"}],"is_trial":false,"path_per_floor":["?","?","M","$","?","?","?","?","?","?","?"],"character_chosen":"THE_SILENT","items_purchased":["Membership Card","Snake Skull","Strawberry","Secret Technique"],"campfire_rested":1,"item_purchase_floors":[14,47,47,47],"current_hp_per_floor":[70,70,70,75,75,75,56,56,56,58,49,49,49,49,49,13,79,79,75,72,63,63,63,61,39,39,39,31,31,31,32,59,29,87,87,87,83,38,43,43,41,43,43,31,89,90,97,97,97,63],"gold":251,"neow_bonus":"THREE_ENEMY_KILL","is_prod":false,"is_daily":false,"chose_seed":false,"campfire_upgraded":9,"win_rate":0,"timestamp":1561469093,"path_taken":["M","M","?","?","M","R","E","R","T","M","E","?","R","?","R","BOSS","M","M","?","M","?","R","M","E","T","R","M","R","?","E","R","BOSS","M","M","?","M","?","R","M","M","T","E","?","M","$","?","R","BOSS"],"build_version":"2019-01-23","purchased_purges":1,"victory":true,"max_hp_per_floor":[70,70,70,75,75,75,75,75,75,77,77,79,79,79,79,79,79,79,79,81,81,81,81,81,81,81,81,83,83,83,85,87,87,87,87,87,93,93,98,98,100,102,102,102,89,91,98,98,98,98],"card_choices":[{"not_picked":["Underhanded Strike","Backflip"],"picked":"Poisoned Stab","floor":1},{"not_picked":["Infinite Blades","Flying Knee"],"picked":"Leg Sweep","floor":2},{"not_picked":["Underhanded Strike","Prepared"],"picked":"Corpse Explosion","floor":5},{"not_picked":["Backstab","All Out Attack"],"picked":"Noxious Fumes","floor":7},{"not_picked":["Blur","Slice","Caltrops"],"picked":"Singing Bowl","floor":10},{"not_picked":["Backflip","Underhanded Strike"],"picked":"Night Terror","floor":11},{"not_picked":["Flying Knee","Blade Dance","Backstab"],"picked":"Singing Bowl","floor":12},{"not_picked":["Glass Knife","A Thousand Cuts"],"picked":"Die Die Die","floor":16},{"not_picked":["Infinite Blades","Quick Slash"],"picked":"Backflip","floor":19},{"not_picked":["Heel Hook","Predator+1","Concentrate"],"picked":"Singing Bowl","floor":20},{"not_picked":["Riddle With Holes","Quick Slash"],"picked":"Backflip+1","floor":21},{"not_picked":["Skewer","Flechettes"],"picked":"PiercingWail","floor":25},{"not_picked":["Cloak And Dagger","Bane","Sucker Punch"],"picked":"Singing Bowl","floor":28},{"not_picked":["PiercingWail+1","Blade Dance+1","Venomology"],"picked":"Singing Bowl","floor":31},{"not_picked":["Underhanded Strike","Prepared","Backflip"],"picked":"Singing Bowl","floor":32},{"not_picked":["Adrenaline","Night Terror"],"picked":"Envenom","floor":33},{"not_picked":["Terror+1","Poisoned Stab+1"],"picked":"Acrobatics+1","floor":35},{"not_picked":["Infinite Blades+1","Prepared+1"],"picked":"Dodge and Roll+1","floor":36},{"not_picked":["Metamorphosis","Panacea","Trip"],"picked":"Singing Bowl","floor":37},{"not_picked":["Deep Breath","Trip","Magnetism"],"picked":"Singing Bowl","floor":37},{"not_picked":["Forethought","Mayhem","Enlightenment"],"picked":"Singing Bowl","floor":37},{"not_picked":["Expertise","Bane+1"],"picked":"Riddle With Holes","floor":38},{"not_picked":["Prepared","Flying Knee"],"picked":"Well Laid Plans","floor":39},{"not_picked":["Masterful Stab","Outmaneuver","PiercingWail"],"picked":"Singing Bowl","floor":41},{"not_picked":["Poisoned Stab","Dagger Throw","Concentrate+1"],"picked":"Singing Bowl","floor":42},{"not_picked":["Blade Dance+1","Night Terror"],"picked":"Predator+1","floor":44},{"not_picked":["Dodge and Roll+1","Deflect","Blade Dance","Predator+1"],"picked":"Singing Bowl","floor":46}],"player_experience":898385,"relics_obtained":[{"floor":7,"key":"Singing Bowl"},{"floor":9,"key":"Blue Candle"},{"floor":11,"key":"Dream Catcher"},{"floor":20,"key":"Red Mask"},{"floor":25,"key":"Dodecahedron"},{"floor":26,"key":"Vajra"},{"floor":31,"key":"Anchor"},{"floor":39,"key":"Calipers"},{"floor":44,"key":"Question Card"}],"event_choices":[{"cards_removed":["Strike_G"],"damage_healed":0,"gold_gain":0,"player_choice":"Forget","damage_taken":0,"max_hp_gain":0,"max_hp_loss":0,"event_name":"Living Wall","floor":3,"gold_loss":0},{"damage_healed":0,"gold_gain":0,"player_choice":"Got Potions","damage_taken":0,"max_hp_gain":0,"max_hp_loss":0,"event_name":"Lab","floor":4,"gold_loss":0},{"damage_healed":0,"gold_gain":0,"player_choice":"Fought Bandits","damage_taken":0,"max_hp_gain":0,"max_hp_loss":0,"event_name":"Masked Bandits","floor":20,"gold_loss":0},{"damage_healed":0,"gold_gain":0,"player_choice":"Obtained Relic","damage_taken":0,"relics_obtained":["PreservedInsect"],"max_hp_gain":0,"max_hp_loss":0,"event_name":"Addict","floor":22,"gold_loss":85},{"damage_healed":0,"gold_gain":0,"player_choice":"Simplicity","damage_taken":0,"max_hp_gain":0,"max_hp_loss":0,"event_name":"Back to Basics","floor":30,"gold_loss":0,"cards_upgraded":["Defend_G","Defend_G","Defend_G","Defend_G","Defend_G","Strike_G"]},{"damage_healed":0,"gold_gain":0,"player_choice":"Memory 3","damage_taken":10,"max_hp_gain":0,"max_hp_loss":0,"event_name":"SensoryStone","floor":37,"gold_loss":0},{"damage_healed":0,"gold_gain":0,"player_choice":"Fight","damage_taken":0,"max_hp_gain":0,"max_hp_loss":0,"event_name":"MindBloom","floor":39,"gold_loss":0},{"damage_healed":89,"gold_gain":0,"player_choice":"Heal","damage_taken":0,"max_hp_gain":0,"max_hp_loss":13,"event_name":"The Moai Head","floor":45,"gold_loss":0},{"cards_removed":["Defend_G"],"damage_healed":0,"gold_gain":0,"player_choice":"Removed Skill","damage_taken":0,"max_hp_gain":0,"max_hp_loss":0,"event_name":"Falling","floor":48,"gold_loss":0}],"is_beta":false,"boss_relics":[{"not_picked":["White Beast Statue","Eternal Feather"],"picked":"Astrolabe"},{"not_picked":["Ring of the Serpent","Black Star"],"picked":"Velvet Choker"}],"items_purged_floors":[47],"is_endless":false,"potions_floor_spawned":[2,5,12,20,24,28,31,38,42,46],"ascension_level":1}