{"gold_per_floor":[114,127,127,127,144,175,175,203,203,203],"floor_reached":10,"playtime":341,"items_purged":[],"score":125,"play_id":"93e2a92c-9d9d-4491-a284-17f4bc4ca033","local_time":"20190624080533","is_ascension_mode":true,"campfire_choices":[{"floor":7,"key":"REST"}],"neow_cost":"NONE","seed_source_timestamp":278427776434,"circlet_count":0,"master_deck":["AscendersBane","Defend_G","Defend_G","Defend_G","Defend_G","Defend_G","Strike_G","Strike_G","Strike_G+1","Strike_G","Strike_G+1","Survivor","Neutralize+1","Deadly Poison","Crippling Poison","Dagger Spray","Predator","PiercingWail"],"relics":["Ring of the Snake","Frozen Egg 2","Smiling Mask","Whetstone","Ornamental Fan"],"potions_floor_usage":[6,10],"damage_taken":[{"damage":0,"enemies":"Jaw Worm","floor":1,"turns":4},{"damage":0,"enemies":"Small Slimes","floor":2,"turns":4},{"damage":0,"enemies":"Cultist","floor":5,"turns":4},{"damage":34,"enemies":"Lagavulin","floor":6,"turns":9},{"damage":38,"enemies":"3 Sentries","floor":8,"turns":10},{"damage":11,"enemies":"Lagavulin","floor":10,"turns":2}],"seed_played":"650838426505098499","potions_obtained":[{"floor":1,"key":"GhostInAJar"},{"floor":2,"key":"EssenceOfSteel"}],"is_trial":false,"path_per_floor":["?","?"],"character_chosen":"THE_SILENT","items_purchased":[],"campfire_rested":1,"item_purchase_floors":[],"current_hp_per_floor":[63,63,60,60,60,26,47,9,9,0],"gold":203,"neow_bonus":"UPGRADE_CARD","is_prod":false,"is_daily":false,"chose_seed":false,"campfire_upgraded":0,"win_rate":0,"timestamp":1561356333,"path_taken":["M","M","?","?","M","E","R","E","T","E"],"build_version":"2019-01-23","purchased_purges":0,"victory":false,"max_hp_per_floor":[70,70,70,70,70,70,70,70,70,70],"card_choices":[{"not_picked":["Tactician","Deflect"],"picked":"Deadly Poison","floor":1},{"not_picked":["Accuracy","Flying Knee"],"picked":"Crippling Poison","floor":2},{"not_picked":["Sucker Punch","Blade Dance"],"picked":"Dagger Spray","floor":5},{"not_picked":["Heel Hook","Acrobatics"],"picked":"Predator","floor":6},{"not_picked":["Dagger Throw","Slice"],"picked":"PiercingWail","floor":8}],"player_experience":858186,"relics_obtained":[{"floor":6,"key":"Smiling Mask"},{"floor":8,"key":"Whetstone"},{"floor":9,"key":"Ornamental Fan"}],"event_choices":[{"damage_healed":0,"gold_gain":0,"player_choice":"Success","damage_taken":3,"relics_obtained":["Frozen Egg 2"],"max_hp_gain":0,"max_hp_loss":0,"event_name":"Scrap Ooze","floor":3,"gold_loss":0},{"damage_healed":0,"gold_gain":0,"player_choice":"Got Potions","damage_taken":0,"max_hp_gain":0,"max_hp_loss":0,"event_name":"Lab","floor":4,"gold_loss":0}],"is_beta":false,"boss_relics":[],"items_purged_floors":[],"is_endless":false,"potions_floor_spawned":[1,2,5],"killed_by":"Lagavulin","ascension_level":13}