{"gold_per_floor":[19,19,19,31,45,45,71,71,71,71,104,104,29,47,47,147,147,167,179,190,204,220,220,246,246,273,283,283,233,259,270,270,375,375,387,387,407,407,418,418,418],"floor_reached":41,"playtime":2142,"items_purged":["Strike_G"],"score":465,"play_id":"4daad9a3-c165-4338-8b50-89ecacbfe9da","local_time":"20190604144604","is_ascension_mode":true,"campfire_choices":[{"data":"Dagger Spray","floor":6,"key":"SMITH"},{"floor":10,"key":"REST"},{"floor":12,"key":"REST"},{"floor":15,"key":"DIG"},{"data":"Noxious Fumes","floor":23,"key":"SMITH"},{"data":"Footwork","floor":25,"key":"SMITH"},{"floor":28,"key":"REST"},{"floor":32,"key":"REST"},{"floor":40,"key":"REST"}],"neow_cost":"NO_GOLD","seed_source_timestamp":22857277826187,"circlet_count":0,"master_deck":["Defend_G","Defend_G","Defend_G","Defend_G","Defend_G","Strike_G+1","Strike_G","Strike_G","Survivor","Neutralize+1","Envenom+1","Dagger Spray+1","Cloak And Dagger","PiercingWail","Leg Sweep","Dash","Footwork+1","Cloak And Dagger","Die Die Die","Footwork","Endless Agony","Dodge and Roll+1","Noxious Fumes+1","Cloak And Dagger+1","Blade Dance","Slice","Noxious Fumes","A Thousand Cuts","Slice+1","Madness","Madness","Noxious Fumes+1","Backflip"],"relics":["Ring of the Snake","Turnip","Unceasing Top","Shovel","Dodecahedron","WristBlade","Bronze Scales","Ancient Tea Set","Bag of Preparation","Lizard Tail"],"potions_floor_usage":[16,16,33,33,33,37,39],"damage_taken":[{"damage":7,"enemies":"Jaw Worm","floor":1,"turns":5},{"damage":1,"enemies":"Cultist","floor":4,"turns":4},{"damage":0,"enemies":"Small Slimes","floor":5,"turns":3},{"damage":22,"enemies":"Lagavulin","floor":7,"turns":8},{"damage":27,"enemies":"Gremlin Nob","floor":11,"turns":5},{"damage":4,"enemies":"Exordium Wildlife","floor":14,"turns":4},{"damage":34,"enemies":"Slime Boss","floor":16,"turns":18},{"damage":4,"enemies":"2 Thieves","floor":18,"turns":5},{"damage":2,"enemies":"3 Byrds","floor":19,"turns":6},{"damage":7,"enemies":"Snecko","floor":20,"turns":12},{"damage":5,"enemies":"Chosen and Byrds","floor":21,"turns":8},{"damage":9,"enemies":"Centurion and Healer","floor":22,"turns":8},{"damage":16,"enemies":"Gremlin Leader","floor":24,"turns":9},{"damage":0,"enemies":"3 Cultists","floor":27,"turns":5},{"damage":13,"enemies":"Slavers","floor":30,"turns":4},{"damage":20,"enemies":"Snecko","floor":31,"turns":5},{"damage":34,"enemies":"Champ","floor":33,"turns":13},{"damage":0,"enemies":"Orb Walker","floor":35,"turns":4},{"damage":9,"enemies":"3 Darklings","floor":37,"turns":5},{"damage":55,"enemies":"Maw","floor":39,"turns":9},{"damage":81,"enemies":"Giant Head","floor":41,"turns":9}],"seed_played":"-7119831592118927789","potions_obtained":[{"floor":7,"key":"Regen Potion"},{"floor":14,"key":"GamblersBrew"},{"floor":16,"key":"Fire Potion"},{"floor":18,"key":"EssenceOfSteel"},{"floor":21,"key":"FearPotion"},{"floor":33,"key":"EssenceOfSteel"},{"floor":37,"key":"Fruit Juice"},{"floor":39,"key":"LiquidBronze"}],"is_trial":false,"path_per_floor":["?","?","M","?","$","M","?","?","?"],"character_chosen":"THE_SILENT","items_purchased":[],"campfire_rested":5,"item_purchase_floors":[],"current_hp_per_floor":[63,63,63,62,62,62,40,26,26,47,20,41,41,37,37,18,70,66,64,57,52,43,43,27,27,27,27,48,48,35,15,36,2,70,70,61,52,52,2,24,0],"gold":418,"neow_bonus":"THREE_RARE_CARDS","is_prod":false,"is_daily":false,"chose_seed":false,"campfire_upgraded":3,"win_rate":0,"timestamp":1559652364,"path_taken":["M","?","?","M","?","R","E","?","T","R","E","R","?","M","R","BOSS","M","M","M","?","M","R","E","R","T","M","R","?","E","M","R","BOSS","M","?","M","?","M","R","E"],"build_version":"2019-01-23","purchased_purges":1,"victory":false,"max_hp_per_floor":[70,70,70,70,70,70,70,70,70,70,70,70,70,70,70,70,70,70,70,70,70,70,70,70,70,70,70,70,70,70,70,70,70,70,70,70,70,70,75,75,75],"card_choices":[{"not_picked":["Tools of the Trade","Bullet Time"],"picked":"Envenom","floor":0},{"not_picked":["Dagger Throw","Bane"],"picked":"Dagger Spray","floor":1},{"not_picked":["Calculated Gamble","Deflect"],"picked":"PiercingWail","floor":4},{"not_picked":["Bullet Time","Blade Dance"],"picked":"Leg Sweep","floor":5},{"not_picked":["Dodge and Roll","Dagger Spray"],"picked":"Dash","floor":7},{"not_picked":["Tools of the Trade","Slice"],"picked":"Footwork","floor":11},{"not_picked":["Well Laid Plans","Acrobatics"],"picked":"Cloak And Dagger","floor":14},{"not_picked":["Grand Finale","Envenom"],"picked":"Die Die Die","floor":16},{"not_picked":["Deflect","Masterful Stab"],"picked":"Footwork","floor":18},{"not_picked":["Deadly Poison","Sucker Punch+1"],"picked":"Endless Agony","floor":19},{"not_picked":["Deadly Poison","Predator+1","Concentrate+1"],"picked":"SKIP","floor":20},{"not_picked":["Flying Knee","Choke"],"picked":"Dodge and Roll+1","floor":21},{"not_picked":["Venomology","Masterful Stab"],"picked":"Noxious Fumes","floor":22},{"not_picked":["PiercingWail+1","Caltrops"],"picked":"Cloak And Dagger+1","floor":24},{"not_picked":["Flying Knee","PiercingWail"],"picked":"Blade Dance","floor":27},{"not_picked":["Deflect","Quick Slash"],"picked":"Slice","floor":30},{"not_picked":["Tools of the Trade","Deflect"],"picked":"Noxious Fumes","floor":31},{"not_picked":["Doppelganger","Venomology"],"picked":"A Thousand Cuts","floor":33},{"not_picked":["Flying Knee+1","Bane"],"picked":"Slice+1","floor":35},{"not_picked":["Deadly Poison+1","Sucker Punch"],"picked":"Noxious Fumes+1","floor":37},{"not_picked":["Dagger Throw+1","Cloak And Dagger+1"],"picked":"Backflip","floor":39}],"player_experience":781411,"relics_obtained":[{"floor":7,"key":"Turnip"},{"floor":9,"key":"Unceasing Top"},{"floor":11,"key":"Shovel"},{"floor":15,"key":"Dodecahedron"},{"floor":24,"key":"Bronze Scales"},{"floor":26,"key":"Ancient Tea Set"},{"floor":30,"key":"Bag of Preparation"}],"event_choices":[{"damage_healed":0,"gold_gain":0,"player_choice":"Grow","damage_taken":0,"max_hp_gain":0,"max_hp_loss":0,"event_name":"Living Wall","floor":2,"gold_loss":0,"cards_upgraded":["Envenom"]},{"damage_healed":0,"gold_gain":0,"cards_transformed":["Strike_G"],"player_choice":"Transformed","damage_taken":0,"max_hp_gain":0,"max_hp_loss":0,"event_name":"Transmorgrifier","floor":3,"gold_loss":0,"cards_obtained":["Cloak And Dagger"]},{"damage_healed":0,"gold_gain":0,"player_choice":"Entered Light","damage_taken":14,"max_hp_gain":0,"max_hp_loss":0,"event_name":"Shining Light","floor":8,"gold_loss":0,"cards_upgraded":["Strike_G","Neutralize"]},{"damage_healed":0,"gold_gain":0,"player_choice":"Bet on Murderer","damage_taken":0,"max_hp_gain":0,"max_hp_loss":0,"event_name":"The Joust","floor":29,"gold_loss":50},{"damage_healed":0,"gold_gain":0,"player_choice":"Embrace Madness","damage_taken":9,"max_hp_gain":0,"max_hp_loss":0,"event_name":"Winding Halls","floor":36,"gold_loss":0,"cards_obtained":["Madness","Madness"]},{"damage_healed":0,"gold_gain":0,"player_choice":"Ignored","damage_taken":0,"max_hp_gain":0,"max_hp_loss":0,"event_name":"Mysterious Sphere","floor":38,"gold_loss":0}],"is_beta":false,"boss_relics":[{"not_picked":["Calling Bell","Tiny House"],"picked":"WristBlade"},{"not_picked":["Velvet Choker","Snecko Eye"],"picked":"Lizard Tail"}],"items_purged_floors":[13],"is_endless":false,"potions_floor_spawned":[7,14,16,18,21,22,27,33,37,39],"killed_by":"Giant Head","ascension_level":1}