{"gold_per_floor":[364,377,10,85,85,85,15,35,35,35,53,70,87,121,121,121],"floor_reached":16,"playtime":814,"items_purged":["Writhe"],"score":107,"play_id":"5051ee0f-9a6f-4896-9fff-d983475b068a","local_time":"20190606111646","is_ascension_mode":true,"campfire_choices":[{"data":"Footwork","floor":6,"key":"SMITH"},{"data":"Footwork","floor":10,"key":"SMITH"},{"data":"Deadly Poison","floor":15,"key":"SMITH"}],"neow_cost":"CURSE","seed_source_timestamp":10523701248350,"circlet_count":0,"master_deck":["Defend_G","Defend_G","Defend_G","Defend_G","Defend_G","Strike_G","Strike_G","Strike_G","Strike_G","Survivor","Neutralize","Riddle With Holes","Footwork+1","Footwork+1","Dagger Spray","Sucker Punch","PiercingWail","Backflip","Dagger Spray","Deadly Poison+1","Dagger Spray","Cloak And Dagger"],"relics":["Ring of the Snake","Lantern","Omamori","Singing Bowl"],"potions_floor_usage":[],"damage_taken":[{"damage":0,"enemies":"Jaw Worm","floor":1,"turns":5},{"damage":0,"enemies":"Small Slimes","floor":2,"turns":4},{"damage":0,"enemies":"2 Louse","floor":8,"turns":2},{"damage":0,"enemies":"2 Fungi Beasts","floor":11,"turns":2},{"damage":4,"enemies":"Red Slaver","floor":12,"turns":5},{"damage":8,"enemies":"Exordium Wildlife","floor":13,"turns":4},{"damage":30,"enemies":"Gremlin Nob","floor":14,"turns":5},{"damage":23,"enemies":"Hexaghost","floor":16,"turns":12}],"seed_played":"3895949884890325624","potions_obtained":[{"floor":2,"key":"LiquidBronze"},{"floor":12,"key":"SteroidPotion"}],"is_trial":false,"path_per_floor":["?","?"],"character_chosen":"THE_SILENT","items_purchased":["Lantern","Footwork","Dagger Spray","Sucker Punch","PiercingWail","Backflip"],"campfire_rested":0,"item_purchase_floors":[3,3,3,3,7,7],"current_hp_per_floor":[70,70,70,59,59,59,59,59,59,59,59,55,47,17,17,0],"gold":121,"neow_bonus":"TWO_FIFTY_GOLD","is_prod":false,"is_daily":false,"chose_seed":false,"campfire_upgraded":3,"win_rate":0,"timestamp":1559812606,"path_taken":["M","M","$","?","?","R","$","M","T","R","M","M","M","E","R","BOSS"],"build_version":"2019-01-23","purchased_purges":1,"victory":false,"max_hp_per_floor":[70,70,70,70,70,70,70,70,70,70,70,70,70,70,70,70],"card_choices":[{"not_picked":["Outmaneuver","Deflect"],"picked":"Riddle With Holes","floor":1},{"not_picked":["Underhanded Strike","Finisher"],"picked":"Footwork","floor":2},{"not_picked":["Quick Slash","Prepared","Bane"],"picked":"SKIP","floor":8},{"not_picked":["Slice","Caltrops"],"picked":"Dagger Spray","floor":11},{"not_picked":["Storm of Steel","Dodge and Roll"],"picked":"Deadly Poison","floor":12},{"not_picked":["Prepared","Blur"],"picked":"Dagger Spray","floor":13},{"not_picked":["Flechettes","Calculated Gamble"],"picked":"Cloak And Dagger","floor":14}],"player_experience":793812,"relics_obtained":[{"floor":9,"key":"Omamori"},{"floor":14,"key":"Singing Bowl"}],"event_choices":[{"damage_healed":0,"gold_gain":75,"player_choice":"Gather Gold","damage_taken":11,"max_hp_gain":0,"max_hp_loss":0,"event_name":"World of Goop","floor":4,"gold_loss":0},{"cards_removed":["Strike_G"],"damage_healed":0,"gold_gain":0,"player_choice":"Forget","damage_taken":0,"max_hp_gain":0,"max_hp_loss":0,"event_name":"Living Wall","floor":5,"gold_loss":0}],"is_beta":false,"boss_relics":[],"items_purged_floors":[3],"is_endless":false,"potions_floor_spawned":[2,12],"killed_by":"Hexaghost","ascension_level":1}