{"gold_per_floor":[111,111,111,15,30,30,30,73,100,28,0,24,40,63,63,192,192,182,206,225,246,261,261,55,55,133,152,152,152,187,47,47,173,173,194,217,217,217,237,237,80,111,111,111,147,147,190,203,203,203,203,203,8,43,43],"floor_reached":55,"playtime":9068,"items_purged":["Strike_G"],"score":1058,"play_id":"0486f4c7-4311-4c23-b587-733d998c4cbc","local_time":"20190409114347","is_ascension_mode":true,"campfire_choices":[{"floor":6.0,"key":"REST"},{"floor":15.0,"key":"REST"},{"floor":23.0,"key":"REST"},{"data":"Ghostly","floor":32.0,"key":"SMITH"},{"data":"Night Terror","floor":40.0,"key":"SMITH"},{"floor":44.0,"key":"RECALL"},{"data":"Adrenaline","floor":49.0,"key":"SMITH"},{"data":"Ghostly","floor":52.0,"key":"SMITH"}],"neow_cost":"PERCENT_DAMAGE","seed_source_timestamp":0,"circlet_count":0,"master_deck":["Defend_G","Defend_G","Defend_G","Defend_G","Defend_G","Strike_G","Strike_G","Strike_G","Survivor","Neutralize","Caltrops","Bandage Up","Skewer","Dodge and Roll","Noxious Fumes","Well Laid Plans","Backflip","Escape Plan","Adrenaline+1","Leg Sweep+1","Crippling Poison","Backflip+1","Deadly Poison+1","Deflect+1","Deflect","Writhe","Caltrops+1","Ghostly+1","Ghostly+1","Ghostly","Ghostly","Ghostly","Night Terror+1","Tools of the Trade","Cloak And Dagger+1","Deadly Poison+1","Madness","Madness","Sadistic Nature","Thinking Ahead","Noxious Fumes","Backstab+1","PiercingWail+1","Night Terror+1","Catalyst"],"special_seed":0,"relics":["Ring of the Serpent","Thread and Needle","Golden Idol","Art of War","Bag of Marbles","Black Star","Vajra","Turnip","Bottled Lightning","Kunai","Ninja Scroll","Meat on the Bone","Unceasing Top","Snake Skull","Omamori","Smiling Mask","Tingsha","DollysMirror","Bronze Scales","Ornamental Fan"],"potions_floor_usage":[],"damage_taken":[{"damage":0.0,"enemies":"2 Louse","floor":1.0,"turns":4.0},{"damage":11.0,"enemies":"Jaw Worm","floor":5.0,"turns":6.0},{"damage":35.0,"enemies":"Gremlin Nob","floor":8.0,"turns":5.0},{"damage":0.0,"enemies":"Small Slimes","floor":12.0,"turns":3.0},{"damage":4.0,"enemies":"3 Louse","floor":13.0,"turns":4.0},{"damage":3.0,"enemies":"Exordium Wildlife","floor":14.0,"turns":7.0},{"damage":29.0,"enemies":"The Guardian","floor":16.0,"turns":13.0},{"damage":22.0,"enemies":"2 Thieves","floor":18.0,"turns":4.0},{"damage":4.0,"enemies":"Spheric Guardian","floor":19.0,"turns":8.0},{"damage":0.0,"enemies":"Snecko","floor":20.0,"turns":8.0},{"damage":15.0,"enemies":"Snake Plant","floor":21.0,"turns":5.0},{"damage":1.0,"enemies":"Shelled Parasite and Fungi","floor":22.0,"turns":7.0},{"damage":10.0,"enemies":"Snecko","floor":27.0,"turns":8.0},{"damage":0.0,"enemies":"Book of Stabbing","floor":30.0,"turns":5.0},{"damage":5.0,"enemies":"Champ","floor":33.0,"turns":15.0},{"damage":14.0,"enemies":"Orb Walker","floor":35.0,"turns":6.0},{"damage":0.0,"enemies":"3 Darklings","floor":36.0,"turns":7.0},{"damage":0.0,"enemies":"Transient","floor":39.0,"turns":5.0},{"damage":0.0,"enemies":"Nemesis","floor":42.0,"turns":11.0},{"damage":9.0,"enemies":"Reptomancer","floor":45.0,"turns":8.0},{"damage":23.0,"enemies":"Giant Head","floor":47.0,"turns":11.0},{"damage":0.0,"enemies":"4 Shapes","floor":48.0,"turns":5.0},{"damage":12.0,"enemies":"Donu and Deca","floor":50.0,"turns":12.0},{"damage":20.0,"enemies":"Shield and Spear","floor":54.0,"turns":9.0},{"damage":26,"enemies":"The Heart","floor":55,"turns":6}],"seed_played":"-4815907694117461104","potions_obtained":[{"floor":8.0,"key":"Ancient Potion"},{"floor":14.0,"key":"Regen Potion"},{"floor":18.0,"key":"EssenceOfSteel"},{"floor":19.0,"key":"Weak Potion"},{"floor":22.0,"key":"Regen Potion"},{"floor":27.0,"key":"FearPotion"},{"floor":36.0,"key":"GamblersBrew"},{"floor":45.0,"key":"GhostInAJar"},{"floor":48.0,"key":"SneckoOil"},{"floor":54.0,"key":"Swift Potion"}],"is_trial":false,"path_per_floor":["?","?","$","?","?","?","?","?","?","?","?"],"character_chosen":"THE_SILENT","items_purchased":["Bandage Up","Noxious Fumes","Vajra","Deflect","Night Terror","Noxious Fumes","DollysMirror"],"campfire_rested":3,"item_purchase_floors":[4,10,24,24,31,41,53],"current_hp_per_floor":[45,45,38,38,31,52,52,21,21,21,21,25,25,26,45,35,58,40,40,44,33,36,55,55,55,55,49,49,32,32,32,32,27,31,21,25,21,16,20,20,20,24,24,24,27,27,20,20,20,24,30,30,30,26,0],"gold":43,"neow_bonus":"ONE_RARE_RELIC","is_prod":false,"is_daily":false,"chose_seed":false,"campfire_upgraded":4,"win_rate":0,"timestamp":1554803027,"path_taken":["M","?","?","?","M","R","?","E","T","$","?","M","M","M","R","BOSS","M","M","M","M","M","R","$","?","T","M","?","?","E","$","R","BOSS","M","M","?","?","M","R","$","E","T","R","E","?","E","M","R","BOSS","R","$","E","BOSS"],"build_version":"2019-01-23","purchased_purges":1,"victory":false,"max_hp_per_floor":[70,70,70,70,70,70,65,65,65,65,65,65,65,65,65,65,65,65,65,65,65,65,65,65,65,65,65,65,32,32,32,32,32,32,32,32,32,32,32,32,32,32,32,32,32,32,32,32,32,32,32,32,32,32,32],"card_choices":[{"not_picked":["Deadly Poison","Escape Plan"],"picked":"Caltrops","floor":1.0},{"not_picked":["Bane","Dagger Throw"],"picked":"Skewer","floor":5.0},{"not_picked":["Choke","Bane"],"picked":"Dodge and Roll","floor":8.0},{"not_picked":["Calculated Gamble","Quick Slash"],"picked":"Well Laid Plans","floor":12.0},{"not_picked":["Burst","Reflex"],"picked":"Backflip","floor":13.0},{"not_picked":["Bane","Acrobatics"],"picked":"Escape Plan","floor":14.0},{"not_picked":["Bullet Time","Burst"],"picked":"Adrenaline","floor":16.0},{"not_picked":["Flying Knee","Dagger Spray"],"picked":"Leg Sweep+1","floor":18.0},{"not_picked":["Deadly Poison","Prepared"],"picked":"Crippling Poison","floor":19.0},{"not_picked":["Flying Knee","Acrobatics+1"],"picked":"Backflip+1","floor":20.0},{"not_picked":["Sucker Punch","Bouncing Flask"],"picked":"Deadly Poison+1","floor":21.0},{"not_picked":["Quick Slash","Flechettes"],"picked":"Deflect+1","floor":22.0},{"not_picked":["Riddle With Holes","Acrobatics"],"picked":"Caltrops+1","floor":27.0},{"not_picked":["Flying Knee","Riddle With Holes","Reflex+1"],"picked":"SKIP","floor":30.0},{"not_picked":["Unload","Grand Finale"],"picked":"Tools of the Trade","floor":33.0},{"not_picked":["All Out Attack+1","Bane+1"],"picked":"Cloak And Dagger+1","floor":35.0},{"not_picked":["Poisoned Stab+1","Escape Plan"],"picked":"Deadly Poison+1","floor":36.0},{"not_picked":["Discovery","Good Instincts"],"picked":"Sadistic Nature","floor":38.0},{"not_picked":["Jack Of All Trades","Mind Blast"],"picked":"Thinking Ahead","floor":38.0},{"not_picked":["Leg Sweep","Prepared","Flying Knee+1"],"picked":"SKIP","floor":39.0},{"not_picked":["Tools of the Trade","Calculated Gamble"],"picked":"Backstab+1","floor":42.0},{"not_picked":["Slice+1","Accuracy"],"picked":"PiercingWail+1","floor":45.0},{"not_picked":["Eviscerate","Blur","Outmaneuver"],"picked":"SKIP","floor":47.0},{"not_picked":["Underhanded Strike","Cloak And Dagger","Flying Knee"],"picked":"SKIP","floor":48.0},{"not_picked":["Deflect","Sucker Punch+1"],"picked":"Catalyst","floor":54.0}],"player_experience":406495,"relics_obtained":[{"floor":8.0,"key":"Art of War"},{"floor":9.0,"key":"Bag of Marbles"},{"floor":26.0,"key":"Bottled Lightning"},{"floor":30.0,"key":"Kunai"},{"floor":30.0,"key":"Ninja Scroll"},{"floor":42.0,"key":"Meat on the Bone"},{"floor":42.0,"key":"Unceasing Top"},{"floor":45.0,"key":"Snake Skull"},{"floor":45.0,"key":"Omamori"},{"floor":47.0,"key":"Smiling Mask"},{"floor":47.0,"key":"Tingsha"},{"floor":54.0,"key":"Bronze Scales"},{"floor":54.0,"key":"Ornamental Fan"}],"event_choices":[{"damage_healed":0.0,"max_hp_gain":0.0,"max_hp_loss":0.0,"gold_gain":0.0,"event_name":"Liars Game","player_choice":"Ignored","floor":2.0,"gold_loss":0.0,"damage_taken":0.0},{"cards_removed":["Strike_G"],"damage_healed":0.0,"max_hp_gain":0.0,"max_hp_loss":0.0,"gold_gain":0.0,"event_name":"Golden Wing","player_choice":"Card Removal","floor":3.0,"gold_loss":0.0,"damage_taken":7.0},{"damage_healed":0.0,"max_hp_gain":0.0,"max_hp_loss":5.0,"gold_gain":0.0,"event_name":"Golden Idol","player_choice":"Lose Max HP","floor":7.0,"gold_loss":0.0,"damage_taken":0.0,"relics_obtained":["Golden Idol"]},{"damage_healed":0.0,"max_hp_gain":0.0,"max_hp_loss":0.0,"gold_gain":0.0,"event_name":"World of Goop","player_choice":"Left Gold","floor":11.0,"gold_loss":28.0,"damage_taken":0.0},{"damage_healed":0.0,"max_hp_gain":0.0,"max_hp_loss":0.0,"gold_gain":0.0,"event_name":"The Mausoleum","player_choice":"Opened","floor":25.0,"gold_loss":0.0,"damage_taken":0.0,"relics_obtained":["Turnip"],"cards_obtained":["Writhe"]},{"damage_healed":0.0,"max_hp_gain":0.0,"max_hp_loss":0.0,"gold_gain":0.0,"event_name":"Cursed Tome","player_choice":"Ignored","floor":28.0,"gold_loss":0.0,"damage_taken":0.0},{"damage_healed":0.0,"max_hp_gain":0.0,"max_hp_loss":33.0,"gold_gain":0.0,"event_name":"Ghosts","player_choice":"Became a Ghost","floor":29.0,"gold_loss":0.0,"damage_taken":0.0,"cards_obtained":["Ghostly","Ghostly","Ghostly","Ghostly","Ghostly"]},{"damage_healed":0.0,"max_hp_gain":0.0,"max_hp_loss":0.0,"gold_gain":0.0,"event_name":"Winding Halls","player_choice":"Embrace Madness","floor":37.0,"gold_loss":0.0,"damage_taken":4.0,"cards_obtained":["Madness","Madness"]},{"damage_healed":0.0,"max_hp_gain":0.0,"max_hp_loss":0.0,"gold_gain":0.0,"event_name":"SensoryStone","player_choice":"Memory 2","floor":38.0,"gold_loss":0.0,"damage_taken":5.0},{"damage_healed":0.0,"max_hp_gain":0.0,"max_hp_loss":0.0,"gold_gain":0.0,"event_name":"Mysterious Sphere","player_choice":"Ignored","floor":46.0,"gold_loss":0.0,"damage_taken":0.0}],"is_beta":false,"boss_relics":[{"not_picked":["Ectoplasm","Runic Dome"],"picked":"Black Star"},{"not_picked":["HoveringKite","Tiny House"],"picked":"Ring of the Serpent"}],"items_purged_floors":[41],"is_endless":false,"potions_floor_spawned":[8,14,18,19,22,27,36,45,48,54],"killed_by":"The Heart","ascension_level":6}