{"gold_per_floor":[114,289,289,303,313,313,325,325,325,325,335,212,244,260,260,358,358,376,476,67,82,93,93,122,122,148,63,80,80,1,21,21,123,123,134,147,162,12,30,30,61,80,80,80,80,80,80,80,80,80],"floor_reached":51,"playtime":4826,"items_purged":["Strike_R","Strike_R"],"score":703,"play_id":"ccafdffa-b480-442f-8f22-519daab3556e","local_time":"20190208172329","is_ascension_mode":true,"campfire_choices":[{"data":"Bash","floor":6.0,"key":"SMITH"},{"data":"Heavy Blade","floor":8.0,"key":"SMITH"},{"data":"Flex","floor":10.0,"key":"SMITH"},{"data":"Heavy Blade","floor":15.0,"key":"SMITH"},{"floor":25,"key":"REST"},{"data":"Metallicize","floor":29,"key":"SMITH"},{"floor":32,"key":"REST"},{"data":"Apotheosis","floor":40,"key":"SMITH"},{"floor":44,"key":"REST"},{"data":"Rage","floor":46,"key":"SMITH"},{"floor":49,"key":"REST"}],"neow_cost":"NONE","seed_source_timestamp":0,"circlet_count":0,"master_deck":["Strike_R","Strike_R","Defend_R","Defend_R","Defend_R","Defend_R","Bash+1","Heavy Blade+1","Rage+1","Flex+1","Cleave","Anger","Headbutt","Heavy Blade+1","Metallicize+1","Inflame+1","Apotheosis+1","Inflame","Battle Trance","Rampage","Rage+1","Disarm+1","Headbutt","Shrug It Off+1"],"special_seed":0,"relics":["Burning Blood","Spirit Poop","Ancient Tea Set","Pear","Runic Pyramid","Incense Burner","Bottled Tornado","Anchor","Letter Opener","Oddly Smooth Stone","Darkstone Periapt","Runic Cube","Vajra","Pen Nib","Bronze Scales"],"potions_floor_usage":[24,33,50,50],"damage_taken":[{"damage":5.0,"enemies":"Jaw Worm","floor":1.0,"turns":4.0},{"damage":1.0,"enemies":"Cultist","floor":4.0,"turns":4.0},{"damage":5.0,"enemies":"Small Slimes","floor":5.0,"turns":3.0},{"damage":14.0,"enemies":"Blue Slaver","floor":7.0,"turns":5.0},{"damage":6.0,"enemies":"Large Slime","floor":11.0,"turns":5.0},{"damage":7.0,"enemies":"Gremlin Nob","floor":13.0,"turns":3.0},{"damage":10.0,"enemies":"Looter","floor":14.0,"turns":2.0},{"damage":57.0,"enemies":"Hexaghost","floor":16.0,"turns":9.0},{"damage":21.0,"enemies":"Spheric Guardian","floor":18.0,"turns":5.0},{"damage":34,"enemies":"Colosseum Slavers","floor":19,"turns":3},{"damage":32,"enemies":"Colosseum Nobs","floor":19,"turns":5},{"damage":8,"enemies":"Shell Parasite","floor":21,"turns":6},{"damage":4,"enemies":"Snecko","floor":22,"turns":4},{"damage":6,"enemies":"Book of Stabbing","floor":24,"turns":5},{"damage":6,"enemies":"Snake Plant","floor":28,"turns":3},{"damage":12,"enemies":"Chosen and Byrds","floor":31,"turns":6},{"damage":28,"enemies":"Champ","floor":33,"turns":10},{"damage":7,"enemies":"Orb Walker","floor":35,"turns":4},{"damage":20,"enemies":"3 Shapes","floor":36,"turns":3},{"damage":19,"enemies":"Spire Growth","floor":37,"turns":5},{"damage":32,"enemies":"Sphere and 2 Shapes","floor":39,"turns":6},{"damage":27,"enemies":"Nemesis","floor":41,"turns":7},{"damage":1,"enemies":"4 Shapes","floor":42,"turns":6},{"damage":32,"enemies":"Time Eater","floor":50,"turns":11}],"seed_played":"-2151452418000571611","potions_obtained":[{"floor":11.0,"key":"SkillPotion"},{"floor":16.0,"key":"GamblersBrew"},{"floor":19,"key":"Dexterity Potion"},{"floor":21,"key":"PowerPotion"},{"floor":24,"key":"Weak Potion"},{"floor":33,"key":"SmokeBomb"},{"floor":35,"key":"Dexterity Potion"}],"is_trial":false,"path_per_floor":["M","?","?","M","M","R","M","R","T","R","M","$","E","M","R","B",null,"M","?","$","M","M","?","E","R","T","?","M","R","$","M","R","B",null,"M","M","M","$","M","R","E","M","T","R","?","R","$","?","R","B",null],"character_chosen":"IRONCLAD","items_purchased":["Headbutt","Anchor","Apotheosis","Rampage","Vajra"],"campfire_rested":4,"item_purchase_floors":[12,20,20,30,38],"current_hp_per_floor":[88,88,88,88,88,88,80,80,80,80,80,80,89,85,85,34,98,83,29,29,27,29,20,20,49,49,49,49,49,49,43,72,50,98,97,83,70,70,44,44,23,28,28,57,57,57,57,48,77,51],"gold":80,"neow_bonus":"TEN_PERCENT_HP_BONUS","is_prod":false,"is_daily":false,"chose_seed":false,"campfire_upgraded":7,"win_rate":0,"timestamp":1549675409,"path_taken":["M","?","?","M","M","R","M","R","T","R","M","$","E","M","R","BOSS","M","?","$","M","M","?","E","R","T","?","M","R","?","M","R","BOSS","M","M","M","$","M","R","E","M","T","R","?","R","$","?","R","BOSS"],"build_version":"2019-01-23","purchased_purges":2,"victory":true,"max_hp_per_floor":[88,88,88,88,88,88,88,88,88,88,88,88,98,98,98,98,98,98,98,98,98,98,98,98,98,98,98,98,98,98,98,98,98,98,98,98,98,98,98,98,98,98,98,98,98,98,98,98,98,98],"card_choices":[{"not_picked":["Flex","Shrug It Off"],"picked":"Heavy Blade","floor":1.0},{"not_picked":["Rupture","Corruption"],"picked":"Rage","floor":4.0},{"not_picked":["Heavy Blade","Body Slam"],"picked":"Flex","floor":5.0},{"not_picked":["Sever Soul","Shrug It Off"],"picked":"Cleave","floor":7.0},{"not_picked":["Corruption","Sword Boomerang"],"picked":"Anger","floor":11.0},{"not_picked":["Clash","Wild Strike"],"picked":"Heavy Blade","floor":13.0},{"not_picked":["Sever Soul","Hemokinesis","Warcry"],"picked":"SKIP","floor":14.0},{"not_picked":["Rupture","Body Slam"],"picked":"Metallicize","floor":18.0},{"not_picked":["Searing Blow+1","Body Slam+1"],"picked":"Inflame+1","floor":19},{"not_picked":["Second Wind","Carnage","Disarm"],"picked":"SKIP","floor":21},{"not_picked":["Sword Boomerang","Hemokinesis+1"],"picked":"Inflame","floor":22},{"not_picked":["Feed","Power Through"],"picked":"Battle Trance","floor":24},{"not_picked":["Searing Blow","Sword Boomerang","Dual Wield"],"picked":"SKIP","floor":28},{"not_picked":["Pommel Strike","Spot Weakness+1"],"picked":"Rage+1","floor":31},{"not_picked":["Thunderclap+1","Perfected Strike+1"],"picked":"Disarm+1","floor":35},{"not_picked":["Clothesline+1","Entrench+1","Thunderclap"],"picked":"SKIP","floor":36},{"not_picked":["Dark Embrace","Seeing Red","Whirlwind"],"picked":"SKIP","floor":37},{"not_picked":["Feel No Pain+1","Thunderclap"],"picked":"Headbutt","floor":39},{"not_picked":["Juggernaut","Berserk","Cleave"],"picked":"SKIP","floor":41},{"not_picked":["Headbutt+1","Dropkick+1"],"picked":"Shrug It Off+1","floor":42}],"player_experience":35404,"relics_obtained":[{"floor":9.0,"key":"Ancient Tea Set"},{"floor":13.0,"key":"Pear"},{"floor":19,"key":"Incense Burner"},{"floor":19,"key":"Bottled Tornado"},{"floor":24,"key":"Letter Opener"},{"floor":26,"key":"Oddly Smooth Stone"},{"floor":41,"key":"Pen Nib"},{"floor":43,"key":"Bronze Scales"}],"event_choices":[{"damage_healed":0.0,"max_hp_gain":0.0,"max_hp_loss":0.0,"gold_gain":175.0,"event_name":"Liars Game","player_choice":"AGREE","floor":2.0,"gold_loss":0.0,"damage_taken":0.0,"cards_obtained":["Doubt"]},{"cards_removed":["Doubt"],"damage_healed":0.0,"max_hp_gain":0.0,"max_hp_loss":0.0,"gold_gain":0.0,"event_name":"Bonfire Elementals","player_choice":"Offered Curse","floor":3.0,"gold_loss":0.0,"damage_taken":0.0,"relics_obtained":["Spirit Poop"]},{"damage_healed":0,"gold_gain":0,"player_choice":"Fight","damage_taken":0,"max_hp_gain":0,"max_hp_loss":0,"event_name":"Colosseum","floor":19,"gold_loss":0},{"damage_healed":0,"gold_gain":0,"player_choice":"Fought Nobs","damage_taken":0,"max_hp_gain":0,"max_hp_loss":0,"event_name":"Colosseum","floor":19,"gold_loss":0},{"damage_healed":0,"gold_gain":0,"player_choice":"Stopped","damage_taken":9,"max_hp_gain":0,"max_hp_loss":0,"event_name":"Cursed Tome","floor":23,"gold_loss":0},{"damage_healed":0,"gold_gain":0,"player_choice":"Obtained Relic","damage_taken":0,"relics_obtained":["Darkstone Periapt"],"max_hp_gain":0,"max_hp_loss":0,"event_name":"Addict","floor":27,"gold_loss":85},{"cards_removed":["Strike_R"],"damage_healed":0,"gold_gain":0,"player_choice":"Removed Attack","damage_taken":0,"max_hp_gain":0,"max_hp_loss":0,"event_name":"Falling","floor":45,"gold_loss":0},{"damage_healed":0,"gold_gain":0,"player_choice":"Damaged","damage_taken":9,"max_hp_gain":0,"max_hp_loss":0,"event_name":"Wheel of Change","floor":48,"gold_loss":0}],"is_beta":false,"boss_relics":[{"not_picked":["Tiny House","Lizard Tail"],"picked":"Runic Pyramid"},{"not_picked":["Velvet Choker","Fusion Hammer"],"picked":"Runic Cube"}],"items_purged_floors":[12,20],"is_endless":false,"potions_floor_spawned":[11,16,19,21,22,24,33,35,37,42],"ascension_level":1}