{"gold_per_floor":[119,119,138,43,58,116,116,147,147,173,173,184,184,208,208,308,308,320,320,320,320,320,320,339,339,363,389,418,418,147,164,164,268,268,286,286,85,85,33,58,58,68,68,78,78,78,90,103,103,103],"floor_reached":51,"playtime":4040,"items_purged":["Strike_B"],"score":706,"play_id":"c79901ea-7ad0-4cec-b362-c1196dc62cca","local_time":"20190508142540","is_ascension_mode":true,"campfire_choices":[{"data":"Zap","floor":7,"key":"SMITH"},{"data":"Coolheaded","floor":11,"key":"SMITH"},{"floor":15,"key":"REST"},{"data":"Hyperbeam","floor":23,"key":"SMITH"},{"data":"Panacea","floor":25,"key":"SMITH"},{"floor":29,"key":"REST"},{"data":"Hologram","floor":32,"key":"SMITH"},{"floor":45,"key":"REST"},{"floor":49,"key":"REST"}],"neow_cost":"PERCENT_DAMAGE","seed_source_timestamp":15044056985033,"circlet_count":0,"master_deck":["Defend_B","Defend_B","Defend_B","Defend_B","Zap+1","Dualcast","Ball Lightning","Gash","Panacea+1","Leap","Coolheaded+1","Hologram+1","Ball Lightning","Hyperbeam+1","Undo","Hologram","Core Surge","Steam","Echo Form","Conserve Battery+1","Coolheaded+1","Ball Lightning+1","Leap+1","Blind","Flash of Steel","Swift Strike","Capacitor","Gash"],"relics":["Cracked Core","Tiny Chest","Matryoshka","Vajra","Juzu Bracelet","Kunai","Omamori","Odd Mushroom","Nloth\u0027s Gift","MutagenicStrength","Orichalcum","Red Mask","Shuriken","Oddly Smooth Stone","Fusion Hammer","Sling","Ancient Tea Set","Dream Catcher","Ornamental Fan"],"potions_floor_usage":[8,14,16,28,33,33,33,40,50,50,50],"damage_taken":[{"damage":2,"enemies":"Jaw Worm","floor":1,"turns":4},{"damage":2,"enemies":"Small Slimes","floor":3,"turns":3},{"damage":0,"enemies":"Cultist","floor":5,"turns":3},{"damage":25,"enemies":"3 Sentries","floor":6,"turns":6},{"damage":7,"enemies":"Lagavulin","floor":8,"turns":7},{"damage":0,"enemies":"3 Louse","floor":12,"turns":3},{"damage":3,"enemies":"The Mushroom Lair","floor":14,"turns":3},{"damage":21,"enemies":"Slime Boss","floor":16,"turns":9},{"damage":0,"enemies":"Spheric Guardian","floor":18,"turns":3},{"damage":13,"enemies":"2 Thieves","floor":24,"turns":3},{"damage":0,"enemies":"Masked Bandits","floor":27,"turns":1},{"damage":34,"enemies":"Book of Stabbing","floor":28,"turns":6},{"damage":7,"enemies":"Centurion and Healer","floor":31,"turns":2},{"damage":45,"enemies":"Collector","floor":33,"turns":14},{"damage":0,"enemies":"3 Darklings","floor":35,"turns":2},{"damage":62,"enemies":"Nemesis","floor":40,"turns":9},{"damage":0,"enemies":"3 Shapes","floor":42,"turns":5},{"damage":3,"enemies":"Jaw Worm Horde","floor":44,"turns":2},{"damage":10,"enemies":"Maw","floor":47,"turns":8},{"damage":0,"enemies":"4 Shapes","floor":48,"turns":3},{"damage":16,"enemies":"Awakened One","floor":50,"turns":12}],"seed_played":"-5486437041805915052","potions_obtained":[{"floor":1,"key":"Fruit Juice"},{"floor":6,"key":"FearPotion"},{"floor":12,"key":"AttackPotion"},{"floor":16,"key":"Fire Potion"},{"floor":24,"key":"Dexterity Potion"},{"floor":31,"key":"LiquidBronze"},{"floor":33,"key":"Ancient Potion"},{"floor":40,"key":"EssenceOfSteel"},{"floor":44,"key":"Strength Potion"},{"floor":48,"key":"SteroidPotion"}],"is_trial":false,"path_per_floor":["?","T","?","?","?","?","?","?","?","?","?","?","?"],"character_chosen":"DEFECT","items_purchased":["Panacea","Oddly Smooth Stone","Strength Potion","Sling","PowerPotion"],"campfire_rested":4,"item_purchase_floors":[4,30,30,37,39],"current_hp_per_floor":[66,66,64,64,64,39,39,32,32,32,32,32,32,29,55,39,94,94,94,75,75,75,75,62,62,62,62,28,57,57,50,50,5,99,99,94,94,94,94,32,32,32,32,29,57,47,37,37,65,49],"gold":103,"neow_bonus":"TWENTY_PERCENT_HP_BONUS","is_prod":false,"is_daily":false,"chose_seed":false,"campfire_upgraded":5,"win_rate":0,"timestamp":1557318340,"path_taken":["M","?","M","$","M","E","R","E","T","?","R","M","?","?","R","BOSS","M","?","?","?","?","R","M","R","T","?","E","R","$","M","R","BOSS","M","?","$","?","$","E","?","M","T","M","R","?","M","M","R","BOSS"],"build_version":"2019-01-23","purchased_purges":1,"victory":true,"max_hp_per_floor":[89,89,89,89,89,89,89,89,89,89,89,89,89,89,89,94,94,94,94,99,99,99,99,99,99,99,99,99,99,99,99,99,99,99,99,94,94,94,94,94,94,94,94,94,94,94,94,94,94,94],"card_choices":[{"not_picked":["Skim","Fusion"],"picked":"Ball Lightning","floor":1},{"not_picked":["Chaos","Streamline"],"picked":"Gash","floor":3},{"not_picked":["Barrage","Stack","Aggregate"],"picked":"SKIP","floor":5},{"not_picked":["Capacitor","Melter"],"picked":"Leap","floor":6},{"not_picked":["Leap","Beam Cell"],"picked":"Coolheaded","floor":8},{"not_picked":["Skim","Reboot"],"picked":"Hologram","floor":12},{"not_picked":["Rip and Tear","Compile Driver"],"picked":"Ball Lightning","floor":14},{"not_picked":["Multi-Cast","Electrodynamics"],"picked":"Hyperbeam","floor":16},{"not_picked":["Barrage","Streamline","Stack"],"picked":"SKIP","floor":18},{"not_picked":["Stack","Chill","Lockon+1"],"picked":"SKIP","floor":24},{"not_picked":["Chaos","Conserve Battery"],"picked":"Hologram","floor":27},{"not_picked":["Meteor Strike","Ball Lightning+1"],"picked":"Core Surge","floor":28},{"not_picked":["Sweeping Beam","Consume"],"picked":"Steam","floor":31},{"not_picked":["Biased Cognition","Seek"],"picked":"Echo Form","floor":33},{"not_picked":["Reprogram","Recycle"],"picked":"Conserve Battery+1","floor":35},{"not_picked":["Stack","Sunder+1"],"picked":"Coolheaded+1","floor":40},{"not_picked":["Rebound+1","Genetic Algorithm+1","Doom and Gloom+1"],"picked":"SKIP","floor":42},{"not_picked":["Stack","White Noise"],"picked":"Ball Lightning+1","floor":44},{"not_picked":["Melter","Barrage"],"picked":"Leap+1","floor":45},{"not_picked":["Mayhem","Violence"],"picked":"Blind","floor":46},{"not_picked":["Mayhem","Discovery"],"picked":"Flash of Steel","floor":46},{"not_picked":["Discovery","Deep Breath"],"picked":"Swift Strike","floor":46},{"not_picked":["Redo","Leap","Heatsinks+1"],"picked":"SKIP","floor":47},{"not_picked":["Hello World","Steam"],"picked":"Capacitor","floor":48},{"not_picked":["Hologram","Tempest+1"],"picked":"Gash","floor":49}],"player_experience":586987,"relics_obtained":[{"floor":6,"key":"Tiny Chest"},{"floor":8,"key":"Matryoshka"},{"floor":9,"key":"Vajra"},{"floor":9,"key":"Juzu Bracelet"},{"floor":10,"key":"Kunai"},{"floor":10,"key":"Omamori"},{"floor":14,"key":"Odd Mushroom"},{"floor":26,"key":"Orichalcum"},{"floor":27,"key":"Red Mask"},{"floor":28,"key":"Shuriken"},{"floor":40,"key":"Dream Catcher"},{"floor":43,"key":"Ornamental Fan"}],"event_choices":[{"cards_removed":["Strike_B"],"damage_healed":0,"gold_gain":0,"player_choice":"Forget","damage_taken":0,"max_hp_gain":0,"max_hp_loss":0,"event_name":"Living Wall","floor":2,"gold_loss":0},{"damage_healed":0,"gold_gain":0,"player_choice":"Fled","damage_taken":0,"max_hp_gain":0,"max_hp_loss":0,"event_name":"Scrap Ooze","floor":13,"gold_loss":0},{"damage_healed":0,"gold_gain":0,"player_choice":"Fought Mushrooms","damage_taken":0,"max_hp_gain":0,"max_hp_loss":0,"event_name":"Mushrooms","floor":14,"gold_loss":0},{"damage_healed":0,"gold_gain":0,"player_choice":"Read","damage_taken":0,"max_hp_gain":0,"max_hp_loss":0,"event_name":"The Library","floor":19,"gold_loss":0,"cards_obtained":["Undo"]},{"damage_healed":0,"gold_gain":0,"player_choice":"Shed Blood","damage_taken":24,"max_hp_gain":5,"max_hp_loss":0,"event_name":"Forgotten Altar","floor":20,"gold_loss":0},{"damage_healed":0,"gold_gain":0,"player_choice":"Traded Relic","damage_taken":0,"relics_obtained":["Nloth\u0027s Gift"],"max_hp_gain":0,"max_hp_loss":0,"event_name":"N\u0027loth","floor":21,"relics_lost":["Empty Cage"],"gold_loss":0},{"damage_healed":0,"gold_gain":0,"player_choice":"Inject Mutagens","damage_taken":0,"relics_obtained":["MutagenicStrength"],"max_hp_gain":0,"max_hp_loss":0,"event_name":"Drug Dealer","floor":22,"gold_loss":0},{"damage_healed":0,"gold_gain":0,"player_choice":"Fought Bandits","damage_taken":0,"max_hp_gain":0,"max_hp_loss":0,"event_name":"Masked Bandits","floor":27,"gold_loss":0},{"damage_healed":0,"gold_gain":0,"player_choice":"Max HP","damage_taken":0,"max_hp_gain":0,"max_hp_loss":5,"event_name":"Winding Halls","floor":36,"gold_loss":0},{"damage_healed":0,"gold_gain":0,"player_choice":"Gave Potion","damage_taken":0,"relics_obtained":["Ancient Tea Set"],"max_hp_gain":0,"max_hp_loss":0,"event_name":"WeMeetAgain","floor":38,"gold_loss":0},{"damage_healed":0,"gold_gain":0,"player_choice":"Ignored","damage_taken":0,"max_hp_gain":0,"max_hp_loss":0,"event_name":"Mysterious Sphere","floor":41,"gold_loss":0},{"damage_healed":0,"gold_gain":0,"player_choice":"Memory 3","damage_taken":10,"max_hp_gain":0,"max_hp_loss":0,"event_name":"SensoryStone","floor":46,"gold_loss":0}],"is_beta":false,"boss_relics":[{"not_picked":["Inserter","Velvet Choker"],"picked":"Empty Cage"},{"not_picked":["Tiny House","Lizard Tail"],"picked":"Fusion Hammer"}],"items_purged_floors":[30],"is_endless":false,"potions_floor_spawned":[1,6,12,16,24,31,33,40,44,48],"ascension_level":1}