{"gold_per_floor":[13,88,42,62,21,51,51,51,75,91,91,91,91,103,103,199,199,209,226,226,246,171,171,204,224,278,308,318,318],"floor_reached":29,"playtime":1348,"items_purged":[],"score":263,"play_id":"056bb6a6-e01d-45e0-ad00-4c4da18ab933","local_time":"20190318082356","is_ascension_mode":false,"campfire_choices":[{"data":"Zap","floor":7,"key":"SMITH"},{"data":"Dualcast","floor":11,"key":"SMITH"},{"data":"Conserve Battery","floor":13,"key":"SMITH"},{"floor":15,"key":"REST"},{"floor":23,"key":"REST"}],"neow_cost":"NO_GOLD","seed_source_timestamp":0,"circlet_count":0,"master_deck":["Strike_B","Strike_B","Defend_B","Defend_B","Defend_B","Zap+1","Dualcast+1","Conserve Battery+1","Cold Snap","Go for the Eyes","Capacitor","Conserve Battery","Melter","Defragment","Buffer","Blizzard+1","BootSequence+1","Cold Snap","Glacier+1","Gash+1","Decay","Darkness+1","Go for the Eyes+1"],"special_seed":0,"relics":["Cracked Core","Regal Pillow","FossilizedHelix","Boot","Cursed Key","Enchiridion","Thread and Needle","Ancient Tea Set","Happy Flower"],"potions_floor_usage":[24,25,27,28],"damage_taken":[{"damage":0,"enemies":"Cultist","floor":1,"turns":2},{"damage":0,"enemies":"2 Louse","floor":4,"turns":2},{"damage":21,"enemies":"Lagavulin","floor":6,"turns":7},{"damage":0,"enemies":"Small Slimes","floor":10,"turns":3},{"damage":0,"enemies":"3 Louse","floor":14,"turns":3},{"damage":15,"enemies":"Slime Boss","floor":16,"turns":11},{"damage":0,"enemies":"Shell Parasite","floor":18,"turns":7},{"damage":0,"enemies":"Spheric Guardian","floor":19,"turns":4},{"damage":28,"enemies":"3 Cultists","floor":21,"turns":6},{"damage":32,"enemies":"Slavers","floor":24,"turns":7},{"damage":0,"enemies":"Snake Plant","floor":25,"turns":4},{"damage":30,"enemies":"Gremlin Leader","floor":27,"turns":9},{"damage":0,"enemies":"Cultist and Chosen","floor":28,"turns":7},{"damage":12,"enemies":"3 Cultists","floor":29,"turns":4}],"seed_played":"-5281199983374861228","potions_obtained":[{"floor":4,"key":"SpeedPotion"},{"floor":6,"key":"SpeedPotion"},{"floor":10,"key":"Strength Potion"},{"floor":18,"key":"Energy Potion"},{"floor":21,"key":"Fire Potion"},{"floor":27,"key":"PowerPotion"}],"is_trial":false,"path_per_floor":["?","?","?","?","?"],"character_chosen":"DEFECT","items_purchased":["Cold Snap","Capacitor"],"campfire_rested":2,"item_purchase_floors":[3,5],"current_hp_per_floor":[75,64,64,64,64,43,43,31,31,31,31,31,31,31,68,53,75,75,75,59,31,31,68,36,36,36,6,6,0],"gold":318,"neow_bonus":"REMOVE_TWO","is_prod":false,"is_daily":false,"chose_seed":false,"campfire_upgraded":3,"win_rate":0.0,"timestamp":1552893836,"path_taken":["M","?","$","M","$","E","R","?","T","M","R","?","R","M","R","BOSS","M","M","?","M","?","R","E","M","T","E","M","M"],"build_version":"2019-01-23","purchased_purges":0,"victory":false,"max_hp_per_floor":[75,75,75,75,75,75,75,75,75,75,75,75,75,75,75,75,75,75,75,75,75,75,75,75,75,75,75,75,75],"card_choices":[{"not_picked":["Barrage","Streamline"],"picked":"Conserve Battery","floor":1},{"not_picked":["Sweeping Beam","Leap"],"picked":"Go for the Eyes","floor":4},{"not_picked":["Reinforced Body","Genetic Algorithm"],"picked":"Conserve Battery","floor":6},{"not_picked":["Steam Power","Sweeping Beam"],"picked":"Melter","floor":10},{"not_picked":["Go for the Eyes","Undo"],"picked":"Defragment","floor":14},{"not_picked":["All For One","Rainbow"],"picked":"Buffer","floor":16},{"not_picked":["Conserve Battery","Barrage"],"picked":"Blizzard+1","floor":18},{"not_picked":["Steam+1","Rip and Tear"],"picked":"BootSequence+1","floor":19},{"not_picked":["Hologram","Beam Cell"],"picked":"Cold Snap","floor":21},{"not_picked":["Stack","Streamline"],"picked":"Glacier+1","floor":24},{"not_picked":["Tempest","Sweeping Beam+1"],"picked":"Gash+1","floor":25},{"not_picked":["FTL","Turbo"],"picked":"Darkness+1","floor":27},{"not_picked":["Conserve Battery","BootSequence"],"picked":"Go for the Eyes+1","floor":28}],"player_experience":169980,"relics_obtained":[{"floor":6,"key":"Regal Pillow"},{"floor":9,"key":"Boot"},{"floor":20,"key":"Enchiridion"},{"floor":24,"key":"Thread and Needle"},{"floor":26,"key":"Ancient Tea Set"},{"floor":27,"key":"Happy Flower"}],"event_choices":[{"damage_healed":0,"gold_gain":75,"player_choice":"Gather Gold","damage_taken":11,"max_hp_gain":0,"max_hp_loss":0,"event_name":"World of Goop","floor":2,"gold_loss":0},{"damage_healed":0,"gold_gain":0,"player_choice":"Success","damage_taken":12,"relics_obtained":["FossilizedHelix"],"max_hp_gain":0,"max_hp_loss":0,"event_name":"Scrap Ooze","floor":8,"gold_loss":0},{"damage_healed":0,"gold_gain":0,"player_choice":"Ignored","damage_taken":0,"max_hp_gain":0,"max_hp_loss":0,"event_name":"Liars Game","floor":12,"gold_loss":0},{"damage_healed":0,"gold_gain":0,"player_choice":"Obtained Book","damage_taken":16,"max_hp_gain":0,"max_hp_loss":0,"event_name":"Cursed Tome","floor":20,"gold_loss":0},{"cards_removed":["Strike_B"],"damage_healed":0,"gold_gain":0,"player_choice":"Gave Gold","damage_taken":0,"max_hp_gain":0,"max_hp_loss":0,"event_name":"Beggar","floor":22,"gold_loss":75}],"is_beta":false,"boss_relics":[{"not_picked":["Orrery","Sozu"],"picked":"Cursed Key"}],"items_purged_floors":[],"is_endless":false,"potions_floor_spawned":[4,6,10,18,21,27],"killed_by":"3 Cultists","ascension_level":0}