{"gold_per_floor":[110,110,110,110,128,128,148,179,179,208,208,221,221,240,240,337,337,351,369,384,329,342,342,354,354,354,279,279,279,294,319,319,418,418,430,443,443,443,443,454,486,496,520,520,520,520,547,563,563,563,563,563,43,72,72],"floor_reached":55,"playtime":4250,"items_purged":["Strike_G"],"score":820,"play_id":"2cbd2ab4-fdff-4c67-87cf-fb86b97c4434","local_time":"20190624150945","is_ascension_mode":true,"campfire_choices":[{"data":"Envenom","floor":6,"key":"SMITH"},{"data":"Malaise","floor":11,"key":"SMITH"},{"data":"Neutralize","floor":15,"key":"SMITH"},{"data":"Predator","floor":23,"key":"SMITH"},{"data":"Corpse Explosion","floor":25,"key":"SMITH"},{"data":"Eviscerate","floor":28,"key":"SMITH"},{"data":"Choke","floor":32,"key":"SMITH"},{"data":"Corpse Explosion","floor":46,"key":"SMITH"},{"floor":49,"key":"RECALL"},{"data":"Leg Sweep","floor":52,"key":"SMITH"}],"neow_cost":"NONE","seed_source_timestamp":21807122748217,"circlet_count":0,"master_deck":["Defend_G","Defend_G","Defend_G","Defend_G","Defend_G","Strike_G","Strike_G","Survivor","Neutralize","PiercingWail","Dark Shackles","PiercingWail","Neutralize+1","Envenom+1","Cloak And Dagger","Dodge and Roll","Predator+1","Malaise+1","Poisoned Stab","Dodge and Roll","Corpse Explosion+1","Crippling Poison+1","Choke+1","Eviscerate+1","Leg Sweep+1","Leg Sweep+1","Corpse Explosion+1","Cloak And Dagger+1","Dagger Spray+1","PiercingWail+1","Choke+1","Deadly Poison","Footwork","PiercingWail+1"],"relics":["Ring of the Snake","Juzu Bracelet","Gremlin Horn","Lantern","PreservedInsect","Oddly Smooth Stone","Snecko Eye","Question Card","Bottled Lightning","Bag of Marbles","Busted Crown","Pen Nib","Darkstone Periapt","Paper Crane","Ornamental Fan"],"potions_floor_usage":[8,8,19,31,31,31,50,54,55],"damage_taken":[{"damage":0,"enemies":"Small Slimes","floor":1,"turns":5},{"damage":0,"enemies":"Cultist","floor":5,"turns":5},{"damage":0,"enemies":"Jaw Worm","floor":7,"turns":4},{"damage":11,"enemies":"Lagavulin","floor":8,"turns":10},{"damage":0,"enemies":"3 Sentries","floor":10,"turns":7},{"damage":0,"enemies":"Gremlin Gang","floor":12,"turns":5},{"damage":1,"enemies":"Blue Slaver","floor":14,"turns":4},{"damage":5,"enemies":"The Guardian","floor":16,"turns":14},{"damage":16,"enemies":"Spheric Guardian","floor":18,"turns":10},{"damage":3,"enemies":"Shell Parasite","floor":19,"turns":6},{"damage":4,"enemies":"Cultist and Chosen","floor":20,"turns":8},{"damage":17,"enemies":"Sentry and Sphere","floor":22,"turns":11},{"damage":0,"enemies":"Snake Plant","floor":24,"turns":6},{"damage":0,"enemies":"Chosen and Byrds","floor":30,"turns":6},{"damage":3,"enemies":"Slavers","floor":31,"turns":3},{"damage":5,"enemies":"Collector","floor":33,"turns":12},{"damage":0,"enemies":"Orb Walker","floor":35,"turns":4},{"damage":0,"enemies":"3 Shapes","floor":36,"turns":3},{"damage":0,"enemies":"Jaw Worm Horde","floor":40,"turns":3},{"damage":17,"enemies":"Reptomancer","floor":41,"turns":4},{"damage":0,"enemies":"3 Darklings","floor":42,"turns":3},{"damage":26,"enemies":"Nemesis","floor":47,"turns":9},{"damage":25,"enemies":"Transient","floor":48,"turns":5},{"damage":22,"enemies":"Donu and Deca","floor":50,"turns":10},{"damage":2,"enemies":"Shield and Spear","floor":54,"turns":6},{"damage":82,"enemies":"The Heart","floor":55,"turns":14}],"seed_played":"313490001252036126","potions_obtained":[{"floor":1,"key":"Weak Potion"},{"floor":7,"key":"Dexterity Potion"},{"floor":8,"key":"Strength Potion"},{"floor":14,"key":"Regen Potion"},{"floor":16,"key":"Regen Potion"},{"floor":19,"key":"GhostInAJar"},{"floor":20,"key":"PowerPotion"},{"floor":33,"key":"Dexterity Potion"},{"floor":36,"key":"Swift Potion"},{"floor":40,"key":"LiquidBronze"}],"is_trial":false,"path_per_floor":["?","?","T","?","?","?","?","?","?","?","?","?"],"character_chosen":"THE_SILENT","items_purchased":["Paper Crane","Deadly Poison","Footwork","SmokeBomb"],"campfire_rested":0,"item_purchase_floors":[53,53,53,53],"current_hp_per_floor":[70,70,70,70,70,70,70,59,59,59,59,59,59,58,58,53,70,54,63,59,59,42,42,42,42,42,42,42,42,42,48,48,43,70,70,70,66,66,66,66,49,49,49,49,76,76,50,25,25,3,76,76,76,74,0],"gold":72,"neow_bonus":"RANDOM_COMMON_RELIC","is_prod":false,"is_daily":false,"chose_seed":false,"campfire_upgraded":9,"win_rate":0,"timestamp":1561381785,"path_taken":["M","?","?","?","M","R","M","E","T","E","R","M","?","M","R","BOSS","M","M","M","?","M","R","M","R","T","?","R","?","M","E","R","BOSS","M","M","?","?","?","M","E","M","T","?","?","R","E","M","R","BOSS","R","$","E","BOSS"],"build_version":"2019-01-23","purchased_purges":1,"victory":false,"max_hp_per_floor":[70,70,70,70,70,70,70,70,70,70,70,70,70,70,70,70,70,70,70,70,70,70,70,70,70,70,70,70,70,70,70,70,70,70,70,70,66,66,66,66,66,66,66,66,76,76,76,76,76,76,76,76,76,76,76],"card_choices":[{"not_picked":["Accuracy","Quick Slash"],"picked":"PiercingWail","floor":1},{"not_picked":["Underhanded Strike","Reflex"],"picked":"Cloak And Dagger","floor":5},{"not_picked":["Skewer","Calculated Gamble"],"picked":"Dodge and Roll","floor":7},{"not_picked":["Leg Sweep","Outmaneuver"],"picked":"Predator","floor":8},{"not_picked":["Bane","Prepared"],"picked":"Malaise","floor":10},{"not_picked":["Accuracy","Outmaneuver"],"picked":"Poisoned Stab","floor":12},{"not_picked":["Underhanded Strike","Quick Slash"],"picked":"Dodge and Roll","floor":14},{"not_picked":["Phantasmal Killer","Glass Knife"],"picked":"Corpse Explosion","floor":16},{"not_picked":["Terror","Outmaneuver","Deflect"],"picked":"SKIP","floor":18},{"not_picked":["Catalyst+1","Cloak And Dagger"],"picked":"Crippling Poison+1","floor":19},{"not_picked":["Dagger Spray","Quick Slash","Calculated Gamble"],"picked":"SKIP","floor":20},{"not_picked":["PiercingWail","Dagger Spray","Poisoned Stab"],"picked":"Choke","floor":22},{"not_picked":["Escape Plan+1","PiercingWail","Backflip"],"picked":"Eviscerate","floor":24},{"not_picked":["Concentrate","Blade Dance","Slice","Prepared"],"picked":"SKIP","floor":30},{"not_picked":["Blade Dance+1","Poisoned Stab","Bane"],"picked":"Leg Sweep+1","floor":31},{"not_picked":["Burst","Envenom","After Image"],"picked":"Corpse Explosion","floor":33},{"not_picked":["PiercingWail+1"],"picked":"Cloak And Dagger+1","floor":35},{"not_picked":["All Out Attack"],"picked":"Dagger Spray+1","floor":36},{"not_picked":["Heel Hook"],"picked":"PiercingWail+1","floor":40},{"not_picked":["Endless Agony+1"],"picked":"Corpse Explosion","floor":41},{"not_picked":["Poisoned Stab"],"picked":"Choke+1","floor":42},{"not_picked":["All Out Attack","Dagger Throw"],"picked":"SKIP","floor":47},{"not_picked":["Deflect","Sucker Punch"],"picked":"SKIP","floor":48},{"not_picked":["Dodge and Roll+1"],"picked":"PiercingWail+1","floor":54}],"player_experience":875557,"relics_obtained":[{"floor":4,"key":"Gremlin Horn"},{"floor":8,"key":"Lantern"},{"floor":9,"key":"PreservedInsect"},{"floor":10,"key":"Oddly Smooth Stone"},{"floor":26,"key":"Bottled Lightning"},{"floor":31,"key":"Bag of Marbles"},{"floor":41,"key":"Pen Nib"},{"floor":47,"key":"Darkstone Periapt"},{"floor":54,"key":"Ornamental Fan"}],"event_choices":[{"damage_healed":0,"gold_gain":0,"player_choice":"3 cards matched","damage_taken":0,"max_hp_gain":0,"max_hp_loss":0,"event_name":"Match and Keep!","floor":2,"gold_loss":0,"cards_obtained":["Dark Shackles","PiercingWail","Neutralize"]},{"damage_healed":0,"gold_gain":0,"cards_transformed":["Strike_G"],"player_choice":"Transformed","damage_taken":0,"max_hp_gain":0,"max_hp_loss":0,"event_name":"Transmorgrifier","floor":3,"gold_loss":0,"cards_obtained":["Envenom"]},{"damage_healed":0,"gold_gain":0,"player_choice":"Ignored","damage_taken":0,"max_hp_gain":0,"max_hp_loss":0,"event_name":"Liars Game","floor":13,"gold_loss":0},{"damage_healed":0,"gold_gain":0,"player_choice":"Paid Gold","damage_taken":0,"relics_obtained":["Question Card"],"max_hp_gain":0,"max_hp_loss":0,"event_name":"WeMeetAgain","floor":21,"gold_loss":55},{"cards_removed":["Strike_G"],"damage_healed":0,"gold_gain":0,"player_choice":"Gave Gold","damage_taken":0,"max_hp_gain":0,"max_hp_loss":0,"event_name":"Beggar","floor":27,"gold_loss":75},{"damage_healed":0,"gold_gain":0,"player_choice":"Read","damage_taken":0,"max_hp_gain":0,"max_hp_loss":0,"event_name":"The Library","floor":29,"gold_loss":0,"cards_obtained":["Leg Sweep"]},{"damage_healed":0,"gold_gain":0,"player_choice":"Max HP","damage_taken":0,"max_hp_gain":0,"max_hp_loss":4,"event_name":"Winding Halls","floor":37,"gold_loss":0},{"damage_healed":0,"gold_gain":0,"player_choice":"Ignored","damage_taken":0,"max_hp_gain":0,"max_hp_loss":0,"event_name":"Tomb of Lord Red Mask","floor":38,"gold_loss":0},{"damage_healed":0,"gold_gain":0,"player_choice":"Memory 1","damage_taken":0,"max_hp_gain":0,"max_hp_loss":0,"event_name":"SensoryStone","floor":39,"gold_loss":0},{"damage_healed":0,"gold_gain":0,"player_choice":"Ignored","damage_taken":0,"max_hp_gain":0,"max_hp_loss":0,"event_name":"Mysterious Sphere","floor":44,"gold_loss":0},{"cards_removed":["Corpse Explosion"],"damage_healed":17,"gold_gain":0,"player_choice":"Offered Rare","damage_taken":0,"max_hp_gain":10,"max_hp_loss":0,"event_name":"Bonfire Elementals","floor":45,"gold_loss":0}],"is_beta":false,"boss_relics":[{"not_picked":["HoveringKite","Sozu"],"picked":"Snecko Eye"},{"not_picked":["Lizard Tail","Runic Dome"],"picked":"Busted Crown"}],"items_purged_floors":[53],"is_endless":false,"potions_floor_spawned":[1,7,8,14,16,19,20,33,36,40,48],"killed_by":"The Heart","ascension_level":1}