{"gold_per_floor":[112,187,187,203,217,242,242,257,287,287,23,37,37],"floor_reached":13,"playtime":469,"items_purged":[],"score":85,"play_id":"073d398f-6a64-4609-b17a-d42a0c4a5c7a","local_time":"20190721152338","is_ascension_mode":false,"campfire_choices":[{"floor":7,"key":"REST"},{"data":"Neutralize","floor":10,"key":"SMITH"}],"neow_cost":"NONE","seed_source_timestamp":245528657588278,"circlet_count":0,"master_deck":["Strike_G","Strike_G","Strike_G","Strike_G","Strike_G","Defend_G","Defend_G","Defend_G","Defend_G","Defend_G","Survivor","Neutralize+1","Crippling Poison","Acrobatics","Wraith Form v2","Footwork","Escape Plan","PiercingWail"],"relics":["Ring of the Snake","NeowsBlessing","CultistMask","Ancient Tea Set","Tiny Chest","Snake Skull"],"potions_floor_usage":[8],"damage_taken":[{"damage":0,"enemies":"Jaw Worm","floor":1,"turns":1},{"damage":0,"enemies":"2 Louse","floor":4,"turns":1},{"damage":0,"enemies":"Cultist","floor":5,"turns":1},{"damage":45,"enemies":"Gremlin Nob","floor":6,"turns":7},{"damage":5,"enemies":"Large Slime","floor":8,"turns":9},{"damage":4,"enemies":"Exordium Wildlife","floor":12,"turns":4},{"damage":7,"enemies":"Lagavulin","floor":13,"turns":8}],"seed_played":"1318706183118305854","potions_obtained":[{"floor":1,"key":"SpeedPotion"},{"floor":6,"key":"AttackPotion"},{"floor":8,"key":"EssenceOfSteel"}],"is_trial":false,"path_per_floor":["M","?","?","M","M","E","R","M","T","R","$","M","E"],"character_chosen":"THE_SILENT","items_purchased":["Snake Skull","Footwork","Escape Plan"],"campfire_rested":1,"item_purchase_floors":[11,11,11],"current_hp_per_floor":[70,59,59,59,59,14,35,30,30,30,30,26,19],"gold":37,"neow_bonus":"THREE_ENEMY_KILL","is_prod":false,"is_daily":false,"chose_seed":false,"campfire_upgraded":1,"win_rate":0,"timestamp":1563747818,"path_taken":["M","?","?","?","M","E","R","M","T","R","$","M","E"],"build_version":"2019-07-18","purchased_purges":0,"victory":false,"max_hp_per_floor":[70,70,70,70,70,70,70,70,70,70,70,70,70],"card_choices":[{"not_picked":["Caltrops","Deadly Poison"],"picked":"Crippling Poison","floor":1},{"not_picked":["Setup","Flying Knee"],"picked":"Acrobatics","floor":4},{"not_picked":["Calculated Gamble","Dagger Spray","Skewer"],"picked":"SKIP","floor":5},{"not_picked":["Blur","Cloak And Dagger"],"picked":"Wraith Form v2","floor":6},{"not_picked":["Prepared","Dodge and Roll","Eviscerate"],"picked":"SKIP","floor":8},{"not_picked":["Acrobatics","Dodge and Roll"],"picked":"PiercingWail","floor":12}],"player_experience":1177034,"relics_obtained":[{"floor":6,"key":"Ancient Tea Set"},{"floor":9,"key":"Tiny Chest"}],"event_choices":[{"damage_healed":0,"gold_gain":75,"player_choice":"Gather Gold","damage_taken":11,"max_hp_gain":0,"max_hp_loss":0,"event_name":"World of Goop","floor":2,"gold_loss":0},{"damage_healed":0,"gold_gain":0,"player_choice":"Trade","damage_taken":0,"relics_obtained":["CultistMask"],"max_hp_gain":0,"max_hp_loss":0,"event_name":"FaceTrader","floor":3,"gold_loss":0}],"is_beta":true,"boss_relics":[],"items_purged_floors":[],"is_endless":false,"potions_floor_spawned":[1,6,8],"killed_by":"Lagavulin","ascension_level":0}