{"gold_per_floor":[216,31,46,46,46,77,89,131,169,201,227,239,251,282,294,406,418,414,436,388,419,444,456,493,521,533,575,587,599],"floor_reached":29,"playtime":1625,"items_purged":[],"score":368,"play_id":"eb3a713d-cf1f-4592-b3f8-5545eb73c0f5","local_time":"20190724090719","is_ascension_mode":true,"campfire_choices":[{"data":"Apotheosis","floor":7,"key":"SMITH"},{"floor":13,"key":"RECALL"},{"floor":15,"key":"REST"},{"data":"Acrobatics","floor":23,"key":"SMITH"}],"neow_cost":"NONE","seed_source_timestamp":987048949211,"circlet_count":0,"master_deck":["Defend_G","Defend_G","Defend_G","Defend_G","Defend_G","Strike_G","Strike_G","Survivor","Neutralize","PiercingWail","Apotheosis+1","Leg Sweep","Masterful Stab","Venomology","Escape Plan","PiercingWail","Phantasmal Killer","All Out Attack","Bullet Time","Footwork+1","Deflect","Poisoned Stab","Dagger Spray","Acrobatics+1","Skewer","Night Terror","Dodge and Roll+1"],"relics":["Ring of the Snake","MawBank","Bag of Marbles","Happy Flower","Snecko Eye","Art of War","Gremlin Horn","Juzu Bracelet"],"potions_floor_usage":[8,8,14,16,16,19,22,24,25,27,29,29,29],"damage_taken":[{"damage":2,"enemies":"Small Slimes","floor":1,"turns":4},{"damage":0,"enemies":"Cultist","floor":3,"turns":4},{"damage":15,"enemies":"3 Sentries","floor":6,"turns":16},{"damage":0,"enemies":"Lagavulin","floor":8,"turns":7},{"damage":0,"enemies":"2 Louse","floor":10,"turns":2},{"damage":0,"enemies":"Red Slaver","floor":11,"turns":3},{"damage":0,"enemies":"Gremlin Gang","floor":14,"turns":5},{"damage":4,"enemies":"Slime Boss","floor":16,"turns":8},{"damage":0,"enemies":"2 Thieves","floor":18,"turns":4},{"damage":1,"enemies":"3 Byrds","floor":19,"turns":6},{"damage":0,"enemies":"Snake Plant","floor":21,"turns":5},{"damage":5,"enemies":"3 Cultists","floor":22,"turns":4},{"damage":0,"enemies":"Gremlin Leader","floor":24,"turns":6},{"damage":0,"enemies":"Chosen and Byrds","floor":25,"turns":3},{"damage":0,"enemies":"Book of Stabbing","floor":27,"turns":5},{"damage":82,"enemies":"Gremlin Leader","floor":29,"turns":11}],"seed_played":"3076800757517711310","potions_obtained":[{"floor":3,"key":"FearPotion"},{"floor":6,"key":"FearPotion"},{"floor":10,"key":"FearPotion"},{"floor":11,"key":"SkillPotion"},{"floor":16,"key":"Regen Potion"},{"floor":19,"key":"Explosive Potion"},{"floor":21,"key":"PowerPotion"}],"is_trial":false,"path_per_floor":["?","?","M","?","M","M","?"],"character_chosen":"THE_SILENT","items_purchased":["Apotheosis"],"campfire_rested":1,"item_purchase_floors":[2],"current_hp_per_floor":[68,68,68,73,73,58,58,58,58,58,58,58,58,58,75,71,75,75,74,74,74,69,69,69,75,75,75,75,0],"gold":599,"neow_bonus":"HUNDRED_GOLD","is_prod":false,"is_daily":false,"chose_seed":false,"campfire_upgraded":2,"win_rate":0,"timestamp":1563952039,"path_taken":["M","$","M","?","?","E","R","E","T","M","?","$","R","M","R","BOSS","M","M","?","M","?","R","E","?","T","E","?","E"],"build_version":"2019-01-23","purchased_purges":0,"victory":false,"max_hp_per_floor":[70,70,70,75,75,75,75,75,75,75,75,75,75,75,75,75,75,75,75,75,75,75,75,75,75,75,75,75,75],"card_choices":[{"not_picked":["Blade Dance","Prepared"],"picked":"PiercingWail","floor":1},{"not_picked":["Sucker Punch","Bane"],"picked":"Leg Sweep","floor":3},{"not_picked":["Prepared","Distraction"],"picked":"Venomology","floor":6},{"not_picked":["Underhanded Strike","Eviscerate"],"picked":"Escape Plan","floor":8},{"not_picked":["Poisoned Stab","Slice"],"picked":"PiercingWail","floor":10},{"not_picked":["Infinite Blades","Underhanded Strike"],"picked":"Phantasmal Killer","floor":11},{"not_picked":["Cloak And Dagger","Dagger Throw"],"picked":"All Out Attack","floor":14},{"not_picked":["Tools of the Trade","Doppelganger"],"picked":"Bullet Time","floor":16},{"not_picked":["Calculated Gamble","Dagger Spray"],"picked":"Footwork","floor":18},{"not_picked":["Finisher+1","Distraction","Quick Slash"],"picked":"SKIP","floor":19},{"not_picked":["PiercingWail","Prepared+1"],"picked":"Dagger Spray","floor":21},{"not_picked":["Expertise","PiercingWail+1"],"picked":"Acrobatics","floor":22},{"not_picked":["Acrobatics","PiercingWail+1"],"picked":"Skewer","floor":24},{"not_picked":["Deflect","Heel Hook"],"picked":"Night Terror","floor":25},{"not_picked":["Dagger Spray+1","Infinite Blades"],"picked":"Dodge and Roll+1","floor":27}],"player_experience":1068903,"relics_obtained":[{"floor":6,"key":"MawBank"},{"floor":8,"key":"Bag of Marbles"},{"floor":9,"key":"Happy Flower"},{"floor":24,"key":"Art of War"},{"floor":26,"key":"Gremlin Horn"},{"floor":27,"key":"Juzu Bracelet"}],"event_choices":[{"damage_healed":0,"gold_gain":0,"player_choice":"Donut","damage_taken":0,"max_hp_gain":5,"max_hp_loss":0,"event_name":"Big Fish","floor":4,"gold_loss":0},{"damage_healed":0,"gold_gain":0,"cards_transformed":["Strike_G"],"player_choice":"Transformed","damage_taken":0,"max_hp_gain":0,"max_hp_loss":0,"event_name":"Transmorgrifier","floor":5,"gold_loss":0,"cards_obtained":["Masterful Stab"]},{"damage_healed":0,"gold_gain":0,"cards_transformed":["Strike_G","Strike_G"],"player_choice":"Transformed Cards","damage_taken":0,"max_hp_gain":0,"max_hp_loss":0,"event_name":"Designer","floor":20,"gold_loss":60,"cards_obtained":["Deflect","Poisoned Stab"]},{"damage_healed":0,"gold_gain":0,"player_choice":"Forge","damage_taken":0,"max_hp_gain":0,"max_hp_loss":0,"event_name":"Accursed Blacksmith","floor":28,"gold_loss":0,"cards_upgraded":["Footwork"]}],"is_beta":false,"boss_relics":[{"not_picked":["HoveringKite","Cursed Key"],"picked":"Snecko Eye"}],"items_purged_floors":[],"is_endless":false,"potions_floor_spawned":[3,6,10,11,16,19,21,22,24],"killed_by":"Gremlin Leader","ascension_level":1}