{"gold_per_floor":[12,31,48,48,48,48,83,35,35,51,79,52,52,64,64,164,164,180,192,192,107,107,107,120,151,222,222,251,262,282,207,207,309,309,321,421,433,62,62,62,80,109,133,133,164,164,164,164,164,164,164,164,19,19],"floor_reached":54,"playtime":3256,"items_purged":["Strike_B","Strike_B","Strike_B"],"score":1059,"play_id":"ff134f0e-45c1-45ba-8434-d6decd6b65bc","local_time":"20190508131649","is_ascension_mode":true,"campfire_choices":[{"data":"Creative AI","floor":6.0,"key":"SMITH"},{"floor":13.0,"key":"REST"},{"floor":15.0,"key":"REST"},{"data":"Zap","floor":23.0,"key":"SMITH"},{"floor":32.0,"key":"REST"},{"floor":40.0,"key":"RECALL"},{"floor":44.0,"key":"REST"},{"floor":47.0,"key":"REST"},{"floor":49.0,"key":"REST"},{"floor":52.0,"key":"REST"}],"neow_cost":"NO_GOLD","seed_source_timestamp":0,"circlet_count":0,"master_deck":["Defend_B","Defend_B","Defend_B+1","Defend_B","Zap+1","Dualcast+1","Creative AI+1","Undo","Turbo","Sunder+1","Barrage","Ball Lightning","Echo Form","Seek","Genetic Algorithm+1","Electrodynamics+1","Biased Cognition+1","Leap+1","Reinforced Body+1","Self Repair+1","Madness+1","Madness+1","Fission+1"],"special_seed":0,"relics":["Cracked Core","Gambling Chip","Singing Bowl","War Paint","Nuclear Battery","Nilry\u0027s Codex","Centennial Puzzle","MutagenicStrength","Orichalcum","Frozen Egg 2","Bag of Marbles","Fusion Hammer","Incense Burner","Membership Card","Toxic Egg 2","Anchor","Blue Candle"],"potions_floor_usage":[],"damage_taken":[{"damage":1.0,"enemies":"Cultist","floor":1.0,"turns":3.0},{"damage":3.0,"enemies":"Small Slimes","floor":2.0,"turns":3.0},{"damage":8.0,"enemies":"Jaw Worm","floor":3.0,"turns":4.0},{"damage":30.0,"enemies":"3 Sentries","floor":7.0,"turns":6.0},{"damage":12.0,"enemies":"Large Slime","floor":10.0,"turns":5.0},{"damage":14.0,"enemies":"Gremlin Nob","floor":11.0,"turns":3.0},{"damage":0.0,"enemies":"3 Louse","floor":14.0,"turns":2.0},{"damage":25.0,"enemies":"Slime Boss","floor":16.0,"turns":5.0},{"damage":4.0,"enemies":"Chosen","floor":18.0,"turns":4.0},{"damage":3.0,"enemies":"Spheric Guardian","floor":19.0,"turns":3.0},{"damage":17.0,"enemies":"Snake Plant","floor":24.0,"turns":4.0},{"damage":10.0,"enemies":"Gremlin Leader","floor":25.0,"turns":9.0},{"damage":48.0,"enemies":"Book of Stabbing","floor":28.0,"turns":6.0},{"damage":0.0,"enemies":"Snecko","floor":29.0,"turns":6.0},{"damage":11.0,"enemies":"Chosen and Byrds","floor":30.0,"turns":5.0},{"damage":0.0,"enemies":"Collector","floor":33.0,"turns":7.0},{"damage":0.0,"enemies":"3 Shapes","floor":35.0,"turns":3.0},{"damage":13.0,"enemies":"Mind Bloom Boss Battle","floor":36.0,"turns":5.0},{"damage":16.0,"enemies":"Orb Walker","floor":37.0,"turns":3.0},{"damage":0.0,"enemies":"3 Darklings","floor":41.0,"turns":2.0},{"damage":28.0,"enemies":"Reptomancer","floor":42.0,"turns":5.0},{"damage":13.0,"enemies":"Nemesis","floor":45.0,"turns":5.0},{"damage":55.0,"enemies":"Time Eater","floor":50.0,"turns":9.0},{"damage":108,"enemies":"Shield and Spear","floor":54,"turns":5}],"seed_played":"-2089830429479529064","potions_obtained":[{"floor":1.0,"key":"Block Potion"},{"floor":3.0,"key":"GamblersBrew"},{"floor":10.0,"key":"Explosive Potion"},{"floor":14.0,"key":"Swift Potion"},{"floor":19.0,"key":"Regen Potion"},{"floor":24.0,"key":"LiquidBronze"},{"floor":29.0,"key":"Dexterity Potion"},{"floor":30.0,"key":"FocusPotion"},{"floor":33.0,"key":"SpeedPotion"},{"floor":41.0,"key":"Energy Potion"},{"floor":42.0,"key":"Poison Potion"},{"floor":45.0,"key":"Ancient Potion"}],"is_trial":false,"path_per_floor":["?","$","?","?","?","?","?","?","?","M","?","?"],"character_chosen":"DEFECT","items_purchased":["Ball Lightning","Membership Card","Toxic Egg 2","Fission+1"],"campfire_rested":7,"item_purchase_floors":[8,38,38,53],"current_hp_per_floor":[67,64,56,56,56,56,26,26,26,16,4,4,27,27,50,25,66,64,61,45,45,45,45,30,22,22,85,44,44,35,35,61,61,82,84,73,57,57,57,57,57,29,29,56,65,53,81,81,95,60,86,95,95,0],"gold":19,"neow_bonus":"THREE_RARE_CARDS","is_prod":false,"is_daily":false,"chose_seed":false,"campfire_upgraded":2,"win_rate":0,"timestamp":1557314209,"path_taken":["M","M","M","$","?","R","E","?","T","M","E","?","R","M","R","BOSS","M","M","?","?","?","R","M","E","T","?","E","M","M","$","R","BOSS","M","?","M","$","?","R","?","E","T","R","E","?","R","?","R","BOSS","R","$","E"],"build_version":"2019-01-23","purchased_purges":3,"victory":false,"max_hp_per_floor":[75,75,75,75,75,75,75,75,75,77,79,79,79,79,79,79,79,81,81,81,81,81,81,83,85,85,85,87,87,89,89,89,89,89,91,93,93,93,93,93,93,93,93,93,95,95,95,95,95,95,95,95,95,95],"card_choices":[{"not_picked":["Fission","Multi-Cast"],"picked":"Creative AI","floor":0.0},{"not_picked":["Streamline","Aggregate"],"picked":"Undo","floor":1.0},{"not_picked":["Barrage","Hologram"],"picked":"Turbo","floor":2.0},{"not_picked":["Barrage","Redo"],"picked":"Sunder","floor":3.0},{"not_picked":["Skim","Chaos"],"picked":"Barrage","floor":7.0},{"not_picked":["Reprogram","Lockon","Go for the Eyes"],"picked":"Singing Bowl","floor":10.0},{"not_picked":["Streamline","FTL","Genetic Algorithm"],"picked":"Singing Bowl","floor":11.0},{"not_picked":["Redo","Coolheaded"],"picked":"Echo Form","floor":14.0},{"not_picked":["Thunder Strike","Amplify"],"picked":"Seek","floor":16.0},{"not_picked":["Streamline","Genetic Algorithm","Chill"],"picked":"Singing Bowl","floor":18.0},{"not_picked":["Hologram","Recycle"],"picked":"Genetic Algorithm+1","floor":19.0},{"not_picked":["Lockon","Beam Cell","Recycle"],"picked":"Singing Bowl","floor":24.0},{"not_picked":["Stack+1","Gash","Redo"],"picked":"Singing Bowl","floor":25.0},{"not_picked":["Scrape","Gash","Redo"],"picked":"Singing Bowl","floor":28.0},{"not_picked":["Melter","Heatsinks+1"],"picked":"Electrodynamics+1","floor":29.0},{"not_picked":["Sweeping Beam","Beam Cell+1","Ball Lightning"],"picked":"Singing Bowl","floor":30.0},{"not_picked":["Multi-Cast","Fission"],"picked":"Biased Cognition+1","floor":33.0},{"not_picked":["Capacitor+1","Darkness","Cold Snap+1"],"picked":"Singing Bowl","floor":35.0},{"not_picked":["Streamline+1","Beam Cell+1","Lockon+1"],"picked":"Singing Bowl","floor":36.0},{"not_picked":["Steam","Cold Snap+1"],"picked":"Leap+1","floor":37.0},{"not_picked":["Auto Shields+1","Steam+1"],"picked":"Reinforced Body+1","floor":41.0},{"not_picked":["Creative AI+1","Stack+1"],"picked":"Self Repair+1","floor":42.0},{"not_picked":["Redo+1","Double Energy+1","Chill+1"],"picked":"Singing Bowl","floor":45.0}],"player_experience":583731,"relics_obtained":[{"floor":7.0,"key":"Gambling Chip"},{"floor":9.0,"key":"Singing Bowl"},{"floor":11.0,"key":"War Paint"},{"floor":20.0,"key":"Nilry\u0027s Codex"},{"floor":25.0,"key":"Orichalcum"},{"floor":26.0,"key":"Frozen Egg 2"},{"floor":28.0,"key":"Bag of Marbles"},{"floor":36.0,"key":"Incense Burner"},{"floor":42.0,"key":"Anchor"},{"floor":45.0,"key":"Blue Candle"}],"event_choices":[{"cards_removed":["Strike_B"],"damage_healed":0.0,"max_hp_gain":0.0,"max_hp_loss":0.0,"gold_gain":0.0,"event_name":"Bonfire Elementals","player_choice":"Offered Basic","floor":5.0,"gold_loss":0.0,"damage_taken":0.0},{"damage_healed":0.0,"max_hp_gain":0.0,"max_hp_loss":0.0,"gold_gain":0.0,"event_name":"World of Goop","player_choice":"Left Gold","floor":12.0,"gold_loss":27.0,"damage_taken":0.0},{"damage_healed":0.0,"max_hp_gain":0.0,"max_hp_loss":0.0,"gold_gain":0.0,"event_name":"Cursed Tome","player_choice":"Obtained Book","floor":20.0,"gold_loss":0.0,"damage_taken":16.0},{"damage_healed":0.0,"max_hp_gain":0.0,"max_hp_loss":0.0,"gold_gain":0.0,"event_name":"Addict","player_choice":"Obtained Relic","floor":21.0,"gold_loss":85.0,"damage_taken":0.0,"relics_obtained":["Centennial Puzzle"]},{"damage_healed":0.0,"max_hp_gain":0.0,"max_hp_loss":0.0,"gold_gain":0.0,"event_name":"Drug Dealer","player_choice":"Inject Mutagens","floor":22.0,"gold_loss":0.0,"damage_taken":0.0,"relics_obtained":["MutagenicStrength"]},{"damage_healed":63.0,"max_hp_gain":0.0,"max_hp_loss":0.0,"gold_gain":0.0,"event_name":"Wheel of Change","player_choice":"Full Heal","floor":27.0,"gold_loss":0.0,"damage_taken":0.0},{"damage_healed":0.0,"max_hp_gain":0.0,"max_hp_loss":0.0,"gold_gain":0.0,"event_name":"MindBloom","player_choice":"Fight","floor":36.0,"gold_loss":0.0,"damage_taken":0.0},{"damage_healed":0.0,"max_hp_gain":0.0,"max_hp_loss":0.0,"gold_gain":0.0,"event_name":"Upgrade Shrine","player_choice":"Upgraded","floor":39.0,"gold_loss":0.0,"damage_taken":0.0,"cards_upgraded":["Sunder"]},{"damage_healed":0.0,"max_hp_gain":0.0,"max_hp_loss":0.0,"gold_gain":0.0,"event_name":"Winding Halls","player_choice":"Embrace Madness","floor":46.0,"gold_loss":0.0,"damage_taken":12.0,"cards_obtained":["Madness","Madness"]},{"damage_healed":0.0,"max_hp_gain":0.0,"max_hp_loss":0.0,"gold_gain":0.0,"event_name":"Tomb of Lord Red Mask","player_choice":"Ignored","floor":48.0,"gold_loss":0.0,"damage_taken":0.0}],"is_beta":false,"boss_relics":[{"not_picked":["Pandora\u0027s Box","Orrery"],"picked":"Nuclear Battery"},{"not_picked":["Runic Dome","Eternal Feather"],"picked":"Fusion Hammer"}],"items_purged_floors":[31,38,53],"is_endless":false,"potions_floor_spawned":[1,3,10,14,19,24,29,30,33,41,42,45],"killed_by":"Shield and Spear","ascension_level":7}