{"gold_per_floor":[419,419,439,439,30,64,64,80,80,90,90,102,137,92,92,187,187,198,113,42,61,61,61,94,94,120,170,189,189],"floor_reached":29,"playtime":1982,"items_purged":[],"score":276,"play_id":"7d6d20f0-c4fc-49f1-9634-31dd986b9ce3","local_time":"20190428190645","is_ascension_mode":true,"campfire_choices":[{"floor":7,"key":"REST"},{"data":"Defragment","floor":11,"key":"SMITH"},{"floor":15,"key":"REST"},{"data":"Consume","floor":23,"key":"SMITH"},{"floor":25,"key":"REST"}],"neow_cost":"TEN_PERCENT_HP_LOSS","seed_source_timestamp":434949414932242,"circlet_count":0,"master_deck":["Strike_B","Strike_B","Strike_B","Strike_B","Defend_B+1","Defend_B","Defend_B","Defend_B+1","Zap","Dualcast","Undo","Loop","Consume+1","Defragment+1","Coolheaded","Steam","Cold Snap","Static Discharge","Blizzard+1","Ball Lightning+1","Biased Cognition","Reinforced Body","Self Repair","Streamline+1","J.A.X.","Beam Cell+1"],"relics":["Cracked Core","Old Coin","Gambling Chip","Du-Vu Doll","Nunchaku","Molten Egg 2","Snecko Eye","War Paint","Blood Vial","Boot","Smiling Mask"],"potions_floor_usage":[],"damage_taken":[{"damage":2,"enemies":"2 Louse","floor":1,"turns":3},{"damage":1,"enemies":"Cultist","floor":3,"turns":3},{"damage":42,"enemies":"3 Sentries","floor":6,"turns":7},{"damage":0,"enemies":"Small Slimes","floor":8,"turns":3},{"damage":3,"enemies":"Looter","floor":10,"turns":4},{"damage":14,"enemies":"Large Slime","floor":12,"turns":8},{"damage":5,"enemies":"Lagavulin","floor":13,"turns":7},{"damage":14,"enemies":"The Guardian","floor":16,"turns":11},{"damage":0,"enemies":"Spheric Guardian","floor":18,"turns":4},{"damage":12,"enemies":"Shell Parasite","floor":21,"turns":4},{"damage":30,"enemies":"Book of Stabbing","floor":24,"turns":5},{"damage":27,"enemies":"Snake Plant","floor":28,"turns":5},{"damage":49,"enemies":"Slavers","floor":29,"turns":4}],"seed_played":"519143253313447913","potions_obtained":[{"floor":6,"key":"LiquidBronze"},{"floor":10,"key":"SteroidPotion"},{"floor":16,"key":"SpeedPotion"}],"is_trial":false,"path_per_floor":["M","?","M","?","$","E","R","M","T","M","R","M","E","$","R","B",null,"M","?","$","M","?","R","E","R","T","T","M","E"],"character_chosen":"DEFECT","items_purchased":["Gambling Chip","Consume","Defragment","Ball Lightning+1","Self Repair"],"campfire_rested":3,"item_purchase_floors":[5,5,5,14,20],"current_hp_per_floor":[66,66,65,65,65,23,42,42,42,39,39,25,20,20,39,25,65,65,65,65,60,60,60,37,56,56,56,38,0],"gold":189,"neow_bonus":"ONE_RARE_RELIC","is_prod":false,"is_daily":false,"chose_seed":false,"campfire_upgraded":2,"win_rate":0,"timestamp":1556503605,"path_taken":["M","?","?","?","$","E","R","M","T","M","R","M","E","$","R","BOSS","M","?","$","M","?","R","E","R","T","?","M","E"],"build_version":"2019-01-23","purchased_purges":0,"victory":false,"max_hp_per_floor":[68,68,68,65,65,65,65,65,65,65,65,65,65,65,65,65,65,65,65,65,65,65,65,65,65,65,65,65,65],"card_choices":[{"not_picked":["Beam Cell","Turbo"],"picked":"Undo","floor":1},{"not_picked":["Blizzard","Double Energy"],"picked":"Loop","floor":3},{"not_picked":["Turbo","Undo"],"picked":"Coolheaded","floor":6},{"not_picked":["Rebound","Force Field"],"picked":"Steam","floor":8},{"not_picked":["Barrage","Beam Cell"],"picked":"Cold Snap","floor":10},{"not_picked":["Ball Lightning","Turbo"],"picked":"Static Discharge","floor":12},{"not_picked":["Hologram","Reinforced Body"],"picked":"Blizzard","floor":13},{"not_picked":["Amplify","Creative AI"],"picked":"Biased Cognition","floor":16},{"not_picked":["Go for the Eyes+1","Heatsinks"],"picked":"Reinforced Body","floor":18},{"not_picked":["Chill","Stack"],"picked":"Streamline+1","floor":21},{"not_picked":["Leap","Go for the Eyes+1"],"picked":"Beam Cell+1","floor":24},{"not_picked":["Leap","Gash+1","Darkness"],"picked":"SKIP","floor":28}],"player_experience":116302,"relics_obtained":[{"floor":6,"key":"Du-Vu Doll"},{"floor":9,"key":"Nunchaku"},{"floor":13,"key":"Molten Egg 2"},{"floor":24,"key":"Blood Vial"},{"floor":26,"key":"Boot"},{"floor":27,"key":"Smiling Mask"}],"event_choices":[{"damage_healed":0,"gold_gain":0,"player_choice":"1 cards matched","damage_taken":0,"max_hp_gain":0,"max_hp_loss":0,"event_name":"Match and Keep!","floor":2,"gold_loss":0,"cards_obtained":["Parasite"]},{"cards_removed":["Parasite"],"damage_healed":0,"gold_gain":0,"player_choice":"Forget","damage_taken":0,"max_hp_gain":0,"max_hp_loss":0,"event_name":"Living Wall","floor":4,"gold_loss":0},{"damage_healed":0,"gold_gain":0,"player_choice":"Obtained Relic","damage_taken":0,"relics_obtained":["War Paint"],"max_hp_gain":0,"max_hp_loss":0,"event_name":"Addict","floor":19,"gold_loss":85},{"damage_healed":0,"gold_gain":0,"player_choice":"Obtain J.A.X.","damage_taken":0,"max_hp_gain":0,"max_hp_loss":0,"event_name":"Drug Dealer","floor":22,"gold_loss":0,"cards_obtained":["J.A.X."]}],"is_beta":false,"boss_relics":[{"not_picked":["Pandora\u0027s Box","Eternal Feather"],"picked":"Snecko Eye"}],"items_purged_floors":[],"is_endless":false,"potions_floor_spawned":[6,10,16,18,28],"killed_by":"Slavers","ascension_level":2}