{"gold_per_floor":[10,28,28,38,38,38,53,53,131,157,157,176,26,26,26,26],"floor_reached":16,"playtime":1344,"items_purged":[],"score":120,"play_id":"6d2c9be9-a624-4230-87b5-571f62764d2c","local_time":"20190911221025","is_ascension_mode":true,"campfire_choices":[{"floor":6,"key":"RECALL"},{"floor":15,"key":"REST"}],"neow_cost":"NO_GOLD","seed_source_timestamp":20900931133700,"circlet_count":0,"master_deck":["Strike_G","Strike_G","Strike_G","Strike_G","Strike_G","Defend_G","Defend_G","Defend_G","Defend_G","Defend_G","Survivor","Neutralize","Infinite Blades","Outmaneuver","Cloak And Dagger","Catalyst","Predator","Quick Slash"],"relics":["Ring of the Snake","Incense Burner","Ancient Tea Set","Anchor"],"potions_floor_usage":[10,10,16],"damage_taken":[{"damage":0,"enemies":"Cultist","floor":1,"turns":5},{"damage":0,"enemies":"2 Louse","floor":2,"turns":4},{"damage":3,"enemies":"Jaw Worm","floor":4,"turns":5},{"damage":12,"enemies":"Large Slime","floor":7,"turns":6},{"damage":39,"enemies":"3 Sentries","floor":10,"turns":18},{"damage":0,"enemies":"2 Fungi Beasts","floor":12,"turns":5},{"damage":35,"enemies":"Slime Boss","floor":16,"turns":7}],"seed_played":"-6705672195493218805","potions_obtained":[{"floor":1,"key":"PowerPotion"},{"floor":2,"key":"FearPotion"},{"floor":4,"key":"Weak Potion"}],"is_trial":false,"path_per_floor":["M","M","$","M","$","R","M","?","T","E","?","M","$","?","R","B"],"character_chosen":"THE_SILENT","items_purchased":["Anchor"],"campfire_rested":1,"item_purchase_floors":[13],"current_hp_per_floor":[70,70,70,67,67,67,55,60,60,21,21,21,21,3,25,0],"gold":26,"neow_bonus":"ONE_RARE_RELIC","is_prod":false,"is_daily":false,"chose_seed":false,"campfire_upgraded":0,"win_rate":0,"timestamp":1568257825,"path_taken":["M","M","$","M","$","R","M","?","T","E","?","M","?","?","R","BOSS"],"build_version":"2019-07-17","purchased_purges":0,"victory":false,"max_hp_per_floor":[70,70,70,70,70,70,70,75,75,75,75,75,75,75,75,75],"card_choices":[{"not_picked":["Terror","Dagger Throw"],"picked":"Infinite Blades","floor":1},{"not_picked":["Finisher","Deflect"],"picked":"Outmaneuver","floor":2},{"not_picked":["Blade Dance","Quick Slash"],"picked":"Cloak And Dagger","floor":4},{"not_picked":["Heel Hook","Masterful Stab"],"picked":"Catalyst","floor":7},{"not_picked":["Acrobatics","Burst"],"picked":"Predator","floor":10},{"not_picked":["Dagger Spray","Prepared"],"picked":"Quick Slash","floor":12}],"player_experience":342376,"relics_obtained":[{"floor":10,"key":"Ancient Tea Set"}],"event_choices":[{"damage_healed":0,"gold_gain":0,"player_choice":"Donut","damage_taken":0,"max_hp_gain":5,"max_hp_loss":0,"event_name":"Big Fish","floor":8,"gold_loss":0},{"damage_healed":0,"gold_gain":0,"player_choice":"Ignored","damage_taken":0,"max_hp_gain":0,"max_hp_loss":0,"event_name":"Liars Game","floor":11,"gold_loss":0},{"damage_healed":0,"gold_gain":0,"player_choice":"Fled","damage_taken":18,"max_hp_gain":0,"max_hp_loss":0,"event_name":"Scrap Ooze","floor":14,"gold_loss":0}],"is_beta":false,"boss_relics":[],"items_purged_floors":[],"is_endless":false,"potions_floor_spawned":[1,2,4,7],"killed_by":"Slime Boss","ascension_level":4}