{"path_per_floor":["M","$","M","$","?","R","M","E","T","M","$","$","?","M","R","B",null,"M","M","?","M","?","R"],"character_chosen":"THE_SILENT","items_purchased":["Bag of Preparation"],"gold_per_floor":[144,69,114,14,14,14,59,149,149,194,44,44,44,89,89,389,479,524,569,569,614,614,614,614],"floor_reached":24,"campfire_rested":3,"playtime":3732,"current_hp_per_floor":[61,61,61,61,54,70,70,70,70,70,70,70,70,70,77,6,82,64,39,23,13,13,37,0],"items_purged":["Dodge and Roll","Dodge and Roll"],"gold":614,"score":221,"play_id":"1a8cf290-2855-4afa-882c-3347f190579b","local_time":"20180513035212","daily_mods":["Insanity","Midas","Lethality"],"is_prod":false,"is_daily":true,"chose_seed":false,"is_ascension_mode":false,"campfire_upgraded":0,"timestamp":1526154732,"path_taken":["M","$","M","$","?","R","?","E","T","M","?","$","?","M","R","BOSS","M","M","?","M","?","R","M"],"build_version":"2018-05-10","seed_source_timestamp":0,"purchased_purges":2,"victory":false,"master_deck":["Skewer","Eviscerate","Adrenaline","Flying Knee","Tactician","Survivor","Tools of the Trade","Accuracy","Concentrate","Unload","Unload","Backstab","Doppelganger","Flying Knee","Well Laid Plans","Venomology","Flying Knee","Masterful Stab","Deflect","Wraith Form v2","Blade Dance","Leg Sweep","Masterful Stab","Finisher","Noxious Fumes","Heel Hook","Deadly Poison","Predator","Grand Finale","Storm of Steel","Bouncing Flask","Escape Plan","Tactician","Blur","Concentrate","Survivor","Deflect+1","Acrobatics","Poisoned Stab","Dodge and Roll","Accuracy","A Thousand Cuts","Quick Slash","Defend_G","Heel Hook","Eviscerate","Sucker Punch","Backflip","Storm of Steel"],"max_hp_per_floor":[70,70,70,70,70,70,70,77,77,77,77,77,77,77,77,77,82,82,82,82,82,82,82,82],"relics":["Ring of the Snake","Strawberry","Dodecahedron","Bag of Preparation","Tiny House","Nilry\u0027s Codex"],"card_choices":[],"player_experience":498414,"potions_floor_usage":[10,19,19],"damage_taken":[{"damage":9,"enemies":"Jaw Worm","floor":1,"turns":2},{"damage":0,"enemies":"Cultist","floor":3,"turns":2},{"damage":0,"enemies":"Small Slimes","floor":7,"turns":1},{"damage":7,"enemies":"Gremlin Nob","floor":8,"turns":4},{"damage":0,"enemies":"Blue Slaver","floor":10,"turns":1},{"damage":0,"enemies":"Lots of Slimes","floor":14,"turns":2},{"damage":71,"enemies":"Hexaghost","floor":16,"turns":8},{"damage":18,"enemies":"2 Thieves","floor":18,"turns":3},{"damage":28,"enemies":"Spheric Guardian","floor":19,"turns":4},{"damage":10,"enemies":"3 Cultists","floor":21,"turns":6},{"damage":51,"enemies":"Snake Plant","floor":24,"turns":2}],"event_choices":[{"event_name":"Wheel of Change","player_choice":"Damage","floor":5,"damage_taken":0},{"event_name":"Match and Keep!","player_choice":"1 cards matched","floor":13,"damage_taken":0},{"event_name":"Cursed Tome","player_choice":"Obtained Book","floor":20,"damage_taken":0},{"event_name":"Vampires","player_choice":"Ignored","floor":22,"damage_taken":0}],"boss_relics":[{"not_picked":["Calling Bell","Sozu"],"picked":"Tiny House"}],"potions_floor_spawned":[7,8,14,18],"seed_played":"-6008848597544292010","killed_by":"Snake Plant","ascension_level":0,"is_trial":false}