{"gold_per_floor":[113,113,113,126,32,32,366,379,379,379,379,398,417,33,33,131,131,151,172,188,202,225,269,269,32,32,32,32,50,50,68,68,157,157,182,2,20,44,68,86,125,125,125,19,39,58,58,101,101,101,101],"floor_reached":51,"playtime":4017,"items_purged":[],"score":1516,"play_id":"f842c2cb-5da5-4d27-bb6b-0e8e1abed248","local_time":"20190909215218","is_ascension_mode":true,"campfire_choices":[{"data":"Zap","floor":6,"key":"SMITH"},{"data":"Barrage","floor":10,"key":"SMITH"},{"floor":15,"key":"REST"},{"data":"Seek","floor":24,"key":"SMITH"},{"data":"Sweeping Beam","floor":30,"key":"SMITH"},{"data":"Sweeping Beam","floor":32,"key":"SMITH"},{"data":"Amplify","floor":42,"key":"SMITH"},{"data":"Panacea","floor":49,"key":"SMITH"}],"neow_cost":"NONE","seed_source_timestamp":350476379189300,"circlet_count":0,"master_deck":["AscendersBane","Strike_B","Strike_B","Strike_B+1","Strike_B","Defend_B","Defend_B+1","Defend_B","Defend_B","Zap+1","Dualcast","Barrage+1","Ball Lightning","Bandage Up","Conserve Battery","Genetic Algorithm","Rebound","Defragment+1","Self Repair+1","Cold Snap","Coolheaded","Buffer+1","Capacitor+1","FTL","Sweeping Beam+1","Reinforced Body","Seek+1","Defragment+1","Sweeping Beam+1","Creative AI+1","Self Repair+1","Panacea+1","Amplify+1","Conserve Battery+1","Core Surge","Mayhem+1","Discovery","Coolheaded"],"relics":["Cracked Core","NeowsBlessing","Golden Idol","Old Coin","Frozen Egg 2","OrangePellets","Coffee Dripper","Symbiotic Virus","Membership Card","Art of War","White Beast Statue","Bag of Preparation","Dodecahedron","Pen Nib","ClockworkSouvenir","Smiling Mask"],"potions_floor_usage":[13,16,20,20,23,23,38,39,46,48,50,51],"damage_taken":[{"damage":0,"enemies":"Jaw Worm","floor":1,"turns":1},{"damage":0,"enemies":"2 Louse","floor":4,"turns":1},{"damage":0,"enemies":"Gremlin Nob","floor":7,"turns":1},{"damage":2,"enemies":"Small Slimes","floor":8,"turns":2},{"damage":4,"enemies":"Red Slaver","floor":12,"turns":3},{"damage":31,"enemies":"Gremlin Gang","floor":13,"turns":4},{"damage":39,"enemies":"Hexaghost","floor":16,"turns":12},{"damage":12,"enemies":"Shell Parasite","floor":18,"turns":5},{"damage":0,"enemies":"Spheric Guardian","floor":19,"turns":6},{"damage":12,"enemies":"3 Cultists","floor":20,"turns":6},{"damage":21,"enemies":"Snake Plant","floor":21,"turns":5},{"damage":4,"enemies":"Snecko","floor":22,"turns":9},{"damage":61,"enemies":"Slavers","floor":23,"turns":6},{"damage":0,"enemies":"Shelled Parasite and Fungi","floor":29,"turns":5},{"damage":12,"enemies":"Cultist and Chosen","floor":31,"turns":8},{"damage":26,"enemies":"Automaton","floor":33,"turns":11},{"damage":41,"enemies":"3 Darklings","floor":35,"turns":6},{"damage":6,"enemies":"3 Shapes","floor":37,"turns":5},{"damage":0,"enemies":"Maw","floor":38,"turns":7},{"damage":11,"enemies":"Transient","floor":39,"turns":6},{"damage":19,"enemies":"4 Shapes","floor":40,"turns":6},{"damage":0,"enemies":"Nemesis","floor":41,"turns":7},{"damage":7,"enemies":"Spire Growth","floor":45,"turns":7},{"damage":15,"enemies":"Writhing Mass","floor":46,"turns":6},{"damage":38,"enemies":"Reptomancer","floor":48,"turns":8},{"damage":47,"enemies":"Time Eater","floor":50,"turns":17},{"damage":35,"enemies":"Awakened One","floor":51,"turns":2}],"seed_played":"7527244414055994231","potions_obtained":[{"floor":4,"key":"Regen Potion"},{"floor":12,"key":"Weak Potion"},{"floor":16,"key":"AttackPotion"},{"floor":19,"key":"Weak Potion"},{"floor":21,"key":"Regen Potion"},{"floor":22,"key":"Energy Potion"},{"floor":35,"key":"FocusPotion"},{"floor":37,"key":"LiquidBronze"},{"floor":38,"key":"Fire Potion"},{"floor":39,"key":"SkillPotion"},{"floor":46,"key":"Fire Potion"},{"floor":48,"key":"EssenceOfSteel"}],"is_trial":false,"path_per_floor":["M","?","?","M","$","R","E","M","T","R","?","M","M","$","R","B",null,"M","M","M","M","M","E","R","$","T","?","?","M","R","M","R","B",null,"M","$","M","M","M","M","E","R","T","$","M","M","?","E","R","B","B"],"character_chosen":"DEFECT","items_purchased":["Bandage Up","OrangePellets","Self Repair+1","Cold Snap","Coolheaded","Membership Card","Defragment+1","Self Repair+1","Bag of Preparation","Panacea","ClockworkSouvenir"],"campfire_rested":1,"item_purchase_floors":[5,14,14,14,14,25,25,36,36,36,44],"current_hp_per_floor":[64,64,43,43,43,43,43,41,41,41,41,41,14,14,35,25,60,62,71,71,64,71,35,35,35,35,35,35,49,49,51,51,39,63,26,26,44,68,70,71,71,71,71,71,71,71,66,52,52,29,0],"gold":101,"neow_bonus":"THREE_ENEMY_KILL","is_prod":false,"is_daily":false,"chose_seed":false,"campfire_upgraded":7,"win_rate":0,"timestamp":1568091138,"path_taken":["M","?","?","M","$","R","E","M","T","R","?","M","?","$","R","BOSS","M","M","?","M","M","E","R","$","T","?","?","M","R","M","R","BOSS","M","$","M","?","?","M","E","R","T","?","M","M","?","E","R","BOSS","BOSS"],"build_version":"2019-07-17","purchased_purges":0,"victory":false,"max_hp_per_floor":[71,71,71,71,71,71,71,71,71,71,71,71,71,71,71,71,71,71,71,71,71,71,71,71,71,71,71,71,71,71,71,71,71,71,71,71,71,71,71,71,71,71,71,71,71,71,71,71,71,71,71],"card_choices":[{"not_picked":["Coolheaded","Chill"],"picked":"Barrage","floor":1},{"not_picked":["Leap","Steam"],"picked":"Ball Lightning","floor":4},{"not_picked":["Gash","Force Field"],"picked":"Conserve Battery","floor":7},{"not_picked":["Self Repair","Beam Cell"],"picked":"Genetic Algorithm","floor":8},{"not_picked":["Chaos","Tempest"],"picked":"Rebound","floor":12},{"not_picked":["Barrage","Hologram"],"picked":"Defragment+1","floor":13},{"not_picked":["Machine Learning+1","Meteor Strike"],"picked":"Buffer+1","floor":16},{"not_picked":["Gash","Barrage"],"picked":"Capacitor+1","floor":18},{"not_picked":["Force Field","Skim"],"picked":"FTL","floor":19},{"not_picked":["Aggregate","Gash"],"picked":"Sweeping Beam","floor":20},{"not_picked":["Leap","Aggregate"],"picked":"Reinforced Body","floor":21},{"not_picked":["Reinforced Body","Rebound"],"picked":"Seek","floor":22},{"not_picked":["Chaos","Redo","Melter"],"picked":"SKIP","floor":23},{"not_picked":["Gash","Barrage"],"picked":"Sweeping Beam","floor":29},{"not_picked":["Steam Power","Rebound","Streamline"],"picked":"SKIP","floor":31},{"not_picked":["Fission","Multi-Cast"],"picked":"Creative AI+1","floor":33},{"not_picked":["Steam Power","Turbo","Beam Cell+1"],"picked":"SKIP","floor":35},{"not_picked":["Gash+1","Cold Snap","Streamline"],"picked":"SKIP","floor":37},{"not_picked":["Stack","Compile Driver","BootSequence"],"picked":"SKIP","floor":38},{"not_picked":["Rebound","Ball Lightning+1"],"picked":"Amplify","floor":39},{"not_picked":["Self Repair+1","Leap"],"picked":"Conserve Battery+1","floor":40},{"not_picked":["Turbo","Steam","Redo"],"picked":"SKIP","floor":41},{"not_picked":["Redo","Gash+1","Barrage"],"picked":"SKIP","floor":45},{"not_picked":["Turbo","Hologram+1"],"picked":"Core Surge","floor":46},{"not_picked":["Secret Weapon","Bandage Up"],"picked":"Mayhem+1","floor":47},{"not_picked":["Mind Blast","Impatience"],"picked":"Discovery","floor":47},{"not_picked":["Go for the Eyes","Hyperbeam"],"picked":"Coolheaded","floor":48}],"player_experience":857671,"relics_obtained":[{"floor":7,"key":"Old Coin"},{"floor":9,"key":"Frozen Egg 2"},{"floor":23,"key":"Symbiotic Virus"},{"floor":26,"key":"Art of War"},{"floor":41,"key":"Dodecahedron"},{"floor":43,"key":"Pen Nib"},{"floor":48,"key":"Smiling Mask"}],"event_choices":[{"damage_healed":0,"gold_gain":0,"player_choice":"Take Wound","damage_taken":0,"relics_obtained":["Golden Idol"],"max_hp_gain":0,"max_hp_loss":0,"event_name":"Golden Idol","floor":2,"gold_loss":0,"cards_obtained":["Injury"]},{"damage_healed":0,"gold_gain":0,"player_choice":"Entered Light","damage_taken":21,"max_hp_gain":0,"max_hp_loss":0,"event_name":"Shining Light","floor":3,"gold_loss":0,"cards_upgraded":["Strike_B","Defend_B"]},{"cards_removed":["Injury"],"damage_healed":0,"gold_gain":0,"player_choice":"Purged","damage_taken":0,"max_hp_gain":0,"max_hp_loss":0,"event_name":"Purifier","floor":11,"gold_loss":0},{"damage_healed":0,"gold_gain":0,"player_choice":"Ignored","damage_taken":0,"max_hp_gain":0,"max_hp_loss":0,"event_name":"Cursed Tome","floor":27,"gold_loss":0},{"damage_healed":0,"gold_gain":0,"player_choice":"0 cards matched","damage_taken":0,"max_hp_gain":0,"max_hp_loss":0,"event_name":"Match and Keep!","floor":28,"gold_loss":0,"cards_obtained":[]},{"damage_healed":0,"gold_gain":0,"player_choice":"Memory 2","damage_taken":5,"max_hp_gain":0,"max_hp_loss":0,"event_name":"SensoryStone","floor":47,"gold_loss":0}],"is_beta":false,"boss_relics":[{"not_picked":["Black Star","Velvet Choker"],"picked":"Coffee Dripper"},{"not_picked":["Snecko Eye","Calling Bell"],"picked":"White Beast Statue"}],"items_purged_floors":[],"is_endless":false,"potions_floor_spawned":[4,12,16,19,21,22,35,37,38,39,40,41,45,46,48],"killed_by":"Awakened One","ascension_level":20}