{"gold_per_floor":[113,125,125,138,63,63,80,80,80,107,126,201,220,234,234,308,308,320,333,42,42,42,42,56,56,80,80,96,96,96,108,108,108],"floor_reached":33,"playtime":1801,"items_purged":["Strike_G"],"score":461,"play_id":"458f394f-616d-42bb-8c1d-83ecdb5db3b2","local_time":"20190905191230","is_ascension_mode":true,"campfire_choices":[{"data":"Neutralize","floor":6.0,"key":"SMITH"},{"data":"Flechettes","floor":8.0,"key":"SMITH"},{"floor":15.0,"key":"REST"},{"floor":23.0,"key":"DIG"},{"floor":25,"key":"DIG"},{"floor":27,"key":"DIG"},{"floor":30,"key":"DIG"},{"floor":32,"key":"REST"}],"neow_cost":"NONE","seed_source_timestamp":83581011980900,"circlet_count":0,"master_deck":["AscendersBane","Strike_G","Strike_G","Strike_G","Defend_G","Defend_G","Defend_G","Defend_G","Defend_G","Survivor","Neutralize+1","Predator","Flechettes+1","Infinite Blades","PiercingWail","Deadly Poison","Sucker Punch","Cloak And Dagger","Backflip","Adrenaline","Blade Dance","Well Laid Plans","Choke","Heel Hook","Pain","Footwork","Decay","PiercingWail","Infinite Blades","Prepared+1"],"special_seed":0,"relics":["Ring of the Snake","Bag of Preparation","Shuriken","Shovel","Cursed Key","WarpedTongs","Snake Skull","Dodecahedron","Bag of Marbles","Dream Catcher","Vajra","Matryoshka"],"potions_floor_usage":[33],"damage_taken":[{"damage":0.0,"enemies":"Small Slimes","floor":1.0,"turns":4.0},{"damage":1.0,"enemies":"2 Louse","floor":2.0,"turns":3.0},{"damage":0.0,"enemies":"Jaw Worm","floor":4.0,"turns":4.0},{"damage":8.0,"enemies":"3 Louse","floor":7.0,"turns":3.0},{"damage":24.0,"enemies":"Gremlin Nob","floor":10.0,"turns":4.0},{"damage":4.0,"enemies":"Lots of Slimes","floor":11.0,"turns":4.0},{"damage":1.0,"enemies":"Blue Slaver","floor":13.0,"turns":4.0},{"damage":0.0,"enemies":"Red Slaver","floor":14.0,"turns":1.0},{"damage":4.0,"enemies":"Hexaghost","floor":16.0,"turns":8.0},{"damage":1.0,"enemies":"3 Byrds","floor":18.0,"turns":5.0},{"damage":0.0,"enemies":"Spheric Guardian","floor":19.0,"turns":3.0},{"damage":6,"enemies":"Chosen and Byrds","floor":24,"turns":5},{"damage":18,"enemies":"Snecko","floor":28,"turns":4},{"damage":7,"enemies":"Snake Plant","floor":31,"turns":3},{"damage":50,"enemies":"Collector","floor":33,"turns":7}],"seed_played":"1771721157069695240","potions_obtained":[{"floor":1.0,"key":"Strength Potion"},{"floor":4.0,"key":"PowerPotion"},{"floor":11.0,"key":"SkillPotion"},{"floor":13.0,"key":"Fire Potion"},{"floor":18.0,"key":"LiquidBronze"},{"floor":28,"key":"Energy Potion"}],"is_trial":false,"path_per_floor":["M","M","?","M","?","R","M","R","T","E","M","?","M","M","R","B",null,"M","M","$","?","?","R","M","R","T","R","M","?","R","M","R","B"],"character_chosen":"THE_SILENT","items_purchased":["Well Laid Plans","Choke","Heel Hook"],"campfire_rested":2,"item_purchase_floors":[20,20,20],"current_hp_per_floor":[59,58,58,58,58,58,50,50,50,26,22,11,10,10,29,25,56,55,55,55,55,55,55,49,49,49,49,31,31,31,24,43,0],"gold":108,"neow_bonus":"RANDOM_COMMON_RELIC","is_prod":false,"is_daily":false,"chose_seed":false,"campfire_upgraded":2,"win_rate":0,"timestamp":1567735950,"path_taken":["M","M","?","M","?","R","M","R","T","E","M","?","M","M","R","BOSS","M","M","$","?","?","R","?","R","T","R","M","?","R","M","R","BOSS"],"build_version":"2019-07-17","purchased_purges":1,"victory":false,"max_hp_per_floor":[66,66,66,66,66,66,66,66,66,66,66,66,66,66,66,66,66,66,66,66,66,66,66,66,66,66,66,66,66,66,66,66,66],"card_choices":[{"not_picked":["Bouncing Flask","Dagger Spray"],"picked":"Predator","floor":1.0},{"not_picked":["Prepared","Predator"],"picked":"Flechettes","floor":2.0},{"not_picked":["Outmaneuver","Eviscerate"],"picked":"Infinite Blades","floor":4.0},{"not_picked":["Bane","Reflex"],"picked":"PiercingWail","floor":7.0},{"not_picked":["Underhanded Strike","Quick Slash"],"picked":"Deadly Poison","floor":10.0},{"not_picked":["Dagger Spray","Bane"],"picked":"Sucker Punch","floor":11.0},{"not_picked":["Catalyst","Storm of Steel"],"picked":"Cloak And Dagger","floor":13.0},{"not_picked":["Prepared","Reflex"],"picked":"Backflip","floor":14.0},{"not_picked":["Unload","Die Die Die"],"picked":"Adrenaline","floor":16.0},{"not_picked":["Flechettes","Slice","All Out Attack"],"picked":"SKIP","floor":18.0},{"not_picked":["Slice","Poisoned Stab"],"picked":"Blade Dance","floor":19.0},{"not_picked":["Eviscerate","Infinite Blades"],"picked":"Footwork","floor":24},{"not_picked":["Deflect+1","Riddle With Holes"],"picked":"PiercingWail","floor":28},{"not_picked":["Dodge and Roll","Acrobatics+1"],"picked":"Infinite Blades","floor":31},{"not_picked":["Quick Slash","Poisoned Stab"],"picked":"Prepared+1","floor":32}],"player_experience":832640,"relics_obtained":[{"floor":9.0,"key":"Shuriken"},{"floor":10.0,"key":"Shovel"},{"floor":23.0,"key":"Snake Skull"},{"floor":25,"key":"Dodecahedron"},{"floor":26,"key":"Bag of Marbles"},{"floor":27,"key":"Dream Catcher"},{"floor":29,"key":"Vajra"},{"floor":30,"key":"Matryoshka"}],"event_choices":[{"damage_healed":0.0,"max_hp_gain":0.0,"max_hp_loss":0.0,"gold_gain":0.0,"event_name":"Liars Game","player_choice":"Ignored","floor":3.0,"gold_loss":0.0,"damage_taken":0.0},{"cards_removed":["Strike_G"],"damage_healed":0.0,"max_hp_gain":0.0,"max_hp_loss":0.0,"gold_gain":0.0,"event_name":"The Cleric","player_choice":"Card Removal","floor":5.0,"gold_loss":75.0,"damage_taken":0.0},{"damage_healed":0.0,"max_hp_gain":0.0,"max_hp_loss":0.0,"gold_gain":75.0,"event_name":"World of Goop","player_choice":"Gather Gold","floor":12.0,"gold_loss":0.0,"damage_taken":11.0},{"damage_healed":0.0,"max_hp_gain":0.0,"max_hp_loss":0.0,"gold_gain":0.0,"event_name":"Vampires","player_choice":"Ignored","floor":21.0,"gold_loss":0.0,"damage_taken":0.0},{"damage_healed":0.0,"max_hp_gain":0.0,"max_hp_loss":0.0,"gold_gain":0.0,"event_name":"Accursed Blacksmith","player_choice":"Rummage","floor":22.0,"gold_loss":0.0,"damage_taken":0.0,"relics_obtained":["WarpedTongs"],"cards_obtained":["Pain"]},{"damage_healed":0,"gold_gain":0,"player_choice":"Relic","damage_taken":0,"max_hp_gain":0,"max_hp_loss":0,"event_name":"Wheel of Change","floor":29,"gold_loss":0}],"is_beta":false,"boss_relics":[{"not_picked":["Runic Pyramid","HoveringKite"],"picked":"Cursed Key"}],"items_purged_floors":[20],"is_endless":false,"potions_floor_spawned":[1,4,11,13,18,28],"killed_by":"Collector","ascension_level":17}