{"gold_per_floor":[116,116,136,149,165,191,191,204,230,150,150,164,129,145,145,247,247,260,277,277,288,308,308,339,339,412,57,70,88,88,88,88,189,189,205,224,224],"floor_reached":37,"playtime":1989,"items_purged":["Strike_R"],"score":395,"play_id":"b41a6e65-de1a-4b46-8f0a-220cb21ddacf","local_time":"20190804120048","is_ascension_mode":false,"campfire_choices":[{"data":"Armaments","floor":7.0,"key":"SMITH"},{"data":"Seeing Red","floor":11.0,"key":"SMITH"},{"floor":15.0,"key":"RECALL"},{"floor":23.0,"key":"REST"},{"floor":25.0,"key":"REST"},{"data":"Body Slam","floor":30.0,"key":"SMITH"},{"data":"Demon Form","floor":32.0,"key":"SMITH"}],"neow_cost":"NONE","seed_source_timestamp":4451258214416379,"circlet_count":0,"master_deck":["Strike_R","Strike_R","Strike_R","Defend_R+1","Defend_R+1","Defend_R","Defend_R","Bash","Pommel Strike","Battle Trance","Armaments+1","Seeing Red+1","Impervious","Cleave+1","Spot Weakness","Demon Form+1","Bandage Up","Inflame","Body Slam+1","Power Through+1","Bludgeon","Clumsy","Clumsy","Regret","Perfected Strike+1"],"special_seed":0,"relics":["Burning Blood","Strawberry","Ornamental Fan","War Paint","Eternal Feather","Regal Pillow","Bag of Marbles","Happy Flower","Calling Bell","Red Skull","Mercury Hourglass","Torii"],"potions_floor_usage":[],"damage_taken":[{"damage":3.0,"enemies":"Small Slimes","floor":1.0,"turns":3.0},{"damage":1.0,"enemies":"Cultist","floor":3.0,"turns":3.0},{"damage":1.0,"enemies":"Jaw Worm","floor":4.0,"turns":5.0},{"damage":12.0,"enemies":"2 Fungi Beasts","floor":5.0,"turns":4.0},{"damage":47.0,"enemies":"3 Sentries","floor":6.0,"turns":11.0},{"damage":7.0,"enemies":"Looter","floor":8.0,"turns":3.0},{"damage":4.0,"enemies":"Large Slime","floor":12.0,"turns":6.0},{"damage":0.0,"enemies":"3 Louse","floor":14.0,"turns":4.0},{"damage":61.0,"enemies":"The Guardian","floor":16.0,"turns":13.0},{"damage":10.0,"enemies":"Chosen","floor":18.0,"turns":6.0},{"damage":27.0,"enemies":"Shell Parasite","floor":19.0,"turns":8.0},{"damage":9.0,"enemies":"Snake Plant","floor":21.0,"turns":7.0},{"damage":28.0,"enemies":"Centurion and Healer","floor":22.0,"turns":8.0},{"damage":62.0,"enemies":"Book of Stabbing","floor":24.0,"turns":6.0},{"damage":26.0,"enemies":"Chosen and Byrds","floor":28.0,"turns":5.0},{"damage":8.0,"enemies":"Snake Plant","floor":29.0,"turns":4.0},{"damage":77.0,"enemies":"Champ","floor":33.0,"turns":11.0},{"damage":38.0,"enemies":"Orb Walker","floor":35.0,"turns":4.0},{"damage":58,"enemies":"3 Darklings","floor":36,"turns":5},{"damage":18,"enemies":"Jaw Worm Horde","floor":37,"turns":4}],"seed_played":"-2186967576035572097","potions_obtained":[{"floor":3.0,"key":"Fire Potion"},{"floor":5.0,"key":"SkillPotion"},{"floor":8.0,"key":"Block Potion"},{"floor":12.0,"key":"EssenceOfSteel"},{"floor":28.0,"key":"FearPotion"},{"floor":33.0,"key":"SpeedPotion"}],"is_trial":false,"path_per_floor":["M","?","M","M","M","E","R","M","T","$","R","M","?","M","R","B",null,"M","M","?","M","M","R","E","R","T","$","M","M","R","?","R","B",null,"M","M","M"],"character_chosen":"IRONCLAD","items_purchased":["Seeing Red","Bag of Marbles","Bandage Up","Inflame"],"campfire_rested":2,"item_purchase_floors":[10,27,27,27],"current_hp_per_floor":[87,87,87,87,81,40,40,39,39,39,39,41,62,68,68,13,87,83,62,62,59,37,72,16,66,66,66,52,54,66,66,78,11,87,59,11,0],"gold":224,"neow_bonus":"RANDOM_COMMON_RELIC","is_prod":false,"is_daily":false,"chose_seed":false,"campfire_upgraded":4,"win_rate":0,"timestamp":1564934448,"path_taken":["M","?","M","M","M","E","R","M","T","?","R","M","?","M","R","BOSS","M","M","?","M","?","R","E","R","T","?","M","M","R","?","R","BOSS","M","M","M"],"build_version":"2019-07-17","purchased_purges":1,"victory":false,"max_hp_per_floor":[87,87,87,87,87,87,87,87,87,87,87,87,87,87,87,87,87,87,87,87,87,87,87,87,87,87,87,87,87,87,87,87,87,87,87,87,87],"card_choices":[{"not_picked":["Cleave","Disarm"],"picked":"Pommel Strike","floor":1.0},{"not_picked":["Sword Boomerang","Body Slam","Iron Wave"],"picked":"SKIP","floor":4.0},{"not_picked":["Body Slam","Blood for Blood"],"picked":"Battle Trance","floor":5.0},{"not_picked":["Pommel Strike","Heavy Blade"],"picked":"Armaments","floor":6.0},{"not_picked":["Power Through","Combust","Bloodletting"],"picked":"SKIP","floor":8.0},{"not_picked":["Bloodletting","True Grit","Sentinel"],"picked":"SKIP","floor":12.0},{"not_picked":["Wild Strike","Immolate","True Grit"],"picked":"SKIP","floor":14.0},{"not_picked":["Feed","Offering"],"picked":"Impervious","floor":16.0},{"not_picked":["Headbutt","True Grit","Entrench"],"picked":"SKIP","floor":18.0},{"not_picked":["Iron Wave","True Grit"],"picked":"Cleave+1","floor":19.0},{"not_picked":["Heavy Blade","Anger"],"picked":"Spot Weakness","floor":21.0},{"not_picked":["Cleave","Sword Boomerang","Combust+1"],"picked":"SKIP","floor":22.0},{"not_picked":["Feed","Juggernaut"],"picked":"Demon Form","floor":24.0},{"not_picked":["Thunderclap","Cleave"],"picked":"Body Slam","floor":28.0},{"not_picked":["Clash","Bloodletting+1"],"picked":"Power Through+1","floor":29.0},{"not_picked":["Brutality","Double Tap"],"picked":"Bludgeon","floor":33.0},{"not_picked":["Flex","Havoc","Body Slam"],"picked":"SKIP","floor":35.0},{"not_picked":["Thunderclap","Clothesline"],"picked":"Perfected Strike+1","floor":36}],"player_experience":507767,"relics_obtained":[{"floor":6.0,"key":"Ornamental Fan"},{"floor":9.0,"key":"War Paint"},{"floor":24.0,"key":"Regal Pillow"},{"floor":34.0,"key":"Red Skull"},{"floor":34.0,"key":"Mercury Hourglass"},{"floor":34.0,"key":"Torii"}],"event_choices":[{"cards_removed":["Strike_R"],"damage_healed":0.0,"max_hp_gain":0.0,"max_hp_loss":0.0,"gold_gain":0.0,"event_name":"Bonfire Elementals","player_choice":"Offered Basic","floor":2.0,"gold_loss":0.0,"damage_taken":0.0},{"damage_healed":21.0,"max_hp_gain":0.0,"max_hp_loss":0.0,"gold_gain":0.0,"event_name":"The Cleric","player_choice":"Healed","floor":13.0,"gold_loss":35.0,"damage_taken":0.0},{"damage_healed":0.0,"max_hp_gain":0.0,"max_hp_loss":0.0,"gold_gain":0.0,"event_name":"NoteForYourself","player_choice":"Ignored","floor":20.0,"gold_loss":0.0,"damage_taken":0.0},{"damage_healed":0.0,"max_hp_gain":0.0,"max_hp_loss":0.0,"gold_gain":0.0,"event_name":"The Mausoleum","player_choice":"Opened","floor":31.0,"gold_loss":0.0,"damage_taken":0.0,"relics_obtained":["Happy Flower"]}],"is_beta":false,"boss_relics":[{"not_picked":["Busted Crown","Coffee Dripper"],"picked":"Eternal Feather"},{"not_picked":["Empty Cage","Astrolabe"],"picked":"Calling Bell"}],"items_purged_floors":[27],"is_endless":false,"potions_floor_spawned":[3,5,8,12,28,33],"killed_by":"Jaw Worm Horde","ascension_level":0}