{"gold_per_floor":[115,130,141,316,73,73,137,137,137,87,87,104,104,122,122,219,219,231,231,247,247,266,266,282,312,312,312,312,331,331,341,341,446,446,457,505,518,518,529,529,272,272,272,287,287,303,316,316,316,316],"floor_reached":50,"playtime":2877,"items_purged":["Doubt"],"score":479,"play_id":"d60aca8c-2c5f-4b1d-8337-93491b89da0c","local_time":"20180818133149","is_ascension_mode":false,"campfire_choices":[{"data":"Dagger Spray","floor":6.0,"key":"SMITH"},{"floor":8.0,"key":"REST"},{"data":"Poisoned Stab","floor":11.0,"key":"SMITH"},{"floor":15.0,"key":"REST"},{"floor":23.0,"key":"REST"},{"floor":28.0,"key":"REST"},{"data":"Bane","floor":30.0,"key":"SMITH"},{"floor":32.0,"key":"REST"},{"floor":40.0,"key":"REST"},{"floor":42.0,"key":"REST"},{"floor":45.0,"key":"REST"},{"floor":49.0,"key":"REST"}],"neow_cost":"NONE","seed_source_timestamp":304765443596134,"circlet_count":0,"master_deck":["Defend_G+1","Defend_G","Defend_G","Defend_G","Defend_G","Strike_G+1","Strike_G+1","Survivor","Neutralize","Poisoned Stab+1","Dagger Spray+1","Backflip","Deadly Poison","Quick Slash+1","Outmaneuver","Slice","Corpse Explosion","Outmaneuver+1","Deadly Poison+1","Catalyst+1","Flying Knee","Bane+1","Underhanded Strike","Burst","Eviscerate+1","Unload+1","Setup+1","Flying Knee","Bane","Infinite Blades+1","Deadly Poison+1","Choke","Caltrops","Flechettes+1","Backflip+1","Flechettes+1","Writhe"],"special_seed":0,"relics":["Ring of the Snake","Bronze Scales","Anchor","Bag of Marbles","Paper Crane","Runic Pyramid","Tingsha","The Specimen","Whetstone","Astrolabe","Sundial","Pen Nib","Dodecahedron"],"potions_floor_usage":[50],"damage_taken":[{"damage":0.0,"enemies":"Cultist","floor":1.0,"turns":5.0},{"damage":7.0,"enemies":"2 Louse","floor":2.0,"turns":2.0},{"damage":2.0,"enemies":"Small Slimes","floor":3.0,"turns":3.0},{"damage":18.0,"enemies":"3 Sentries","floor":7.0,"turns":6.0},{"damage":0.0,"enemies":"Exordium Wildlife","floor":12.0,"turns":1.0},{"damage":0.0,"enemies":"Looter","floor":14.0,"turns":2.0},{"damage":61.0,"enemies":"The Guardian","floor":16.0,"turns":9.0},{"damage":0.0,"enemies":"3 Byrds","floor":18.0,"turns":2.0},{"damage":8.0,"enemies":"Spheric Guardian","floor":20.0,"turns":4.0},{"damage":11.0,"enemies":"Centurion and Healer","floor":22.0,"turns":4.0},{"damage":6.0,"enemies":"Snake Plant","floor":24.0,"turns":3.0},{"damage":17.0,"enemies":"Slavers","floor":25.0,"turns":2.0},{"damage":0.0,"enemies":"Snecko","floor":29.0,"turns":3.0},{"damage":1.0,"enemies":"Cultist and Chosen","floor":31.0,"turns":4.0},{"damage":50.0,"enemies":"Collector","floor":33.0,"turns":7.0},{"damage":0.0,"enemies":"Orb Walker","floor":35.0,"turns":2.0},{"damage":27.0,"floor":36.0,"turns":4.0},{"damage":0.0,"enemies":"3 Shapes","floor":37.0,"turns":2.0},{"damage":20.0,"enemies":"3 Darklings","floor":39.0,"turns":4.0},{"damage":10.0,"enemies":"Flame Bruiser 2 Orb","floor":44.0,"turns":4.0},{"damage":26.0,"enemies":"Maw","floor":46.0,"turns":6.0},{"damage":8.0,"enemies":"Spire Growth","floor":47.0,"turns":4.0},{"damage":81,"enemies":"Awakened One","floor":50,"turns":4}],"seed_played":"-8519998970579465379","potions_obtained":[{"floor":2.0,"key":"Energy Potion"},{"floor":3.0,"key":"GhostInAJar"},{"floor":7.0,"key":"PowerPotion"},{"floor":14.0,"key":"GhostInAJar"},{"floor":24.0,"key":"LiquidBronze"},{"floor":31.0,"key":"Regen Potion"},{"floor":33.0,"key":"GhostInAJar"},{"floor":35.0,"key":"GamblersBrew"},{"floor":38.0,"key":"Energy Potion"},{"floor":44.0,"key":"SteroidPotion"}],"is_trial":false,"path_per_floor":["M","M","M","?","$","R","?","R","T","$","R","M","?","M","R","B",null,"M","?","M","?","M","R","M","E","T","?","R","M","R","M","R","B",null,"M","?","M","?","M","R","$","R","T","M","R","M","M","?","R"],"character_chosen":"THE_SILENT","items_purchased":["Anchor","Deadly Poison","Outmaneuver","Pen Nib","Choke","Caltrops"],"campfire_rested":9,"item_purchase_floors":[5,5,10,41,41,41],"current_hp_per_floor":[70,63,61,61,61,61,43,64,64,64,64,64,50,50,70,9,70,70,70,62,62,51,70,64,47,47,34,56,56,56,55,75,25,75,75,48,48,48,28,50,50,72,72,62,75,49,41,60,75,0],"gold":316,"neow_bonus":"RANDOM_COMMON_RELIC","is_prod":false,"is_daily":false,"chose_seed":false,"campfire_upgraded":3,"win_rate":0.0,"timestamp":1534613509,"path_taken":["M","?","M","?","$","R","?","R","T","$","R","M","?","M","R","BOSS","M","?","M","?","M","R","M","E","T","?","R","M","R","M","R","BOSS","M","?","M","?","M","R","$","R","T","M","R","?","M","?","R","BOSS"],"build_version":"2018-08-16","purchased_purges":1,"victory":false,"max_hp_per_floor":[70,70,70,70,70,70,70,70,70,70,70,70,70,70,70,70,70,70,70,70,70,70,70,70,70,70,75,75,75,75,75,75,75,75,75,75,75,75,75,75,75,75,75,75,75,75,75,75,75,75],"card_choices":[{"not_picked":["Catalyst","Dodge and Roll"],"picked":"Poisoned Stab","floor":1.0},{"not_picked":["Accuracy","Reflex"],"picked":"Dagger Spray","floor":2.0},{"not_picked":["Blade Dance","Deflect"],"picked":"Backflip","floor":3.0},{"not_picked":["Blade Dance","Sucker Punch"],"picked":"Quick Slash","floor":7.0},{"not_picked":["Masterful Stab","Eviscerate","Deflect"],"picked":"SKIP","floor":12.0},{"not_picked":["Well Laid Plans","Eviscerate"],"picked":"Slice","floor":14.0},{"not_picked":["Envenom","Unload"],"picked":"Corpse Explosion","floor":16.0},{"not_picked":["Endless Agony","Acrobatics"],"picked":"Outmaneuver+1","floor":18.0},{"not_picked":["Deflect","Escape Plan+1"],"picked":"Deadly Poison+1","floor":20.0},{"not_picked":["Calculated Gamble","Acrobatics","Prepared"],"picked":"SKIP","floor":22.0},{"not_picked":["Calculated Gamble","Acrobatics","Prepared"],"picked":"SKIP","floor":22.0},{"not_picked":["Outmaneuver+1","Blade Dance"],"picked":"Catalyst+1","floor":24.0},{"not_picked":["Distraction","Riddle With Holes"],"picked":"Flying Knee","floor":25.0},{"not_picked":["Deadly Poison","Outmaneuver"],"picked":"Bane","floor":29.0},{"not_picked":["Blade Dance","Grand Finale"],"picked":"Underhanded Strike","floor":31.0},{"not_picked":["A Thousand Cuts","Night Terror"],"picked":"Burst","floor":33.0},{"not_picked":["Acrobatics","Deflect+1"],"picked":"Flying Knee","floor":35.0},{"not_picked":["Dash","Blur"],"picked":"Bane","floor":36.0},{"not_picked":["Outmaneuver","Well Laid Plans"],"picked":"Infinite Blades+1","floor":37.0},{"not_picked":["Dodge and Roll","Acrobatics+1"],"picked":"Deadly Poison+1","floor":39.0},{"not_picked":["Crippling Poison","Deflect+1"],"picked":"Flechettes+1","floor":44.0},{"not_picked":["Well Laid Plans","Prepared"],"picked":"Backflip+1","floor":46.0},{"not_picked":["Flying Knee","Heel Hook+1"],"picked":"Flechettes+1","floor":47.0}],"player_experience":151789,"relics_obtained":[{"floor":7.0,"key":"Bag of Marbles"},{"floor":9.0,"key":"Paper Crane"},{"floor":25.0,"key":"The Specimen"},{"floor":26.0,"key":"Whetstone"},{"floor":36.0,"key":"Sundial"},{"floor":43.0,"key":"Dodecahedron"}],"event_choices":[{"event_name":"Liars Game","player_choice":"agreed","floor":4.0,"damage_taken":0.0},{"event_name":"Dead Adventurer","player_choice":"Searched \u00271\u0027 times","floor":7.0,"damage_taken":0.0},{"event_name":"Shining Light","player_choice":"Entered Light","floor":13.0,"damage_taken":0.0},{"event_name":"Accursed Blacksmith","player_choice":"Rummage","floor":19.0,"damage_taken":0.0},{"event_name":"Vampires","player_choice":"Ignored","floor":21.0,"damage_taken":0.0},{"event_name":"Forgotten Altar","player_choice":"Shed Blood","floor":27.0,"damage_taken":0.0},{"event_name":"Mysterious Sphere","player_choice":"Fight","floor":36.0,"damage_taken":0.0},{"event_name":"The Lab","player_choice":"Got Potions","floor":38.0,"damage_taken":0.0},{"event_name":"Winding Halls","player_choice":"Writhe","floor":48.0,"damage_taken":0.0}],"is_beta":false,"boss_relics":[{"not_picked":["Runic Dome","Coffee Dripper"],"picked":"Runic Pyramid"},{"not_picked":["Snecko Eye","Calling Bell"],"picked":"Astrolabe"}],"items_purged_floors":[5],"is_endless":false,"potions_floor_spawned":[2,3,7,14,24,31,33,35,39,44,46],"killed_by":"Awakened One","ascension_level":0}