{"gold_per_floor":[112,112,112,77,87,187,36,46,71,71,88,115,132,144,144,144],"floor_reached":16,"playtime":1345,"items_purged":[],"score":122,"play_id":"89fa5a60-441d-4c80-9a02-60c47d8a3f4b","local_time":"20190913001239","is_ascension_mode":true,"campfire_choices":[{"floor":10,"key":"RECALL"},{"floor":15,"key":"REST"}],"neow_cost":"NONE","seed_source_timestamp":114636439023700,"circlet_count":0,"master_deck":["Strike_G","Strike_G","Strike_G","Strike_G+1","Defend_G","Defend_G","Defend_G","Defend_G","Defend_G+1","Survivor","Neutralize","Crippling Poison","Backflip","Backflip","Endless Agony","Catalyst","PiercingWail","Footwork"],"relics":["Ring of the Snake","Potion Belt","Smiling Mask"],"potions_floor_usage":[12,12,16],"damage_taken":[{"damage":0,"enemies":"2 Louse","floor":1,"turns":3},{"damage":4,"enemies":"Small Slimes","floor":5,"turns":4},{"damage":0,"enemies":"Cultist","floor":8,"turns":5},{"damage":5,"enemies":"Red Slaver","floor":11,"turns":5},{"damage":32,"enemies":"Lagavulin","floor":12,"turns":12},{"damage":3,"enemies":"Looter","floor":13,"turns":5},{"damage":2,"enemies":"Blue Slaver","floor":14,"turns":4},{"damage":64,"enemies":"The Guardian","floor":16,"turns":30}],"seed_played":"-4016657033208719058","potions_obtained":[{"floor":5,"key":"Poison Potion"},{"floor":11,"key":"Energy Potion"},{"floor":12,"key":"Block Potion"}],"is_trial":false,"path_per_floor":["M","$","?","?","M","?","$","M","T","R","M","E","M","M","R","B"],"character_chosen":"THE_SILENT","items_purchased":["Potion Belt"],"campfire_rested":1,"item_purchase_floors":[7],"current_hp_per_floor":[70,70,56,70,66,66,66,66,66,66,61,29,26,24,45,0],"gold":144,"neow_bonus":"REMOVE_CARD","is_prod":false,"is_daily":false,"chose_seed":false,"campfire_upgraded":0,"win_rate":0,"timestamp":1568351559,"path_taken":["M","$","?","?","M","?","$","M","T","R","M","E","M","M","R","BOSS"],"build_version":"2019-07-17","purchased_purges":0,"victory":false,"max_hp_per_floor":[70,70,70,70,70,70,70,70,70,70,70,70,70,70,70,70],"card_choices":[{"not_picked":["Acrobatics","Deflect"],"picked":"Crippling Poison","floor":1},{"not_picked":["Eviscerate","Prepared"],"picked":"Backflip","floor":5},{"not_picked":["Cloak And Dagger","Bouncing Flask"],"picked":"Backflip","floor":8},{"not_picked":["Sucker Punch","Caltrops"],"picked":"Endless Agony","floor":11},{"not_picked":["Dodge and Roll","Prepared"],"picked":"Catalyst","floor":12},{"not_picked":["Dagger Throw","Crippling Poison"],"picked":"PiercingWail","floor":13},{"not_picked":["Acrobatics","Tactician"],"picked":"Footwork","floor":14}],"player_experience":376127,"relics_obtained":[{"floor":12,"key":"Smiling Mask"}],"event_choices":[{"damage_healed":0,"gold_gain":0,"player_choice":"Entered Light","damage_taken":14,"max_hp_gain":0,"max_hp_loss":0,"event_name":"Shining Light","floor":3,"gold_loss":0,"cards_upgraded":["Defend_G","Strike_G"]},{"damage_healed":17,"gold_gain":0,"player_choice":"Healed","damage_taken":0,"max_hp_gain":0,"max_hp_loss":0,"event_name":"The Cleric","floor":4,"gold_loss":35},{"damage_healed":0,"gold_gain":100,"player_choice":"Pray","damage_taken":0,"max_hp_gain":0,"max_hp_loss":0,"event_name":"Golden Shrine","floor":6,"gold_loss":0}],"is_beta":false,"boss_relics":[],"items_purged_floors":[],"is_endless":false,"potions_floor_spawned":[5,11,12],"killed_by":"The Guardian","ascension_level":4}