{"gold_per_floor":[109,109,121,131,146,176,176,176,176,191,191,209,209,209,209,334,334,352,376,14,29,29],"floor_reached":22,"playtime":2038,"items_purged":[],"score":188,"play_id":"de087d93-f207-418f-a435-ab3331612e3f","local_time":"20180714015130","is_ascension_mode":false,"campfire_choices":[{"floor":8,"key":"REST"},{"floor":11,"key":"REST"},{"data":"Beam Cell","floor":15,"key":"SMITH"}],"neow_cost":"NONE","seed_source_timestamp":17822484942241,"circlet_count":0,"master_deck":["Strike_B","Strike_B","Strike_B","Strike_B","Defend_B","Defend_B","Defend_B","Defend_B","Zap+1","Dualcast","Go for the Eyes+1","Ball Lightning","Self Repair","Hello World","Beam Cell+1","Ball Lightning","Fusion","All For One","Go for the Eyes+1","BootSequence","Apotheosis","Lockon+1"],"relics":["Cracked Core","Happy Flower","Girya","Golden Idol","Frozen Egg 2","Eternal Feather","Lantern"],"potions_floor_usage":[6,16,16],"damage_taken":[{"damage":3,"enemies":"Small Slimes","floor":1,"turns":3},{"damage":1,"enemies":"Jaw Worm","floor":3,"turns":3},{"damage":1,"enemies":"Cultist","floor":4,"turns":3},{"damage":0,"enemies":"Exordium Wildlife","floor":5,"turns":3},{"damage":15,"enemies":"3 Sentries","floor":6,"turns":7},{"damage":14,"enemies":"3 Louse","floor":10,"turns":4},{"damage":32,"enemies":"Exordium Thugs","floor":12,"turns":4},{"damage":24,"enemies":"The Guardian","floor":16,"turns":9},{"damage":30,"enemies":"2 Thieves","floor":18,"turns":3},{"damage":29,"enemies":"3 Byrds","floor":19,"turns":5},{"damage":17,"enemies":"Snecko","floor":21,"turns":6},{"damage":28,"enemies":"Sentry and Sphere","floor":22,"turns":3}],"seed_played":"-1962021970303084966","potions_obtained":[{"floor":1,"key":"Weak Potion"},{"floor":4,"key":"EssenceOfSteel"},{"floor":5,"key":"FearPotion"},{"floor":16,"key":"Regen Potion"},{"floor":18,"key":"FocusPotion"},{"floor":21,"key":"AttackPotion"}],"is_trial":false,"path_per_floor":["M","?","M","M","M","E","?","R","T","M","R","M","?","?","R","B",null,"M","M","$","M"],"character_chosen":"DEFECT","items_purchased":["Apotheosis","Lantern"],"campfire_rested":2,"item_purchase_floors":[20,20],"current_hp_per_floor":[72,72,71,70,70,62,44,66,66,59,75,50,50,50,50,33,75,52,30,30,23,0],"gold":29,"neow_bonus":"RANDOM_COMMON_RELIC","is_prod":false,"is_daily":false,"chose_seed":false,"campfire_upgraded":1,"win_rate":0.0,"timestamp":1531547490,"path_taken":["M","?","M","M","M","E","?","R","T","M","R","M","?","?","R","BOSS","M","?","$","M","M"],"build_version":"2018-07-12","purchased_purges":0,"victory":false,"max_hp_per_floor":[75,75,75,75,75,75,75,75,75,75,75,75,75,75,75,75,75,75,75,75,75,75],"card_choices":[{"not_picked":["Stack","Reinforced Body"],"picked":"Go for the Eyes","floor":1},{"not_picked":["Chaos","Steam"],"picked":"Ball Lightning","floor":3},{"not_picked":["Glacier","Double Energy"],"picked":"Melter","floor":4},{"not_picked":["Gash","Barrage"],"picked":"Self Repair","floor":5},{"not_picked":["Cold Snap","Coolheaded","Hello World"],"picked":"SKIP","floor":6},{"not_picked":["Cold Snap","Coolheaded"],"picked":"Hello World","floor":6},{"not_picked":["Streamline","Redo"],"picked":"Beam Cell","floor":10},{"not_picked":["Cold Snap","Melter"],"picked":"Ball Lightning","floor":12},{"not_picked":["Seek","Fission"],"picked":"All For One","floor":16},{"not_picked":["Beam Cell","Cold Snap+1"],"picked":"Go for the Eyes+1","floor":18},{"not_picked":["Coolheaded","Beam Cell"],"picked":"BootSequence","floor":19},{"not_picked":["Darkness","Barrage"],"picked":"Lockon+1","floor":21}],"player_experience":7640,"relics_obtained":[{"floor":6,"key":"Girya"},{"floor":9,"key":"Frozen Egg 2"}],"event_choices":[{"event_name":"Living Wall","player_choice":"Grow","floor":2,"damage_taken":0},{"event_name":"Golden Idol","player_choice":"Take Damage","floor":7,"damage_taken":0},{"event_name":"Upgrade Shrine","player_choice":"Upgraded","floor":13,"damage_taken":0},{"event_name":"Transmorgrifier","player_choice":"Transform","floor":14,"damage_taken":0}],"boss_relics":[{"not_picked":["Orrery","Calling Bell"],"picked":"Eternal Feather"}],"items_purged_floors":[],"is_endless":false,"potions_floor_spawned":[1,4,5,16,18,21],"killed_by":"Sentry and Sphere","ascension_level":0}