{"gold_per_floor":[111,111,72,87,18,18,18,18,71,20,95,125,125,141,141,238,238,257,103,119,44,44,44,73,73,73,86,96,116,116,135,135,238,238,249,259,276,293,15,15,15,15,15,49,65,85,10,21,21,21],"floor_reached":50,"playtime":2536,"items_purged":["Eviscerate"],"score":567,"play_id":"8c8848f9-44db-4bdb-b2f9-ca1b4a45c615","local_time":"20190807020501","is_ascension_mode":false,"campfire_choices":[{"data":"Accuracy","floor":6.0,"key":"SMITH"},{"data":"Cloak And Dagger","floor":8.0,"key":"SMITH"},{"data":"Cloak And Dagger","floor":13.0,"key":"SMITH"},{"data":"Blade Dance","floor":15.0,"key":"SMITH"},{"data":"Footwork","floor":23.0,"key":"SMITH"},{"data":"Blade Dance","floor":25.0,"key":"SMITH"},{"floor":30.0,"key":"RECALL"},{"floor":32.0,"key":"REST"},{"floor":40,"key":"REST"},{"data":"Apotheosis","floor":42,"key":"SMITH"},{"floor":49,"key":"REST"}],"neow_cost":"NONE","seed_source_timestamp":4674229126434379,"circlet_count":0,"master_deck":["Survivor","Neutralize","Cloak And Dagger+1","Accuracy+1","Cloak And Dagger+1","Accuracy+1","Deflect","Blade Dance+1","Blur","Die Die Die","Expertise","Slice","Dodge and Roll","Backflip+1","Footwork+1","Blade Dance+1","Riddle With Holes+1","Deflect","Venomology","Well Laid Plans+1","Dash+1","Deadly Poison+1","Footwork+1","Crippling Poison","Apotheosis+1","Body Slam+1","Catalyst","Recycle+1"],"special_seed":0,"relics":["Ring of the Snake","NeowsBlessing","Lantern","Pandora\u0027s Box","Peace Pipe","Empty Cage","PrismaticShard","The Specimen","Gremlin Horn"],"potions_floor_usage":[37,37,37,44,45,46,46,48,48],"damage_taken":[{"damage":0.0,"enemies":"Small Slimes","floor":1.0,"turns":1.0},{"damage":0.0,"enemies":"Cultist","floor":4.0,"turns":1.0},{"damage":0.0,"enemies":"Gremlin Nob","floor":12.0,"turns":1.0},{"damage":0.0,"enemies":"2 Louse","floor":14.0,"turns":2.0},{"damage":0.0,"enemies":"Slime Boss","floor":16.0,"turns":5.0},{"damage":0.0,"enemies":"2 Thieves","floor":18.0,"turns":4.0},{"damage":0.0,"enemies":"Chosen","floor":20.0,"turns":3.0},{"damage":5.0,"enemies":"Book of Stabbing","floor":24.0,"turns":5.0},{"damage":0.0,"enemies":"Snecko","floor":27.0,"turns":4.0},{"damage":5.0,"enemies":"Sentry and Sphere","floor":28.0,"turns":4.0},{"damage":6.0,"enemies":"Snake Plant","floor":29.0,"turns":3.0},{"damage":18.0,"enemies":"Centurion and Healer","floor":31.0,"turns":4.0},{"damage":54.0,"enemies":"Collector","floor":33.0,"turns":13.0},{"damage":0.0,"enemies":"3 Darklings","floor":35.0,"turns":4.0},{"damage":4.0,"enemies":"3 Shapes","floor":36.0,"turns":4.0},{"damage":23,"enemies":"Maw","floor":37,"turns":7},{"damage":8,"enemies":"3 Darklings","floor":38,"turns":5},{"damage":4,"enemies":"Nemesis","floor":44,"turns":9},{"damage":24,"enemies":"Transient","floor":45,"turns":5},{"damage":7,"enemies":"Maw","floor":46,"turns":7},{"damage":10,"enemies":"4 Shapes","floor":48,"turns":5},{"damage":32,"enemies":"Time Eater","floor":50,"turns":4}],"seed_played":"-7060851435513862296","potions_obtained":[{"floor":1.0,"key":"Block Potion"},{"floor":14.0,"key":"Ancient Potion"},{"floor":18.0,"key":"GhostInAJar"},{"floor":29.0,"key":"SkillPotion"},{"floor":36.0,"key":"Ancient Potion"},{"floor":37,"key":"Block Potion"},{"floor":38,"key":"GhostInAJar"},{"floor":48,"key":"SpeedPotion"}],"is_trial":false,"path_per_floor":["M","?","$","M","$","R","?","R","T","$","?","E","R","M","R","B",null,"M","$","M","?","?","R","E","R","T","M","M","M","R","M","R","B",null,"M","M","M","M","$","R","?","R","T","E","M","M","$","M","R","B"],"character_chosen":"THE_SILENT","items_purchased":["Accuracy","Accuracy","Deflect","Footwork","Crippling Poison","PrismaticShard","Catalyst"],"campfire_rested":3,"item_purchase_floors":[3,5,10,19,39,39,47],"current_hp_per_floor":[70,63,63,63,63,63,63,63,63,63,52,52,52,52,52,52,70,70,70,70,70,70,70,65,65,65,65,60,54,54,36,57,3,70,70,66,43,35,35,56,51,51,51,47,23,16,16,6,27,0],"gold":21,"neow_bonus":"THREE_ENEMY_KILL","is_prod":false,"is_daily":false,"chose_seed":false,"campfire_upgraded":7,"win_rate":0,"timestamp":1565157901,"path_taken":["M","?","$","M","$","R","?","R","T","$","?","E","R","M","R","BOSS","M","$","M","?","?","R","E","R","T","M","M","?","R","M","R","BOSS","M","M","M","M","$","R","?","R","T","E","M","M","$","M","R","BOSS"],"build_version":"2019-07-17","purchased_purges":1,"victory":false,"max_hp_per_floor":[70,70,70,70,70,70,70,70,70,70,70,70,70,70,70,70,70,70,70,70,70,70,70,70,70,70,70,70,70,70,70,70,70,70,70,70,70,70,70,70,70,70,70,70,70,70,70,70,70,70],"card_choices":[{"not_picked":["Choke","Prepared"],"picked":"Cloak And Dagger","floor":1.0},{"not_picked":["Acrobatics","Underhanded Strike"],"picked":"Cloak And Dagger","floor":4.0},{"not_picked":["Masterful Stab","Reflex","All Out Attack"],"picked":"SKIP","floor":12.0},{"not_picked":["Deadly Poison","Dagger Spray"],"picked":"Blade Dance","floor":14.0},{"not_picked":["Masterful Stab+1","Finisher"],"picked":"Backflip+1","floor":18.0},{"not_picked":["Poisoned Stab","Bane"],"picked":"Blade Dance","floor":20.0},{"not_picked":["Prepared","Dagger Throw+1","All Out Attack"],"picked":"SKIP","floor":24.0},{"not_picked":["Bane","Masterful Stab","Dagger Throw"],"picked":"SKIP","floor":27.0},{"not_picked":["Leg Sweep","Catalyst"],"picked":"Riddle With Holes+1","floor":28.0},{"not_picked":["Dagger Throw","Deadly Poison"],"picked":"Deflect","floor":29.0},{"not_picked":["Prepared+1","Infinite Blades","Malaise"],"picked":"SKIP","floor":31.0},{"not_picked":["Adrenaline","Glass Knife"],"picked":"Venomology","floor":33.0},{"not_picked":["Slice","Cloak And Dagger"],"picked":"Well Laid Plans+1","floor":35.0},{"not_picked":["Backflip","Heel Hook+1"],"picked":"Dash+1","floor":36.0},{"not_picked":["Sucker Punch","Endless Agony+1","Deadly Poison+1"],"picked":"SKIP","floor":37},{"not_picked":["Sucker Punch","Endless Agony+1"],"picked":"Deadly Poison+1","floor":37},{"not_picked":["Slice","PiercingWail"],"picked":"Footwork+1","floor":38},{"not_picked":["Purity","Impatience"],"picked":"Apotheosis","floor":41},{"not_picked":["Infernal Blade","Sever Soul+1","Sucker Punch"],"picked":"SKIP","floor":44},{"not_picked":["Streamline","Go for the Eyes+1"],"picked":"Body Slam+1","floor":45},{"not_picked":["Pummel","Turbo+1","Loop"],"picked":"SKIP","floor":46},{"not_picked":["Cleave","Panacea+1"],"picked":"Recycle+1","floor":48}],"player_experience":522916,"relics_obtained":[{"floor":12.0,"key":"Lantern"},{"floor":26.0,"key":"Peace Pipe"},{"floor":43,"key":"The Specimen"},{"floor":44,"key":"Gremlin Horn"}],"event_choices":[{"cards_removed":["Defend_G"],"damage_healed":0.0,"max_hp_gain":0.0,"max_hp_loss":0.0,"gold_gain":0.0,"event_name":"Golden Wing","player_choice":"Card Removal","floor":2.0,"gold_loss":0.0,"damage_taken":7.0},{"damage_healed":0.0,"max_hp_gain":0.0,"max_hp_loss":0.0,"gold_gain":0.0,"event_name":"Living Wall","player_choice":"Grow","floor":7.0,"gold_loss":0.0,"damage_taken":0.0,"cards_upgraded":["Accuracy"]},{"damage_healed":0.0,"max_hp_gain":0.0,"max_hp_loss":0.0,"gold_gain":75.0,"event_name":"World of Goop","player_choice":"Gather Gold","floor":11.0,"gold_loss":0.0,"damage_taken":11.0},{"cards_removed":["Choke"],"damage_healed":0.0,"max_hp_gain":0.0,"max_hp_loss":0.0,"gold_gain":0.0,"event_name":"Beggar","player_choice":"Gave Gold","floor":21.0,"gold_loss":75.0,"damage_taken":0.0},{"damage_healed":0.0,"max_hp_gain":0.0,"max_hp_loss":0.0,"gold_gain":0.0,"event_name":"Match and Keep!","player_choice":"0 cards matched","floor":22.0,"gold_loss":0.0,"damage_taken":0.0,"cards_obtained":[]},{"damage_healed":0,"gold_gain":0,"player_choice":"Memory 2","damage_taken":5,"max_hp_gain":0,"max_hp_loss":0,"event_name":"SensoryStone","floor":41,"gold_loss":0}],"is_beta":false,"boss_relics":[{"not_picked":["Eternal Feather","White Beast Statue"],"picked":"Pandora\u0027s Box"},{"not_picked":["Fusion Hammer","Runic Pyramid"],"picked":"Empty Cage"}],"items_purged_floors":[19],"is_endless":false,"potions_floor_spawned":[1,14,18,24,28,29,36,37,38,48],"killed_by":"Time Eater","ascension_level":0}