{"gold_per_floor":[112,131,147,66,141,173,173,199,226,226,256,256,256,290,290,394,394,394,319,319,219,134,134,134,134,134,134,134,134,134,134,134,134,134,134,134,134,134,9,9,0,0,0,0,0,0,0,0,0,0],"floor_reached":51,"playtime":7394,"items_purged":["Strike_G","Defend_G","Defend_G"],"score":886,"play_id":"a43ef350-d780-47e4-a4fd-c3701d6327bb","local_time":"20180920231001","is_ascension_mode":true,"campfire_choices":[{"data":"Noxious Fumes","floor":7.0,"key":"SMITH"},{"data":"After Image","floor":10.0,"key":"SMITH"},{"data":"Sucker Punch","floor":13.0,"key":"SMITH"},{"data":"Neutralize","floor":15.0,"key":"SMITH"},{"data":"Burst","floor":23.0,"key":"SMITH"},{"floor":32.0,"key":"REST"},{"data":"Footwork","floor":44.0,"key":"SMITH"},{"data":"Envenom","floor":47,"key":"SMITH"},{"data":"Prepared","floor":49,"key":"SMITH"}],"neow_cost":"NONE","seed_source_timestamp":0,"circlet_count":0,"master_deck":["Defend_G","Defend_G","Defend_G","Strike_G","Strike_G","Strike_G+1","Survivor","Neutralize+1","Backstab+1","After Image+1","Sucker Punch+1","Noxious Fumes+1","Predator","Terror","Burst+1","PiercingWail+1","Dodge and Roll","Backflip","Choke+1","Glass Knife+1","Dodge and Roll","PiercingWail+1","Noxious Fumes+1","Envenom+1","Footwork+1","Predator+1","Tools of the Trade+1","Crippling Poison","Die Die Die+1","Prepared+1"],"special_seed":0,"relics":["Ring of the Snake","Bag of Marbles","Blood Vial","Oddly Smooth Stone","Turnip","Regal Pillow","Ectoplasm","Molten Egg 2","Whetstone","PreservedInsect","Boot","Runic Pyramid","Frozen Egg 2","Letter Opener","Red Mask","Sundial","Bottled Flame","Lantern"],"potions_floor_usage":[50,50],"damage_taken":[{"damage":0.0,"enemies":"Small Slimes","floor":1.0,"turns":4.0},{"damage":0.0,"enemies":"Jaw Worm","floor":2.0,"turns":5.0},{"damage":0.0,"enemies":"Cultist","floor":3.0,"turns":4.0},{"damage":9.0,"enemies":"3 Sentries","floor":6.0,"turns":10.0},{"damage":6.0,"enemies":"Lagavulin","floor":8.0,"turns":7.0},{"damage":10.0,"enemies":"3 Sentries","floor":11.0,"turns":6.0},{"damage":9.0,"enemies":"Gremlin Nob","floor":14.0,"turns":4.0},{"damage":18.0,"enemies":"Slime Boss","floor":16.0,"turns":10.0},{"damage":5.0,"enemies":"Shell Parasite","floor":18.0,"turns":5.0},{"damage":3.0,"enemies":"Spheric Guardian","floor":20.0,"turns":5.0},{"damage":21.0,"enemies":"3 Cultists","floor":24.0,"turns":6.0},{"damage":14.0,"enemies":"Book of Stabbing","floor":25.0,"turns":6.0},{"damage":5.0,"enemies":"Cultist and Chosen","floor":27.0,"turns":8.0},{"damage":0.0,"enemies":"Slavers","floor":28.0,"turns":5.0},{"damage":0.0,"enemies":"Centurion and Healer","floor":29.0,"turns":5.0},{"damage":0.0,"enemies":"Snake Plant","floor":30.0,"turns":3.0},{"damage":0.0,"enemies":"Chosen and Byrds","floor":31.0,"turns":5.0},{"damage":25.0,"enemies":"Automaton","floor":33.0,"turns":13.0},{"damage":0.0,"enemies":"Orb Walker","floor":35.0,"turns":4.0},{"damage":0.0,"enemies":"3 Darklings","floor":36.0,"turns":4.0},{"damage":3.0,"enemies":"Spire Growth","floor":38.0,"turns":6.0},{"damage":4.0,"enemies":"Giant Head","floor":40.0,"turns":8.0},{"damage":3.0,"enemies":"2 Orb Walkers","floor":42.0,"turns":4.0},{"damage":0,"enemies":"4 Shapes","floor":45,"turns":5},{"damage":0,"enemies":"Nemesis","floor":46,"turns":5},{"damage":0,"enemies":"Maw","floor":48,"turns":6},{"damage":40,"enemies":"Donu and Deca","floor":50,"turns":9}],"seed_played":"5543198711461633265","potions_obtained":[{"floor":1.0,"key":"Regen Potion"},{"floor":2.0,"key":"Strength Potion"},{"floor":3.0,"key":"Regen Potion"},{"floor":11.0,"key":"Ancient Potion"},{"floor":16.0,"key":"GhostInAJar"},{"floor":24.0,"key":"SteroidPotion"},{"floor":27.0,"key":"Swift Potion"},{"floor":31.0,"key":"Swift Potion"},{"floor":33.0,"key":"GhostInAJar"},{"floor":36.0,"key":"SteroidPotion"},{"floor":38.0,"key":"Weak Potion"},{"floor":40.0,"key":"FearPotion"},{"floor":46,"key":"Swift Potion"}],"is_trial":false,"path_per_floor":["M","M","M","$","?","E","R","E","T","R","E","?","R","E","R","B",null,"M","$","M","$","?","R","M","E","T","M","E","M","M","M","R","B",null,"M","M","T","M","$","E","?","E","T","R","M","E","R","M","R","B"],"character_chosen":"THE_SILENT","items_purchased":["Noxious Fumes"],"campfire_rested":1,"item_purchase_floors":[4],"current_hp_per_floor":[77,77,77,77,66,72,72,66,66,66,72,65,65,58,58,42,77,72,72,71,71,71,71,52,40,40,37,39,41,43,45,77,52,77,77,77,77,74,74,72,72,71,71,71,73,75,75,77,77,37],"gold":0,"neow_bonus":"TEN_PERCENT_HP_BONUS","is_prod":false,"is_daily":false,"chose_seed":false,"campfire_upgraded":8,"win_rate":1,"timestamp":1537477801,"path_taken":["M","M","M","$","?","E","R","E","T","R","E","?","R","E","R","BOSS","M","$","M","$","?","R","M","E","T","M","E","M","M","?","R","BOSS","M","M","?","M","$","E","?","E","T","R","M","E","R","M","R","BOSS"],"build_version":"2018-09-06","purchased_purges":3,"victory":true,"max_hp_per_floor":[77,77,77,77,77,77,77,77,77,77,77,77,77,77,77,77,77,77,77,77,77,77,77,77,77,77,77,77,77,77,77,77,77,77,77,77,77,77,77,77,77,77,77,77,77,77,77,77,77,77],"card_choices":[{"not_picked":["Backflip","Dagger Spray"],"picked":"Backstab","floor":1.0},{"not_picked":["Slice","Dodge and Roll"],"picked":"After Image","floor":2.0},{"not_picked":["Distraction","Acrobatics"],"picked":"Sucker Punch","floor":3.0},{"not_picked":["Unload","Finisher"],"picked":"Predator","floor":6.0},{"not_picked":["Caltrops","Flying Knee"],"picked":"Terror","floor":8.0},{"not_picked":["Endless Agony","Masterful Stab","Outmaneuver"],"picked":"SKIP","floor":11.0},{"not_picked":["Phantasmal Killer","Bane","Terror"],"picked":"SKIP","floor":14.0},{"not_picked":["Phantasmal Killer","A Thousand Cuts"],"picked":"Burst","floor":16.0},{"not_picked":["Quick Slash","Reflex","Riddle With Holes"],"picked":"SKIP","floor":18.0},{"not_picked":["Acrobatics","Caltrops"],"picked":"PiercingWail+1","floor":20.0},{"not_picked":["Slice+1","Underhanded Strike+1"],"picked":"Dodge and Roll","floor":24.0},{"not_picked":["Envenom","Dodge and Roll"],"picked":"Backflip","floor":25.0},{"not_picked":["Masterful Stab+1","Eviscerate+1"],"picked":"Choke+1","floor":27.0},{"not_picked":["Poisoned Stab+1","Terror"],"picked":"Glass Knife+1","floor":28.0},{"not_picked":["Blade Dance","Quick Slash+1"],"picked":"Dodge and Roll","floor":29.0},{"not_picked":["Masterful Stab+1","Underhanded Strike+1"],"picked":"PiercingWail+1","floor":30.0},{"not_picked":["Underhanded Strike+1","Dash+1"],"picked":"Noxious Fumes+1","floor":31.0},{"not_picked":["Wraith Form v2","Tools of the Trade"],"picked":"Envenom","floor":33.0},{"not_picked":["Expertise+1","Skewer+1","Choke+1"],"picked":"SKIP","floor":35.0},{"not_picked":["Slice+1","Underhanded Strike+1"],"picked":"Footwork","floor":36.0},{"not_picked":["Slice+1","PiercingWail+1"],"picked":"Predator+1","floor":38.0},{"not_picked":["Choke+1","All Out Attack+1"],"picked":"Tools of the Trade+1","floor":40.0},{"not_picked":["Well Laid Plans+1","Outmaneuver"],"picked":"Crippling Poison","floor":42.0},{"not_picked":["Finisher+1","Acrobatics+1","Eviscerate+1"],"picked":"SKIP","floor":45},{"not_picked":["Bane+1","Blade Dance+1"],"picked":"Die Die Die+1","floor":46},{"not_picked":["Deadly Poison","Dagger Spray+1"],"picked":"Prepared","floor":48}],"player_experience":97792,"relics_obtained":[{"floor":6.0,"key":"Bag of Marbles"},{"floor":8.0,"key":"Blood Vial"},{"floor":9.0,"key":"Oddly Smooth Stone"},{"floor":11.0,"key":"Turnip"},{"floor":14.0,"key":"Regal Pillow"},{"floor":25.0,"key":"Whetstone"},{"floor":26.0,"key":"PreservedInsect"},{"floor":28.0,"key":"Boot"},{"floor":37.0,"key":"Frozen Egg 2"},{"floor":40.0,"key":"Letter Opener"},{"floor":42.0,"key":"Sundial"},{"floor":43.0,"key":"Bottled Flame"},{"floor":46,"key":"Lantern"}],"event_choices":[{"event_name":"World of Goop","player_choice":"Gather Gold","floor":5.0,"damage_taken":0.0},{"event_name":"Golden Wing","player_choice":"Card Removal","floor":12.0,"damage_taken":0.0},{"event_name":"Addict","player_choice":"Obtained Relic","floor":22.0,"damage_taken":0.0},{"event_name":"Tomb of Lord Red Mask","player_choice":"Paid","floor":41.0,"damage_taken":0.0}],"is_beta":false,"boss_relics":[{"not_picked":["Calling Bell","Eternal Feather"],"picked":"Ectoplasm"},{"not_picked":["Tiny House","WristBlade"],"picked":"Runic Pyramid"}],"items_purged_floors":[19,21,39],"is_endless":false,"potions_floor_spawned":[1,2,3,11,16,24,27,31,33,36,38,40,46],"ascension_level":2}