{"gold_per_floor":[111,361,373,7,18,34,59,72,72,72,72,82,82,99,99,198,198,208,208,226,246,259,259,275,275,275,275,275,304,304],"floor_reached":30,"playtime":1577,"items_purged":["Regret"],"score":292,"play_id":"2e96244d-83b1-406f-8121-3c93a659cf15","local_time":"20180722175022","is_ascension_mode":true,"campfire_choices":[{"floor":10,"key":"REST"},{"floor":13,"key":"REST"},{"floor":15,"key":"REST"},{"floor":23,"key":"REST"},{"floor":25,"key":"REST"},{"data":"Zap","floor":27,"key":"SMITH"}],"neow_cost":"NONE","seed_source_timestamp":20599799282398,"circlet_count":0,"master_deck":["Strike_B+1","Strike_B+1","Strike_B+1","Strike_B+1","Defend_B+1","Defend_B+1","Defend_B+1","Defend_B+1","Zap+1","Dualcast","Stack","Go for the Eyes","Aggregate","Beam Cell","Multi-Cast","Tempest","Coolheaded","Steam Power","Electrodynamics","Capacitor+1","Turbo+1","Double Energy","Turbo","Turbo","Decay","Normality","Barrage+1"],"relics":["Cursed Key","Ice Cream","Happy Flower","Dead Branch","Inserter","Blue Candle","Turnip","Nunchaku"],"potions_floor_usage":[7,7,14,16,20,21,29,30],"damage_taken":[{"damage":7,"enemies":"Jaw Worm","floor":1,"turns":3},{"damage":1,"enemies":"Cultist","floor":3,"turns":3},{"damage":5,"enemies":"Small Slimes","floor":5,"turns":3},{"damage":12,"enemies":"Looter","floor":6,"turns":3},{"damage":33,"enemies":"Lagavulin","floor":7,"turns":6},{"damage":10,"enemies":"3 Louse","floor":8,"turns":5},{"damage":18,"enemies":"Exordium Thugs","floor":12,"turns":3},{"damage":0,"enemies":"Large Slime","floor":14,"turns":2},{"damage":22,"enemies":"Slime Boss","floor":16,"turns":10},{"damage":20,"enemies":"Spheric Guardian","floor":18,"turns":4},{"damage":9,"enemies":"Shell Parasite","floor":20,"turns":5},{"damage":6,"enemies":"Centurion and Healer","floor":21,"turns":5},{"damage":4,"enemies":"Chosen and Byrds","floor":22,"turns":3},{"damage":10,"enemies":"Snecko","floor":24,"turns":3},{"damage":49,"enemies":"Book of Stabbing","floor":29,"turns":5},{"damage":26,"enemies":"Snake Plant","floor":30,"turns":3}],"seed_played":"-1348459610823406651","potions_obtained":[{"floor":5,"key":"LiquidBronze"},{"floor":6,"key":"GamblersBrew"},{"floor":12,"key":"Poison Potion"},{"floor":14,"key":"Weak Potion"},{"floor":18,"key":"Poison Potion"},{"floor":20,"key":"Strength Potion"},{"floor":24,"key":"EssenceOfSteel"},{"floor":29,"key":"FearPotion"}],"is_trial":false,"path_per_floor":["M","?","M","$","M","M","E","M","T","R","?","M","R","M","R","B",null,"M","?","M","M","M","R","M","R","T","R","?","E"],"character_chosen":"DEFECT","items_purchased":["Ice Cream"],"campfire_rested":5,"item_purchase_floors":[4],"current_hp_per_floor":[68,68,67,67,62,50,17,7,7,29,29,11,33,33,55,33,75,55,55,46,40,43,65,55,75,75,75,75,26,0],"gold":304,"neow_bonus":"BOSS_RELIC","is_prod":false,"is_daily":false,"chose_seed":false,"campfire_upgraded":1,"win_rate":0,"timestamp":1532253022,"path_taken":["M","?","?","$","M","M","E","M","T","R","?","M","R","M","R","BOSS","M","?","M","M","M","R","M","R","T","R","?","E","M"],"build_version":"2018-07-19v2","purchased_purges":1,"victory":false,"max_hp_per_floor":[75,75,75,75,75,75,75,75,75,75,75,75,75,75,75,75,75,75,75,75,75,75,75,75,75,75,75,75,75,75],"card_choices":[{"not_picked":["Hologram","Aggregate"],"picked":"Stack","floor":1},{"not_picked":["Stack","Coolheaded"],"picked":"Go for the Eyes","floor":3},{"not_picked":["Heatsinks","Genetic Algorithm"],"picked":"Aggregate","floor":5},{"not_picked":["Genetic Algorithm","Blizzard"],"picked":"Beam Cell","floor":6},{"not_picked":["Reboot","Stack"],"picked":"Multi-Cast","floor":7},{"not_picked":["Streamline","Compile Driver"],"picked":"Tempest","floor":8},{"not_picked":["Barrage","Compile Driver"],"picked":"Coolheaded","floor":12},{"not_picked":["Cold Snap","Coolheaded"],"picked":"Steam Power","floor":14},{"not_picked":["Machine Learning","Reboot"],"picked":"Electrodynamics","floor":16},{"not_picked":["Cold Snap+1","Barrage"],"picked":"Capacitor+1","floor":18},{"not_picked":["Conserve Battery","Rip and Tear"],"picked":"Turbo+1","floor":20},{"not_picked":["Leap+1","Machine Learning"],"picked":"Double Energy","floor":21},{"not_picked":["Steam","Hologram"],"picked":"Turbo","floor":22},{"not_picked":["Stack","Ball Lightning"],"picked":"Turbo","floor":24},{"not_picked":["Cold Snap","Loop"],"picked":"Barrage+1","floor":29}],"player_experience":807877,"relics_obtained":[{"floor":7,"key":"Happy Flower"},{"floor":9,"key":"Dead Branch"},{"floor":26,"key":"Blue Candle"},{"floor":29,"key":"Nunchaku"}],"event_choices":[{"event_name":"Golden Shrine","player_choice":"Desecrate","floor":2,"damage_taken":0},{"event_name":"Living Wall","player_choice":"Forget","floor":11,"damage_taken":0},{"event_name":"Back to Basics","player_choice":"Simplicity","floor":19,"damage_taken":0},{"event_name":"Accursed Blacksmith","player_choice":"Rummage","floor":28,"damage_taken":0}],"is_beta":false,"boss_relics":[{"not_picked":["Calling Bell","Nuclear Battery"],"picked":"Inserter"}],"items_purged_floors":[4],"is_endless":false,"potions_floor_spawned":[5,6,12,14,18,20,24,29],"killed_by":"Snake Plant","ascension_level":3}