{"gold_per_floor":[112,112,132,148,298,298,317,3,79,154,169,189,24,37,37,114,114,134,134,153,164,12,12,12,26,26,61,87,87],"floor_reached":29,"playtime":1454,"items_purged":["Doubt"],"score":438,"play_id":"94d07da5-cd67-4481-8156-4e7376d31450","local_time":"20190906095622","is_ascension_mode":true,"campfire_choices":[{"data":"Neutralize","floor":6,"key":"SMITH"},{"data":"Apotheosis","floor":15,"key":"SMITH"},{"floor":23,"key":"REST"}],"neow_cost":"NONE","seed_source_timestamp":50888451227500,"circlet_count":0,"master_deck":["AscendersBane","Strike_G","Strike_G","Strike_G","Strike_G","Defend_G","Defend_G","Defend_G","Defend_G","Defend_G","Survivor","Neutralize+1","Predator","Dagger Throw","Backflip","Infinite Blades","Apotheosis+1","Caltrops","PiercingWail","Deadly Poison","Bouncing Flask","Deflect","Storm of Steel","Cloak And Dagger","Deadly Poison","Dagger Throw","Setup","Footwork","Dodge and Roll","Footwork","Catalyst"],"relics":["Ring of the Snake","NeowsBlessing","Bottled Flame","Runic Pyramid","Gremlin Horn","Omamori","Regal Pillow"],"potions_floor_usage":[4,7,20,21,25],"damage_taken":[{"damage":0,"enemies":"2 Louse","floor":1,"turns":1},{"damage":0,"enemies":"Cultist","floor":3,"turns":1},{"damage":0,"enemies":"Jaw Worm","floor":4,"turns":1},{"damage":1,"enemies":"3 Louse","floor":7,"turns":4},{"damage":12,"enemies":"Exordium Thugs","floor":11,"turns":5},{"damage":11,"enemies":"Lots of Slimes","floor":12,"turns":4},{"damage":3,"enemies":"Looter","floor":14,"turns":3},{"damage":12,"enemies":"Hexaghost","floor":16,"turns":8},{"damage":17,"enemies":"2 Thieves","floor":18,"turns":5},{"damage":3,"enemies":"Spheric Guardian","floor":20,"turns":3},{"damage":10,"enemies":"Snake Plant","floor":21,"turns":4},{"damage":18,"enemies":"Shelled Parasite and Fungi","floor":25,"turns":7},{"damage":27,"enemies":"Book of Stabbing","floor":27,"turns":7},{"damage":19,"enemies":"Sentry and Sphere","floor":29,"turns":4}],"seed_played":"-8873216108404081212","potions_obtained":[{"floor":1,"key":"SpeedPotion"},{"floor":3,"key":"Fruit Juice"},{"floor":7,"key":"Swift Potion"},{"floor":12,"key":"GhostInAJar"},{"floor":18,"key":"Regen Potion"}],"is_trial":false,"path_per_floor":["M","?","M","M","?","R","M","$","T","?","M","M","$","M","R","B",null,"M","?","M","M","$","R","?","M","T","E","T","M"],"character_chosen":"THE_SILENT","items_purchased":["Apotheosis","Caltrops","Well Laid Plans","Bouncing Flask","Footwork","Dodge and Roll","SpeedPotion"],"campfire_rested":1,"item_purchase_floors":[8,8,13,13,22,22,22],"current_hp_per_floor":[59,59,59,64,64,64,63,63,63,52,40,29,29,26,26,14,57,40,40,49,39,39,60,60,42,42,15,15,0],"gold":87,"neow_bonus":"THREE_ENEMY_KILL","is_prod":false,"is_daily":false,"chose_seed":false,"campfire_upgraded":2,"win_rate":0,"timestamp":1567788982,"path_taken":["M","?","?","M","?","R","M","$","T","?","M","M","$","M","R","BOSS","M","?","M","?","$","R","?","M","T","E","?","M"],"build_version":"2019-07-17","purchased_purges":1,"victory":false,"max_hp_per_floor":[66,66,66,71,71,71,71,71,71,71,71,71,71,71,71,71,71,71,71,71,71,71,71,71,71,71,71,71,71],"card_choices":[{"not_picked":["Reflex","Poisoned Stab"],"picked":"Predator","floor":1},{"not_picked":["Dodge and Roll","Bane"],"picked":"Dagger Throw","floor":3},{"not_picked":["Tactician","Acrobatics"],"picked":"Backflip","floor":4},{"not_picked":["Dagger Throw","Cloak And Dagger"],"picked":"Infinite Blades","floor":7},{"not_picked":["Blade Dance","Flying Knee"],"picked":"PiercingWail","floor":11},{"not_picked":["Caltrops","Calculated Gamble"],"picked":"Deadly Poison","floor":12},{"not_picked":["Sucker Punch","Riddle With Holes"],"picked":"Deflect","floor":14},{"not_picked":["Doppelganger","Phantasmal Killer"],"picked":"Storm of Steel","floor":16},{"not_picked":["Quick Slash","Sucker Punch"],"picked":"Cloak And Dagger","floor":18},{"not_picked":["Deflect","Acrobatics"],"picked":"Dagger Throw","floor":20},{"not_picked":["Bane","Slice"],"picked":"Setup","floor":21},{"not_picked":["Flying Knee+1","Slice"],"picked":"Footwork","floor":25},{"not_picked":["Unload","Backstab"],"picked":"Catalyst","floor":27}],"player_experience":844451,"relics_obtained":[{"floor":9,"key":"Bottled Flame"},{"floor":26,"key":"Gremlin Horn"},{"floor":27,"key":"Omamori"},{"floor":28,"key":"Regal Pillow"}],"event_choices":[{"cards_removed":["Strike_G"],"damage_healed":0,"gold_gain":0,"player_choice":"Offered Basic","damage_taken":0,"max_hp_gain":0,"max_hp_loss":0,"event_name":"Bonfire Elementals","floor":2,"gold_loss":0},{"damage_healed":0,"gold_gain":150,"player_choice":"AGREE","damage_taken":0,"max_hp_gain":0,"max_hp_loss":0,"event_name":"Liars Game","floor":5,"gold_loss":0,"cards_obtained":["Doubt"]},{"damage_healed":0,"gold_gain":75,"player_choice":"Gather Gold","damage_taken":11,"max_hp_gain":0,"max_hp_loss":0,"event_name":"World of Goop","floor":10,"gold_loss":0},{"damage_healed":0,"gold_gain":0,"cards_transformed":["Well Laid Plans"],"player_choice":"Transformed","damage_taken":0,"max_hp_gain":0,"max_hp_loss":0,"event_name":"Transmorgrifier","floor":19,"gold_loss":0,"cards_obtained":["Deadly Poison"]},{"damage_healed":0,"gold_gain":0,"player_choice":"Ignored","damage_taken":0,"max_hp_gain":0,"max_hp_loss":0,"event_name":"Vampires","floor":24,"gold_loss":0}],"is_beta":false,"boss_relics":[{"not_picked":["Velvet Choker","Tiny House"],"picked":"Runic Pyramid"}],"items_purged_floors":[8],"is_endless":false,"potions_floor_spawned":[1,3,7,12,16,18],"killed_by":"Sentry and Sphere","ascension_level":17}