{"gold_per_floor":[211,230,249,16,34,34,62,62,62,117,130,142,167,13,13,113,113,124,124,144,159,159,187,187,221,274,286],"floor_reached":27,"playtime":1824,"items_purged":["Defend_G","Strike_G"],"score":276,"play_id":"122c95f4-57f4-4d42-867e-3498192b1b23","local_time":"20190815165457","is_ascension_mode":true,"campfire_choices":[{"floor":6,"key":"RECALL"},{"data":"1","floor":15,"key":"LIFT"},{"floor":24,"key":"REST"}],"neow_cost":"NONE","seed_source_timestamp":14690798768400,"circlet_count":0,"master_deck":["Strike_G","Strike_G","Strike_G","Strike_G+1","Defend_G","Defend_G","Defend_G","Survivor","Neutralize","Flying Knee","Sucker Punch+1","Well Laid Plans","Backflip","Deadly Poison","Bouncing Flask","Backstab","Dodge and Roll","Envenom","Die Die Die","Dash","Distraction+1","Acrobatics","Catalyst","Glass Knife","Writhe"],"relics":["Ring of the Snake","Membership Card","Whetstone","Girya","Dodecahedron","Pen Nib","Lee\u0027s Waffle","Cursed Key","Snake Skull","Frozen Egg 2","MawBank"],"potions_floor_usage":[11,13,13,13,23,23],"damage_taken":[{"damage":0,"enemies":"Jaw Worm","floor":1,"turns":5},{"damage":7,"enemies":"Small Slimes","floor":2,"turns":3},{"damage":0,"enemies":"Cultist","floor":3,"turns":3},{"damage":4,"enemies":"Looter","floor":5,"turns":4},{"damage":18,"enemies":"Lagavulin","floor":7,"turns":7},{"damage":20,"enemies":"3 Sentries","floor":10,"turns":8},{"damage":1,"enemies":"Blue Slaver","floor":11,"turns":3},{"damage":1,"enemies":"3 Louse","floor":12,"turns":3},{"damage":6,"enemies":"3 Sentries","floor":13,"turns":4},{"damage":17,"enemies":"The Guardian","floor":16,"turns":9},{"damage":1,"enemies":"Shell Parasite","floor":18,"turns":4},{"damage":0,"enemies":"Chosen","floor":20,"turns":3},{"damage":20,"enemies":"Snake Plant","floor":21,"turns":4},{"damage":38,"enemies":"Gremlin Leader","floor":23,"turns":7},{"damage":24,"enemies":"Slavers","floor":25,"turns":5},{"damage":25,"enemies":"Gremlin Leader","floor":27,"turns":3}],"seed_played":"-2233612962941216576","potions_obtained":[{"floor":5,"key":"LiquidBronze"},{"floor":7,"key":"Fire Potion"},{"floor":10,"key":"Ancient Potion"},{"floor":11,"key":"SkillPotion"},{"floor":12,"key":"Fire Potion"},{"floor":20,"key":"Energy Potion"},{"floor":21,"key":"Energy Potion"}],"is_trial":false,"path_per_floor":["M","M","M","$","M","R","E","?","T","?","M","M","E","$","R","B",null,"M","?","M","M","?","E","R","E","T","E"],"character_chosen":"THE_SILENT","items_purchased":["Membership Card","Lee\u0027s Waffle"],"campfire_rested":1,"item_purchase_floors":[4,14],"current_hp_per_floor":[70,63,63,63,59,59,41,34,34,14,13,12,6,77,77,60,77,76,76,76,56,56,18,41,17,17,0],"gold":286,"neow_bonus":"HUNDRED_GOLD","is_prod":false,"is_daily":false,"chose_seed":false,"campfire_upgraded":0,"win_rate":0,"timestamp":1565880897,"path_taken":["M","M","M","$","M","R","E","?","T","?","M","M","E","?","R","BOSS","M","?","M","?","?","E","R","E","T","E"],"build_version":"2019-07-17","purchased_purges":2,"victory":false,"max_hp_per_floor":[70,70,70,70,70,70,70,70,70,70,70,70,70,77,77,77,77,77,77,77,77,77,77,77,77,77,77],"card_choices":[{"not_picked":["PiercingWail","Catalyst"],"picked":"Flying Knee","floor":1},{"not_picked":["Infinite Blades","Deflect"],"picked":"Sucker Punch","floor":2},{"not_picked":["Sucker Punch","Dagger Throw"],"picked":"Well Laid Plans","floor":3},{"not_picked":["Reflex","Footwork"],"picked":"Backflip","floor":5},{"not_picked":["Predator","Slice"],"picked":"Deadly Poison","floor":7},{"not_picked":["Endless Agony","Quick Slash"],"picked":"Bouncing Flask","floor":10},{"not_picked":["Deadly Poison","Wraith Form v2"],"picked":"Backstab","floor":11},{"not_picked":["Slice","Quick Slash"],"picked":"Dodge and Roll","floor":12},{"not_picked":["Catalyst","Sucker Punch"],"picked":"Envenom","floor":13},{"not_picked":["Bullet Time","A Thousand Cuts"],"picked":"Die Die Die","floor":16},{"not_picked":["Deadly Poison","Predator+1"],"picked":"Dash","floor":18},{"not_picked":["Footwork","Backflip"],"picked":"Distraction+1","floor":20},{"not_picked":["Flying Knee","Flechettes"],"picked":"Acrobatics","floor":21},{"not_picked":["Dash","Flying Knee"],"picked":"Catalyst","floor":23},{"not_picked":["Expertise","Bouncing Flask"],"picked":"Glass Knife","floor":25}],"player_experience":88831,"relics_obtained":[{"floor":7,"key":"Whetstone"},{"floor":13,"key":"Pen Nib"},{"floor":23,"key":"Snake Skull"},{"floor":25,"key":"Frozen Egg 2"},{"floor":26,"key":"MawBank"}],"event_choices":[{"damage_healed":0,"gold_gain":0,"player_choice":"Success","damage_taken":7,"relics_obtained":["Girya"],"max_hp_gain":0,"max_hp_loss":0,"event_name":"Scrap Ooze","floor":8,"gold_loss":0},{"damage_healed":0,"gold_gain":0,"player_choice":"Searched \u00272\u0027 times","damage_taken":0,"relics_obtained":["Dodecahedron"],"max_hp_gain":0,"max_hp_loss":0,"event_name":"Dead Adventurer","floor":10,"gold_loss":0},{"damage_healed":0,"gold_gain":0,"player_choice":"Ignored","damage_taken":0,"max_hp_gain":0,"max_hp_loss":0,"event_name":"NoteForYourself","floor":19,"gold_loss":0},{"cards_removed":["Defend_G"],"damage_healed":0,"gold_gain":0,"player_choice":"Elegance","damage_taken":0,"max_hp_gain":0,"max_hp_loss":0,"event_name":"Back to Basics","floor":22,"gold_loss":0}],"is_beta":false,"boss_relics":[{"not_picked":["Runic Pyramid","Lizard Tail"],"picked":"Cursed Key"}],"items_purged_floors":[4,14],"is_endless":false,"potions_floor_spawned":[5,7,10,11,12,20,21],"killed_by":"Gremlin Leader","ascension_level":1}