{"gold_per_floor":[109,59,59,77,2,2,38,38,68,68,404,484,484,500,500,621,621,642,662,680,328,328,328,328],"floor_reached":24,"playtime":1165,"items_purged":["Injury"],"score":272,"play_id":"cecef8b7-226b-467f-a728-2f7cae3108d5","local_time":"20190521201402","is_ascension_mode":true,"campfire_choices":[{"data":"Well Laid Plans","floor":6.0,"key":"SMITH"},{"data":"Backstab","floor":8.0,"key":"SMITH"},{"data":"Underhanded Strike","floor":13.0,"key":"SMITH"},{"data":"Neutralize","floor":15.0,"key":"SMITH"},{"floor":23.0,"key":"REST"}],"neow_cost":"NONE","seed_source_timestamp":556847918835256,"circlet_count":0,"master_deck":["Defend_G","Defend_G","Defend_G","Defend_G","Defend_G","Strike_G","Strike_G","Survivor","Neutralize+1","Underhanded Strike+1","Well Laid Plans+1","Backstab+1","Dagger Throw","Prepared","Corpse Explosion","Outmaneuver","Prepared","Escape Plan","Dramatic Entrance+1","Writhe"],"special_seed":0,"relics":["Ring of the Snake","NeowsBlessing","Golden Idol","Centennial Puzzle","Tiny Chest","Old Coin","Gremlin Horn","Empty Cage","Molten Egg 2","Happy Flower"],"potions_floor_usage":[],"damage_taken":[{"damage":0.0,"enemies":"Jaw Worm","floor":1.0,"turns":1.0},{"damage":0.0,"enemies":"2 Louse","floor":4.0,"turns":1.0},{"damage":0.0,"enemies":"3 Sentries","floor":7.0,"turns":1.0},{"damage":6.0,"enemies":"Lagavulin","floor":11.0,"turns":8.0},{"damage":0.0,"enemies":"Small Slimes","floor":14.0,"turns":1.0},{"damage":42.0,"enemies":"Slime Boss","floor":16.0,"turns":9.0},{"damage":14.0,"enemies":"2 Thieves","floor":18.0,"turns":2.0},{"damage":15.0,"enemies":"Shell Parasite","floor":19.0,"turns":6.0},{"damage":39.0,"enemies":"Snake Plant","floor":20.0,"turns":5.0},{"damage":27,"enemies":"Sentry and Sphere","floor":24,"turns":3}],"seed_played":"-6723268527779729532","potions_obtained":[{"floor":1.0,"key":"SpeedPotion"},{"floor":4.0,"key":"Ancient Potion"},{"floor":7.0,"key":"Strength Potion"},{"floor":14.0,"key":"SkillPotion"},{"floor":20.0,"key":"Ancient Potion"}],"is_trial":false,"path_per_floor":["M","?","?","M","$","R","E","R","T","$","E","T","R","M","R","B",null,"M","M","M","$","?","R","M"],"character_chosen":"THE_SILENT","items_purchased":["Molten Egg 2","Dramatic Entrance+1"],"campfire_rested":1,"item_purchase_floors":[21,21],"current_hp_per_floor":[70,70,70,70,70,70,70,70,70,70,64,64,64,64,64,22,70,56,41,2,2,2,23,0],"gold":328,"neow_bonus":"THREE_ENEMY_KILL","is_prod":false,"is_daily":false,"chose_seed":false,"campfire_upgraded":4,"win_rate":0,"timestamp":1558484042,"path_taken":["M","?","?","M","$","R","E","R","T","?","E","?","R","M","R","BOSS","M","M","M","$","?","R","M"],"build_version":"2019-01-23","purchased_purges":1,"victory":false,"max_hp_per_floor":[70,70,70,70,70,70,70,70,70,70,70,70,70,70,70,70,70,70,70,70,70,70,70,70],"card_choices":[{"not_picked":["Deflect","Dodge and Roll"],"picked":"Underhanded Strike","floor":1.0},{"not_picked":["Slice","Flechettes"],"picked":"Well Laid Plans","floor":4.0},{"not_picked":["Skewer","Outmaneuver"],"picked":"Backstab","floor":7.0},{"not_picked":["Calculated Gamble","Well Laid Plans"],"picked":"Dagger Throw","floor":11.0},{"not_picked":["Endless Agony","Quick Slash"],"picked":"Prepared","floor":14.0},{"not_picked":["Venomology","Wraith Form v2"],"picked":"Corpse Explosion","floor":16.0},{"not_picked":["Escape Plan","Acrobatics"],"picked":"Outmaneuver","floor":18.0},{"not_picked":["Dagger Spray","Slice"],"picked":"Prepared","floor":19.0},{"not_picked":["Underhanded Strike","Backflip"],"picked":"Escape Plan","floor":20.0}],"player_experience":257192,"relics_obtained":[{"floor":7.0,"key":"Centennial Puzzle"},{"floor":9.0,"key":"Tiny Chest"},{"floor":11.0,"key":"Old Coin"},{"floor":12.0,"key":"Gremlin Horn"}],"event_choices":[{"cards_removed":["Strike_G"],"damage_healed":0.0,"max_hp_gain":0.0,"max_hp_loss":0.0,"gold_gain":0.0,"event_name":"The Cleric","player_choice":"Card Removal","floor":2.0,"gold_loss":50.0,"damage_taken":0.0},{"damage_healed":0.0,"max_hp_gain":0.0,"max_hp_loss":0.0,"gold_gain":0.0,"event_name":"Golden Idol","player_choice":"Take Wound","floor":3.0,"gold_loss":0.0,"damage_taken":0.0,"relics_obtained":["Golden Idol"],"cards_obtained":["Injury"]},{"damage_healed":0.0,"max_hp_gain":0.0,"max_hp_loss":0.0,"gold_gain":0.0,"event_name":"The Mausoleum","player_choice":"Opened","floor":22.0,"gold_loss":0.0,"damage_taken":0.0,"relics_obtained":["Happy Flower"],"cards_obtained":["Writhe"]}],"is_beta":false,"boss_relics":[{"not_picked":["Sozu","Philosopher\u0027s Stone"],"picked":"Empty Cage"}],"items_purged_floors":[5],"is_endless":false,"potions_floor_spawned":[1,4,7,14,20],"killed_by":"Sentry and Sphere","ascension_level":4}