{"path_per_floor":["M","M","M","?","?","E","R","$","T","E","M","$","M","E","R","B",null,"M","?","?","M","$","R","E","R","T","M","M","M","M","M","R","B",null,"M","?","?","M","$"],"character_chosen":"IRONCLAD","items_purchased":["Anger","Flame Barrier","Clothesline","Cleave","Regen Potion","Heavy Blade","Panacea","Rampage","Thinking Ahead"],"gold_per_floor":[115,131,144,144,144,176,176,28,28,62,74,26,36,62,62,161,161,176,176,176,194,3,3,28,28,104,115,133,147,166,185,185,280,280,294,294,294,313,27],"floor_reached":40,"campfire_rested":4,"playtime":11806,"current_hp_per_floor":[81,87,78,78,78,49,75,75,75,23,27,27,26,18,44,19,88,87,72,72,50,50,50,18,45,45,43,21,29,35,21,48,9,93,80,70,70,20,20],"items_purged":[],"gold":27,"play_id":"b3891591-127e-46cc-9530-d83d9c09b5cf","is_prod":false,"is_daily":false,"is_ascension_mode":false,"campfire_upgraded":1,"path_taken":["M","M","?","?","?","E","R","$","T","E","?","?","M","E","R","BOSS","M","?","?","M","$","R","E","R","T","M","?","M","M","M","R","BOSS","M","?","?","M","$","E"],"build_version":"2018-01-25-PROD3","purchased_purges":0,"victory":false,"master_deck":["Strike_R","Strike_R","Strike_R","Strike_R","Defend_R","Defend_R","Defend_R","Defend_R","Bash","Thunderclap+1","Iron Wave","Pommel Strike+1","Power Through","Double Tap","Anger","Flame Barrier","Clothesline","Dual Wield","Flex","Cleave","Second Wind","Battle Trance","Impervious","Disarm","Hemokinesis+1","Heavy Blade","Panacea","Flame Barrier+1","Infernal Blade","Headbutt","Rage","True Grit+1","Searing Blow","Feed","Reckless Charge","Whirlwind","Clash","Juggernaut","Shockwave","Armaments+1","Madness","Madness","Decay","Iron Wave","Rampage","Thinking Ahead"],"max_hp_per_floor":[88,88,88,88,88,88,88,88,88,88,88,88,88,88,88,88,88,88,93,93,93,93,93,93,93,93,93,93,93,93,93,93,93,93,93,93,93,93,93],"relics":["Burning Blood","Peace Pipe","Ice Cream","Ancient Tea Set","Pen Nib","Mark of Pain","Vajra","Mummified Hand","Orrery"],"card_choices":[{"not_picked":["Twin Strike","Warcry"],"picked":"Thunderclap"},{"not_picked":["Twin Strike","Pommel Strike"],"picked":"Iron Wave"},{"not_picked":["Uppercut","Perfected Strike"],"picked":"Pommel Strike"},{"not_picked":["Warcry","Flame Barrier"],"picked":"Double Tap"},{"not_picked":["Double Tap","Bloodletting"],"picked":"Dual Wield"},{"not_picked":["Warcry","Rupture"],"picked":"Flex"},{"not_picked":["Disarm","Pommel Strike"],"picked":"Second Wind"},{"not_picked":["Pommel Strike","Pummel"],"picked":"Battle Trance"},{"not_picked":["Berserk","Limit Break"],"picked":"Impervious"},{"not_picked":["Anger","Iron Wave"],"picked":"Disarm"},{"not_picked":["Flex","Clothesline"],"picked":"Hemokinesis"},{"not_picked":["Clothesline","Shrug It Off"],"picked":"Flame Barrier"},{"not_picked":["Flex","Hemokinesis"],"picked":"Infernal Blade"},{"not_picked":["Infernal Blade","Warcry"],"picked":"Headbutt"},{"not_picked":["Sword Boomerang","Offering"],"picked":"Rage"},{"not_picked":["Power Through","Headbutt"],"picked":"True Grit"},{"not_picked":["Warcry","Rage"],"picked":"Searing Blow"},{"not_picked":["Demon Form","Double Tap"],"picked":"Feed"},{"not_picked":["Thunderclap","Disarm"],"picked":"Reckless Charge"},{"not_picked":["Cleave","Reckless Charge"],"picked":"Whirlwind"},{"not_picked":["Clothesline","Sword Boomerang"],"picked":"Clash"},{"not_picked":["Flex","Battle Trance"],"picked":"Juggernaut"},{"not_picked":["Flex","Thunderclap"],"picked":"Shockwave"},{"not_picked":["Twin Strike","Second Wind"],"picked":"Armaments"},{"not_picked":["Power Through","True Grit"],"picked":"Iron Wave"}],"player_experience":15089,"potions_floor_usage":[16,16,16,29,29,33,33,35],"damage_taken":[{"damage":13,"enemies":"Blue Slaver","floor":1,"turns":7},{"damage":0,"enemies":"2 Louse","floor":2,"turns":3},{"damage":15,"enemies":"Jaw Worm","floor":3,"turns":4},{"damage":35,"enemies":"Lagavulin","floor":6,"turns":9},{"damage":58,"enemies":"Gremlin Nob","floor":10,"turns":7},{"damage":2,"enemies":"3 Louse","floor":11,"turns":4},{"damage":7,"enemies":"Large Slime","floor":13,"turns":6},{"damage":14,"enemies":"3 Sentries","floor":14,"turns":6},{"damage":31,"enemies":"Slime Boss","floor":16,"turns":13},{"damage":7,"enemies":"Spheric Guardian","floor":18,"turns":5},{"damage":28,"enemies":"Chosen","floor":21,"turns":6},{"damage":38,"enemies":"Book of Stabbing","floor":24,"turns":7},{"damage":8,"enemies":"Centurion and Healer","floor":27,"turns":5},{"damage":28,"enemies":"Slaver and Parasite","floor":28,"turns":5},{"damage":10,"enemies":"Snake Plant","floor":29,"turns":4},{"damage":0,"enemies":"Centurion and Healer","floor":30,"turns":5},{"damage":20,"enemies":"Slaver and Parasite","floor":31,"turns":7},{"damage":45,"enemies":"Collector","floor":33,"turns":13},{"damage":19,"enemies":"3 Darklings","floor":35,"turns":5},{"damage":56,"enemies":"3 Shapes","floor":38,"turns":3},{"damage":26,"enemies":"Giant Head","floor":40,"turns":4}],"event_choices":[{"event_name":"Golden Wing","player_choice":"Ignored","floor":4,"damage_taken":0},{"event_name":"Living Wall","player_choice":"Change","floor":5,"damage_taken":0},{"event_name":"Forgotten Altar","player_choice":"Shed Blood","floor":19,"damage_taken":0},{"event_name":"Accursed Blacksmith","player_choice":"Forge","floor":20,"damage_taken":0},{"event_name":"Winding Halls","player_choice":"Embrace Madness","floor":36,"damage_taken":0},{"event_name":"Wheel of Change","player_choice":"Curse","floor":37,"damage_taken":0}],"boss_relics":[{"not_picked":["White Beast Statue","Tiny House"],"picked":"Mark of Pain"},{"not_picked":["Question Card","Runic Cube"],"picked":"Orrery"}],"potions_floor_spawned":[6,10,11,16,18,24,30,31],"seed_played":"4146823969237867658","killed_by":"Giant Head","ascension_level":0,"is_trial":false}