{"gold_per_floor":[118,118,136,152,152,152,196,215,283,283,308,308,386,30,30,160,160,175,175,175,175,194,194,214,227,275,108,108,131,131,151,151,274,274,295,0,25,25,45,45,60,60,60,60,78,78,411,421,421,421],"floor_reached":51,"playtime":4536,"items_purged":[],"score":924,"play_id":"602c2ccc-3996-4ce9-bdfb-e1f4b2ddd93d","local_time":"20190625124819","is_ascension_mode":true,"campfire_choices":[{"floor":6.0,"key":"REST"},{"floor":10.0,"key":"REST"},{"floor":12.0,"key":"REST"},{"floor":15.0,"key":"REST"},{"data":"Bouncing Flask","floor":23.0,"key":"SMITH"},{"data":"Footwork","floor":28.0,"key":"SMITH"},{"floor":32.0,"key":"REST"},{"data":"Bouncing Flask","floor":40,"key":"SMITH"},{"data":"After Image","floor":44,"key":"SMITH"},{"data":"Backstab","floor":46,"key":"SMITH"},{"data":"Backflip","floor":49,"key":"SMITH"}],"neow_cost":"TEN_PERCENT_HP_LOSS","seed_source_timestamp":995552525912977,"circlet_count":0,"master_deck":["Defend_G+1","Defend_G+1","Defend_G+1","Strike_G+1","Strike_G+1","Strike_G+1","Strike_G+1","Survivor","Neutralize","Escape Plan","Crippling Poison","Bouncing Flask+1","Backflip+1","Backstab+1","Footwork+1","Backstab","Flying Knee","Corpse Explosion","Backflip+1","Backstab","Blur","Bouncing Flask+1","Deadly Poison+1","Footwork+1","Bane+1","After Image+1","Finisher+1","Backstab","Flash of Steel","Escape Plan"],"special_seed":0,"relics":["Ring of the Snake","Prayer Wheel","Juzu Bracelet","The Courier","Sundial","Paper Crane","Philosopher\u0027s Stone","Anchor","MealTicket","WristBlade","Red Mask","Pantograph"],"potions_floor_usage":[39,39,50,50],"damage_taken":[{"damage":3.0,"enemies":"Small Slimes","floor":1.0,"turns":4.0},{"damage":0.0,"enemies":"Cultist","floor":3.0,"turns":4.0},{"damage":0.0,"enemies":"2 Louse","floor":4.0,"turns":3.0},{"damage":37.0,"enemies":"3 Sentries","floor":7.0,"turns":19.0},{"damage":14.0,"enemies":"Gremlin Gang","floor":8.0,"turns":5.0},{"damage":2.0,"enemies":"Blue Slaver","floor":11.0,"turns":4.0},{"damage":7.0,"enemies":"3 Sentries","floor":13.0,"turns":8.0},{"damage":11.0,"enemies":"Hexaghost","floor":16.0,"turns":9.0},{"damage":0.0,"enemies":"Chosen","floor":18.0,"turns":4.0},{"damage":0.0,"enemies":"3 Byrds","floor":22.0,"turns":2.0},{"damage":0.0,"enemies":"Snecko","floor":24.0,"turns":4.0},{"damage":0.0,"enemies":"Snake Plant","floor":25.0,"turns":4.0},{"damage":0.0,"enemies":"3 Cultists","floor":29.0,"turns":2.0},{"damage":17.0,"enemies":"Shelled Parasite and Fungi","floor":31.0,"turns":4.0},{"damage":28.0,"enemies":"Champ","floor":33.0,"turns":11.0},{"damage":11.0,"enemies":"3 Darklings","floor":35.0,"turns":4.0},{"damage":0.0,"enemies":"3 Shapes","floor":37.0,"turns":4.0},{"damage":2,"enemies":"Transient","floor":39,"turns":5},{"damage":0,"enemies":"4 Shapes","floor":41,"turns":3},{"damage":0,"enemies":"3 Darklings","floor":45,"turns":2},{"damage":5,"enemies":"Maw","floor":48,"turns":8},{"damage":37,"enemies":"Donu and Deca","floor":50,"turns":7}],"seed_played":"1734555000630418216","potions_obtained":[{"floor":1.0,"key":"FearPotion"},{"floor":7.0,"key":"PowerPotion"},{"floor":11.0,"key":"EssenceOfSteel"},{"floor":13.0,"key":"SkillPotion"},{"floor":16.0,"key":"LiquidBronze"},{"floor":18.0,"key":"SteroidPotion"},{"floor":22.0,"key":"Ancient Potion"},{"floor":31.0,"key":"GhostInAJar"},{"floor":37.0,"key":"SkillPotion"},{"floor":45,"key":"Swift Potion"}],"is_trial":false,"path_per_floor":["M","?","M","M","?","R","E","M","T","R","M","R","?","$","R","B",null,"M","?","?","?","M","R","M","M","T","$","R","M","?","M","R","B",null,"M","?","M","$","M","R","M","?","T","R","M","R","?","M","R","B",null],"character_chosen":"THE_SILENT","items_purchased":["Paper Crane","Footwork","Backstab","Flying Knee","MealTicket"],"campfire_rested":5,"item_purchase_floors":[14,14,14,14,27],"current_hp_per_floor":[60,53,53,53,38,56,19,5,5,23,21,39,32,32,50,39,57,57,57,57,57,57,57,57,57,57,57,57,57,57,40,58,30,55,44,44,44,59,57,57,57,57,57,57,57,57,57,52,52,26],"gold":421,"neow_bonus":"REMOVE_TWO","is_prod":false,"is_daily":false,"chose_seed":false,"campfire_upgraded":6,"win_rate":0,"timestamp":1561481299,"path_taken":["M","?","M","M","?","R","E","M","T","R","M","R","?","$","R","BOSS","M","?","?","?","M","R","M","M","T","$","R","M","?","M","R","BOSS","M","?","M","$","M","R","M","?","T","R","M","R","?","M","R","BOSS"],"build_version":"2019-01-23","purchased_purges":0,"victory":true,"max_hp_per_floor":[63,63,63,63,63,63,63,63,63,63,63,63,63,63,63,63,63,63,63,63,63,63,63,63,63,63,63,63,63,63,63,63,63,63,63,63,63,63,63,63,63,63,63,63,63,63,63,63,63,63],"card_choices":[{"not_picked":["Distraction","Quick Slash","Deadly Poison"],"picked":"SKIP","floor":1.0},{"not_picked":["Outmaneuver","Deflect"],"picked":"Escape Plan","floor":3.0},{"not_picked":["Prepared","PiercingWail"],"picked":"Crippling Poison","floor":3.0},{"not_picked":["Riddle With Holes","Acrobatics","Slice"],"picked":"SKIP","floor":4.0},{"not_picked":["Poisoned Stab","Accuracy","Eviscerate"],"picked":"SKIP","floor":4.0},{"not_picked":["Terror","Underhanded Strike","Eviscerate"],"picked":"SKIP","floor":7.0},{"not_picked":["Acrobatics","Quick Slash"],"picked":"Bouncing Flask","floor":8.0},{"not_picked":["Expertise","PiercingWail","Prepared"],"picked":"SKIP","floor":8.0},{"not_picked":["Bane","Leg Sweep"],"picked":"Backflip","floor":11.0},{"not_picked":["Bane","PiercingWail","Prepared"],"picked":"SKIP","floor":11.0},{"not_picked":["Glass Knife","Deflect"],"picked":"Backstab","floor":13.0},{"not_picked":["Venomology","Wraith Form v2"],"picked":"Corpse Explosion","floor":16.0},{"not_picked":["Flying Knee","Bane"],"picked":"Backflip+1","floor":18.0},{"not_picked":["Eviscerate","Bane"],"picked":"Backstab","floor":18.0},{"not_picked":["Dagger Throw","Endless Agony"],"picked":"Bouncing Flask","floor":22.0},{"not_picked":["Distraction+1","Malaise","Blade Dance"],"picked":"SKIP","floor":22.0},{"not_picked":["Concentrate","Riddle With Holes","Crippling Poison"],"picked":"SKIP","floor":24.0},{"not_picked":["Crippling Poison","Accuracy","Poisoned Stab"],"picked":"SKIP","floor":24.0},{"not_picked":["Terror","Outmaneuver","Blur"],"picked":"SKIP","floor":25.0},{"not_picked":["Crippling Poison","Flechettes","Deflect"],"picked":"SKIP","floor":25.0},{"not_picked":["Dagger Throw","Infinite Blades"],"picked":"Deadly Poison+1","floor":29.0},{"not_picked":["Setup","Predator","Tactician"],"picked":"SKIP","floor":29.0},{"not_picked":["Flying Knee+1","Underhanded Strike+1"],"picked":"Bane+1","floor":31.0},{"not_picked":["Skewer+1","Blade Dance+1","Sucker Punch"],"picked":"SKIP","floor":31.0},{"not_picked":["Glass Knife","Malaise"],"picked":"After Image","floor":33.0},{"not_picked":["Quick Slash+1","Eviscerate","PiercingWail+1"],"picked":"SKIP","floor":35.0},{"not_picked":["Terror","Crippling Poison+1","Escape Plan"],"picked":"SKIP","floor":35.0},{"not_picked":["Prepared","Riddle With Holes+1"],"picked":"Finisher+1","floor":37.0},{"not_picked":["Flying Knee","Dash","Concentrate"],"picked":"SKIP","floor":37.0},{"not_picked":["Phantasmal Killer","Dagger Throw","Backflip+1"],"picked":"SKIP","floor":39},{"not_picked":["Finisher","Deflect","Prepared"],"picked":"SKIP","floor":39},{"not_picked":["Underhanded Strike+1","Finisher+1"],"picked":"Backstab","floor":41},{"not_picked":["Bane+1","Sucker Punch","Setup+1"],"picked":"SKIP","floor":41},{"not_picked":["Flechettes","Outmaneuver+1","Accuracy+1"],"picked":"SKIP","floor":45},{"not_picked":["Deflect","Blade Dance+1","Dagger Throw"],"picked":"SKIP","floor":45},{"not_picked":["Poisoned Stab+1","Underhanded Strike"],"picked":"Escape Plan","floor":48},{"not_picked":["Sucker Punch+1","Phantasmal Killer","Outmaneuver"],"picked":"SKIP","floor":48}],"player_experience":418021,"relics_obtained":[{"floor":7.0,"key":"Juzu Bracelet"},{"floor":9.0,"key":"The Courier"},{"floor":13.0,"key":"Sundial"},{"floor":26.0,"key":"Anchor"},{"floor":43,"key":"Pantograph"}],"event_choices":[{"damage_healed":0.0,"max_hp_gain":0.0,"max_hp_loss":0.0,"gold_gain":0.0,"event_name":"Scrap Ooze","player_choice":"Success","floor":2.0,"gold_loss":0.0,"damage_taken":7.0,"relics_obtained":["Prayer Wheel"]},{"damage_healed":0.0,"max_hp_gain":0.0,"max_hp_loss":0.0,"gold_gain":0.0,"event_name":"Golden Idol","player_choice":"Take Damage","floor":5.0,"gold_loss":0.0,"damage_taken":15.0,"relics_obtained":["Golden Idol"]},{"damage_healed":0.0,"max_hp_gain":0.0,"max_hp_loss":0.0,"gold_gain":0.0,"event_name":"Dead Adventurer","player_choice":"Searched \u00271\u0027 times","floor":13.0,"gold_loss":0.0,"damage_taken":0.0},{"damage_healed":0.0,"max_hp_gain":0.0,"max_hp_loss":0.0,"gold_gain":0.0,"event_name":"The Library","player_choice":"Read","floor":19.0,"gold_loss":0.0,"damage_taken":0.0,"cards_obtained":["Blur"]},{"cards_removed":["Defend_G"],"damage_healed":0.0,"max_hp_gain":0.0,"max_hp_loss":0.0,"gold_gain":0.0,"event_name":"Purifier","player_choice":"Purged","floor":20.0,"gold_loss":0.0,"damage_taken":0.0},{"damage_healed":0.0,"max_hp_gain":0.0,"max_hp_loss":0.0,"gold_gain":0.0,"event_name":"Back to Basics","player_choice":"Simplicity","floor":21.0,"gold_loss":0.0,"damage_taken":0.0,"cards_upgraded":["Defend_G","Defend_G","Defend_G","Strike_G","Strike_G","Strike_G","Strike_G"]},{"damage_healed":0.0,"max_hp_gain":0.0,"max_hp_loss":0.0,"gold_gain":0.0,"event_name":"Duplicator","player_choice":"Copied","floor":30.0,"gold_loss":0.0,"damage_taken":0.0,"cards_obtained":["Footwork"]},{"damage_healed":0.0,"max_hp_gain":0.0,"max_hp_loss":0.0,"gold_gain":0.0,"event_name":"Tomb of Lord Red Mask","player_choice":"Paid","floor":36.0,"gold_loss":295.0,"damage_taken":0.0,"relics_obtained":["Red Mask"]},{"damage_healed":0,"gold_gain":0,"player_choice":"1 cards matched","damage_taken":0,"max_hp_gain":0,"max_hp_loss":0,"event_name":"Match and Keep!","floor":42,"gold_loss":0,"cards_obtained":["Flash of Steel"]},{"damage_healed":0,"gold_gain":333,"player_choice":"Gave Idol","damage_taken":0,"max_hp_gain":0,"max_hp_loss":0,"event_name":"The Moai Head","floor":47,"relics_lost":["Golden Idol"],"gold_loss":0}],"is_beta":false,"boss_relics":[{"not_picked":["Busted Crown","Runic Dome"],"picked":"Philosopher\u0027s Stone"},{"not_picked":["Eternal Feather","White Beast Statue"],"picked":"WristBlade"}],"items_purged_floors":[],"is_endless":false,"potions_floor_spawned":[1,7,11,13,16,18,22,29,31,37,45],"ascension_level":8}