{"gold_per_floor":[144,69,69,114,114,204,249,294,294,294,339,384,484,529,529,829,829,874,874,899,944,270,270,80,125,125,46,91,91,136,181,181,481,481,526,571,446,491,113,203,0,0,0],"floor_reached":44,"playtime":2762,"items_purged":["Strike_R","Defend_R","Apotheosis"],"score":742,"play_id":"6b4221d7-1d49-4478-9301-3db5869ce4bc","local_time":"20180624145858","daily_mods":["Heirloom","Midas","Vintage"],"is_ascension_mode":false,"campfire_choices":[{"floor":10,"key":"REST"},{"floor":15,"key":"REST"},{"floor":23,"key":"REST"},{"floor":32,"key":"REST"}],"neow_cost":"","seed_source_timestamp":61424809529124,"circlet_count":0,"master_deck":["Defend_R+1","Defend_R+1","Defend_R+1","Seeing Red","Juggernaut","Bite+1","Bite+1","Bite+1","Bite+1","Bite+1","Anger+1","Carnage+1","Feed+1","Metallicize"],"special_seed":17706,"relics":["Black Blood","Red Skull","Pear","Whetstone","Thread and Needle","Orichalcum","War Paint","Pen Nib","Mummified Hand","Molten Egg 2","Lantern","Bag of Preparation","White Beast Statue","Paper Frog","Bag of Marbles","Oddly Smooth Stone","Self Forming Clay","Magic Flower","Ginger","Ornamental Fan","Singing Bowl","Happy Flower","Charon\u0027s Ashes","Meat on the Bone","Ancient Tea Set","Dream Catcher","Turnip","Unceasing Top","Blue Candle","Red Mask"],"potions_floor_usage":[6,11,14,16,28,30,31,33,33,35,36,40,40,40,43],"damage_taken":[{"damage":3,"enemies":"Small Slimes","floor":1,"turns":3},{"damage":1,"enemies":"2 Louse","floor":4,"turns":3},{"damage":26,"enemies":"Lagavulin","floor":6,"turns":9},{"damage":0,"enemies":"Cultist","floor":7,"turns":2},{"damage":0,"enemies":"Blue Slaver","floor":8,"turns":4},{"damage":0,"enemies":"2 Fungi Beasts","floor":11,"turns":4},{"damage":0,"enemies":"Red Slaver","floor":12,"turns":2},{"damage":0,"enemies":"Large Slime","floor":14,"turns":4},{"damage":72,"enemies":"Slime Boss","floor":16,"turns":25},{"damage":0,"enemies":"2 Thieves","floor":18,"turns":3},{"damage":0,"enemies":"3 Byrds","floor":21,"turns":6},{"damage":6,"enemies":"Cultist and Chosen","floor":25,"turns":5},{"damage":0,"enemies":"3 Cultists","floor":28,"turns":4},{"damage":0,"enemies":"Chosen and Byrds","floor":30,"turns":4},{"damage":10,"enemies":"Centurion and Healer","floor":31,"turns":6},{"damage":54,"enemies":"Champ","floor":33,"turns":8},{"damage":0,"enemies":"Orb Walker","floor":35,"turns":1},{"damage":8,"enemies":"3 Darklings","floor":36,"turns":7},{"damage":5,"enemies":"Sphere and 2 Shapes","floor":38,"turns":4},{"damage":71,"enemies":"Nemesis","floor":40,"turns":7},{"damage":103,"enemies":"Time Eater","floor":43,"turns":11}],"seed_played":"1648767843045410124","potions_obtained":[{"floor":1,"key":"Ancient Potion"},{"floor":6,"key":"SteroidPotion"},{"floor":8,"key":"SkillPotion"},{"floor":11,"key":"FearPotion"},{"floor":18,"key":"GamblersBrew"},{"floor":21,"key":"LiquidBronze"},{"floor":25,"key":"Ancient Potion"},{"floor":28,"key":"Energy Potion"},{"floor":30,"key":"Poison Potion"},{"floor":31,"key":"AttackPotion"},{"floor":33,"key":"Swift Potion"},{"floor":35,"key":"Poison Potion"},{"floor":36,"key":"Fire Potion"},{"floor":38,"key":"Explosive Potion"},{"floor":40,"key":"Poison Potion"}],"is_trial":false,"path_per_floor":["M","$","?","M","?","E","M","M","T","R","M","M","?","M","R","B",null,"M","?","T","M","$","R","$","M","T","$","M","?","M","M","R","B",null,"M","M","$","M","$","E","?","?","B"],"character_chosen":"IRONCLAD","items_purchased":["Self Forming Clay","Anger+1","Magic Flower","Apotheosis","Carnage+1","Metallicize","Unceasing Top"],"campfire_rested":4,"item_purchase_floors":[22,22,22,24,27,39,39],"current_hp_per_floor":[90,90,72,77,65,45,51,57,57,84,90,90,90,90,90,24,90,90,90,90,90,90,90,90,90,90,90,90,90,90,90,90,68,90,90,90,90,94,94,70,70,70,74],"gold":0,"neow_bonus":"","is_prod":false,"is_daily":true,"chose_seed":false,"campfire_upgraded":0,"win_rate":0,"timestamp":1529823538,"path_taken":["M","$","?","?","?","E","M","M","T","R","?","M","?","M","R","BOSS","M","?","?","M","$","R","$","M","T","$","M","?","M","M","R","BOSS","M","M","$","M","$","E","?","?","BOSS"],"build_version":"2018-06-21v2","purchased_purges":3,"victory":true,"max_hp_per_floor":[90,90,90,90,90,90,90,90,90,90,90,90,90,90,90,90,90,90,90,90,90,90,90,90,90,90,90,90,90,90,90,90,90,90,90,90,90,94,94,96,96,96,96],"card_choices":[{"not_picked":["Entrench","Inflame"],"picked":"Seeing Red","floor":6},{"not_picked":["Limit Break","Dark Embrace"],"picked":"Juggernaut","floor":16},{"not_picked":["Berserk","Immolate+1"],"picked":"Feed+1","floor":33},{"not_picked":["Flame Barrier","Sentinel","Warcry"],"picked":"Singing Bowl","floor":40}],"player_experience":570268,"relics_obtained":[{"floor":1,"key":"Pear"},{"floor":4,"key":"Whetstone"},{"floor":6,"key":"Orichalcum"},{"floor":7,"key":"War Paint"},{"floor":8,"key":"Pen Nib"},{"floor":9,"key":"Mummified Hand"},{"floor":11,"key":"Molten Egg 2"},{"floor":12,"key":"Lantern"},{"floor":14,"key":"Bag of Preparation"},{"floor":16,"key":"Blood Vial"},{"floor":18,"key":"Paper Frog"},{"floor":20,"key":"Bag of Marbles"},{"floor":21,"key":"Oddly Smooth Stone"},{"floor":25,"key":"Ginger"},{"floor":26,"key":"Ornamental Fan"},{"floor":28,"key":"Singing Bowl"},{"floor":30,"key":"Happy Flower"},{"floor":31,"key":"Charon\u0027s Ashes"},{"floor":33,"key":"Meat on the Bone"},{"floor":35,"key":"Ancient Tea Set"},{"floor":36,"key":"Dream Catcher"},{"floor":38,"key":"Turnip"},{"floor":40,"key":"Blue Candle"}],"event_choices":[{"event_name":"Shining Light","player_choice":"Entered Light","floor":3,"damage_taken":0},{"event_name":"Scrap Ooze","player_choice":"success","floor":5,"damage_taken":12},{"event_name":"Golden Shrine","player_choice":"Pray","floor":13,"damage_taken":0},{"event_name":"Vampires","player_choice":"Became a vampire (Vial)","floor":19,"damage_taken":0},{"event_name":"Purifier","player_choice":"One Purge","floor":29,"damage_taken":0},{"event_name":"Tomb of Lord Red Mask","player_choice":"Paid","floor":41,"damage_taken":0},{"event_name":"SecretPortal","player_choice":"Took Portal.","floor":42,"damage_taken":0}],"boss_relics":[{"not_picked":["Runic Cube","Astrolabe"],"picked":"White Beast Statue"},{"not_picked":["Sozu","Orrery"],"picked":"Black Blood"}],"items_purged_floors":[2,22,37],"is_endless":false,"potions_floor_spawned":[1,6,8,11,18,21,25,28,30,31,33,35,36,38,40],"ascension_level":0}