{"gold_per_floor":[119,68,68,243,261,293,306,306,306,306,320,320,320,335,335,456,456,475,475,252,272,272,272,272,272,272,297,297,311,311,91,91,91],"floor_reached":33,"playtime":1322,"items_purged":["Doubt","Writhe"],"score":400,"play_id":"1658b7a2-f66e-4aec-b7f4-4105c654cd6d","local_time":"20190608232332","is_ascension_mode":true,"campfire_choices":[{"data":"After Image","floor":8,"key":"SMITH"},{"data":"Flying Knee","floor":12,"key":"SMITH"},{"floor":15,"key":"REST"},{"floor":23,"key":"REST"},{"floor":25,"key":"REST"},{"floor":32,"key":"REST"}],"neow_cost":"NONE","seed_source_timestamp":26352621317541,"circlet_count":0,"master_deck":["Defend_G","Defend_G","Defend_G","Defend_G","Defend_G","Survivor+1","Neutralize","Flying Knee+1","Prepared+1","Flying Knee+1","After Image+1","Leg Sweep+1","Bouncing Flask+1","A Thousand Cuts","Backflip+1","Infinite Blades","Dodge and Roll+1","Outmaneuver+1","Cloak And Dagger+1","Dagger Spray+1","Bite","Bite","Bite","Bite","Bite","Deadly Poison+1","Caltrops+1"],"relics":["Ring of the Snake","NeowsBlessing","Darkstone Periapt","Toxic Egg 2","Golden Idol","WristBlade","PreservedInsect","Frozen Egg 2"],"potions_floor_usage":[16,16,21,33],"damage_taken":[{"damage":0,"enemies":"Jaw Worm","floor":1,"turns":1},{"damage":0,"enemies":"2 Louse","floor":5,"turns":1},{"damage":0,"enemies":"Gremlin Nob","floor":6,"turns":1},{"damage":3,"enemies":"Small Slimes","floor":7,"turns":5},{"damage":4,"enemies":"Blue Slaver","floor":11,"turns":4},{"damage":1,"enemies":"3 Louse","floor":14,"turns":5},{"damage":43,"enemies":"Hexaghost","floor":16,"turns":11},{"damage":28,"enemies":"Spheric Guardian","floor":18,"turns":6},{"damage":13,"enemies":"3 Byrds","floor":21,"turns":7},{"damage":21,"enemies":"Cultist and Chosen","floor":27,"turns":8},{"damage":36,"enemies":"Centurion and Healer","floor":29,"turns":7},{"damage":52,"enemies":"Champ","floor":33,"turns":11}],"seed_played":"8658395443969286040","potions_obtained":[{"floor":6,"key":"Energy Potion"},{"floor":11,"key":"Swift Potion"},{"floor":16,"key":"Explosive Potion"},{"floor":18,"key":"Ancient Potion"},{"floor":29,"key":"Block Potion"}],"is_trial":false,"path_per_floor":["M","$","?","?","M","E","M","R","T","?","M","R","?","M","R","B",null,"M","?","$","M","?","R","$","R","T","M","?","M","?","$","R","B"],"character_chosen":"THE_SILENT","items_purchased":["Prepared","Infinite Blades","Dodge and Roll+1","Outmaneuver+1","Deadly Poison+1","Caltrops+1"],"campfire_rested":4,"item_purchase_floors":[2,20,20,20,31,31],"current_hp_per_floor":[63,63,63,63,63,63,60,60,60,60,56,56,43,42,61,18,53,25,31,31,18,18,39,39,60,60,39,39,3,3,3,17,0],"gold":91,"neow_bonus":"THREE_ENEMY_KILL","is_prod":false,"is_daily":false,"chose_seed":false,"campfire_upgraded":2,"win_rate":0,"timestamp":1560050612,"path_taken":["M","$","?","?","M","E","M","R","T","?","M","R","?","M","R","BOSS","M","?","$","M","?","R","$","R","T","M","?","?","?","?","R","BOSS"],"build_version":"2019-01-23","purchased_purges":2,"victory":false,"max_hp_per_floor":[70,70,70,70,70,70,70,70,70,65,65,65,65,65,65,65,65,65,71,71,71,71,71,71,71,71,71,71,71,49,49,49,49],"card_choices":[{"not_picked":["Poisoned Stab","Prepared"],"picked":"Flying Knee","floor":1},{"not_picked":["Dagger Spray","Dodge and Roll"],"picked":"Flying Knee","floor":5},{"not_picked":["Cloak And Dagger","Slice"],"picked":"After Image","floor":6},{"not_picked":["Quick Slash","Skewer","Endless Agony"],"picked":"SKIP","floor":7},{"not_picked":["All Out Attack","Endless Agony"],"picked":"Leg Sweep+1","floor":11},{"not_picked":["Bane","Deadly Poison+1"],"picked":"Bouncing Flask+1","floor":14},{"not_picked":["Night Terror+1","Wraith Form v2"],"picked":"A Thousand Cuts","floor":16},{"not_picked":["Underhanded Strike+1","Reflex+1"],"picked":"Backflip+1","floor":18},{"not_picked":["Concentrate+1","PiercingWail+1"],"picked":"Cloak And Dagger+1","floor":21},{"not_picked":["Deflect+1","Backflip+1"],"picked":"Dagger Spray+1","floor":27},{"not_picked":["Predator","Acrobatics+1","Leg Sweep+1"],"picked":"SKIP","floor":29}],"player_experience":344124,"relics_obtained":[{"floor":6,"key":"Darkstone Periapt"},{"floor":9,"key":"Toxic Egg 2"},{"floor":26,"key":"Frozen Egg 2"}],"event_choices":[{"damage_healed":0,"gold_gain":0,"player_choice":"Grow","damage_taken":0,"max_hp_gain":0,"max_hp_loss":0,"event_name":"Living Wall","floor":3,"gold_loss":0,"cards_upgraded":["Flying Knee"]},{"damage_healed":0,"gold_gain":175,"player_choice":"AGREE","damage_taken":0,"max_hp_gain":0,"max_hp_loss":0,"event_name":"Liars Game","floor":4,"gold_loss":0,"cards_obtained":["Doubt"]},{"damage_healed":0,"gold_gain":0,"player_choice":"Lose Max HP","damage_taken":0,"relics_obtained":["Golden Idol"],"max_hp_gain":0,"max_hp_loss":5,"event_name":"Golden Idol","floor":10,"gold_loss":0},{"damage_healed":0,"gold_gain":0,"player_choice":"Entered Light","damage_taken":13,"max_hp_gain":0,"max_hp_loss":0,"event_name":"Shining Light","floor":13,"gold_loss":0,"cards_upgraded":["Survivor","Prepared"]},{"damage_healed":0,"gold_gain":0,"player_choice":"Opened","damage_taken":0,"relics_obtained":["PreservedInsect"],"max_hp_gain":0,"max_hp_loss":0,"event_name":"The Mausoleum","floor":19,"gold_loss":0,"cards_obtained":["Writhe"]},{"damage_healed":0,"gold_gain":0,"player_choice":"Ignored","damage_taken":0,"max_hp_gain":0,"max_hp_loss":0,"event_name":"Ghosts","floor":22,"gold_loss":0},{"cards_removed":["Strike_G"],"damage_healed":0,"gold_gain":0,"player_choice":"Offered Basic","damage_taken":0,"max_hp_gain":0,"max_hp_loss":0,"event_name":"Bonfire Elementals","floor":28,"gold_loss":0},{"damage_healed":0,"gold_gain":0,"player_choice":"Became a vampire","damage_taken":0,"max_hp_gain":0,"max_hp_loss":22,"event_name":"Vampires","floor":30,"gold_loss":0,"cards_obtained":["Bite","Bite","Bite","Bite","Bite"]}],"is_beta":false,"boss_relics":[{"not_picked":["Eternal Feather","Snecko Eye"],"picked":"WristBlade"}],"items_purged_floors":[20,31],"is_endless":false,"potions_floor_spawned":[6,11,16,18,29],"killed_by":"Champ","ascension_level":8}