{"gold_per_floor":[212,387,387,147,161,161,199,199,199,213,213,228,228,242,242,367,367,383,383,403,403,403,436,452,483,483,75,95,113,128,53,53,157,157,170,170,187,197,197,226,275,308,308,308,308,408,132,149,149,149,149,149,13,48,48],"floor_reached":55,"playtime":2820,"items_purged":["Doubt"],"score":795,"play_id":"90dd54ae-9c3b-4949-b794-90a3c848c509","local_time":"20190712223156","is_ascension_mode":false,"campfire_choices":[{"data":"Perfected Strike","floor":6.0,"key":"SMITH"},{"data":"1","floor":11.0,"key":"LIFT"},{"data":"2","floor":13.0,"key":"LIFT"},{"data":"3","floor":15.0,"key":"LIFT"},{"floor":32.0,"key":"RECALL"},{"floor":45.0,"key":"REST"},{"floor":49.0,"key":"REST"},{"floor":52.0,"key":"DIG"}],"neow_cost":"NONE","seed_source_timestamp":2500951664297601,"circlet_count":0,"master_deck":["Strike_R","Strike_R","Strike_R","Strike_R","Defend_R","Defend_R","Defend_R","Bash","Perfected Strike+1","Swift Strike","Shockwave","Seeing Red","Warcry+1","Twin Strike","Shrug It Off+1","Armaments+1","Flex+1","Disarm+1","Bludgeon","Flame Barrier+1","Whirlwind+1","Shockwave+1","Flex+1","Limit Break+1"],"special_seed":0,"relics":["Burning Blood","Bloody Idol","Girya","Toxic Egg 2","Runic Dome","Nilry\u0027s Codex","Singing Bowl","Red Mask","Darkstone Periapt","ClockworkSouvenir","Oddly Smooth Stone","Philosopher\u0027s Stone","Paper Frog","Nunchaku","Pear","FossilizedHelix","Shovel","Shuriken","Kunai","Mercury Hourglass"],"potions_floor_usage":[55,55],"damage_taken":[{"damage":6.0,"enemies":"Jaw Worm","floor":1.0,"turns":4.0},{"damage":3.0,"enemies":"2 Louse","floor":5.0,"turns":2.0},{"damage":31.0,"enemies":"3 Sentries","floor":7.0,"turns":6.0},{"damage":0.0,"enemies":"Small Slimes","floor":10.0,"turns":3.0},{"damage":4.0,"enemies":"Blue Slaver","floor":12.0,"turns":2.0},{"damage":3.0,"enemies":"Large Slime","floor":14.0,"turns":3.0},{"damage":42.0,"enemies":"The Guardian","floor":16.0,"turns":9.0},{"damage":5.0,"enemies":"Shell Parasite","floor":18.0,"turns":2.0},{"damage":9.0,"enemies":"2 Thieves","floor":20.0,"turns":3.0},{"damage":24.0,"enemies":"Book of Stabbing","floor":23.0,"turns":4.0},{"damage":11.0,"enemies":"Shelled Parasite and Fungi","floor":24.0,"turns":3.0},{"damage":9.0,"enemies":"Masked Bandits","floor":25.0,"turns":3.0},{"damage":15.0,"enemies":"Snake Plant","floor":28.0,"turns":3.0},{"damage":4.0,"enemies":"Chosen and Byrds","floor":29.0,"turns":5.0},{"damage":0.0,"enemies":"Cultist and Chosen","floor":30.0,"turns":3.0},{"damage":54.0,"enemies":"Champ","floor":33.0,"turns":9.0},{"damage":14.0,"enemies":"3 Darklings","floor":35.0,"turns":4.0},{"damage":6.0,"enemies":"Orb Walker","floor":37.0,"turns":3.0},{"damage":2.0,"enemies":"Writhing Mass","floor":38.0,"turns":5.0},{"damage":29.0,"enemies":"Nemesis","floor":40.0,"turns":5.0},{"damage":41.0,"enemies":"2 Orb Walkers","floor":41.0,"turns":5.0},{"damage":41.0,"enemies":"Reptomancer","floor":42.0,"turns":5.0},{"damage":0.0,"enemies":"Mind Bloom Boss Battle","floor":46.0,"turns":5.0},{"damage":0.0,"enemies":"Spire Growth","floor":48.0,"turns":2.0},{"damage":78.0,"enemies":"Donu and Deca","floor":50.0,"turns":7.0},{"damage":6.0,"enemies":"Shield and Spear","floor":54.0,"turns":3.0},{"damage":116,"enemies":"The Heart","floor":55,"turns":6}],"seed_played":"8447538466974783024","potions_obtained":[{"floor":10.0,"key":"Poison Potion"},{"floor":12.0,"key":"FearPotion"},{"floor":14.0,"key":"SkillPotion"},{"floor":18.0,"key":"SkillPotion"},{"floor":25.0,"key":"SpeedPotion"},{"floor":28.0,"key":"SkillPotion"},{"floor":33.0,"key":"Ancient Potion"},{"floor":42.0,"key":"Energy Potion"},{"floor":48.0,"key":"SteroidPotion"}],"is_trial":false,"path_per_floor":["M","?","?","$","M","R","E","T","T","M","R","M","R","M","R","B",null,"M","?","M","?","?","E","M","?","T","$","M","M","M","?","R","B",null,"M","?","M","M","?","E","?","E","T","?","R","?","$","M","R","B",null,"R","$","E","B"],"character_chosen":"IRONCLAD","items_purchased":["Swift Strike","Shockwave","ClockworkSouvenir","Flex+1","Oddly Smooth Stone","Shuriken","Flex+1","Limit Break+1"],"campfire_rested":2,"item_purchase_floors":[4,4,27,27,27,47,47,53],"current_hp_per_floor":[80,80,60,60,63,63,38,38,38,44,44,46,46,49,49,13,80,80,80,80,64,64,53,55,57,57,57,53,62,75,75,75,32,88,85,77,84,92,94,76,46,28,28,28,59,72,72,85,110,38,110,110,110,112,0],"gold":48,"neow_bonus":"HUNDRED_GOLD","is_prod":false,"is_daily":false,"chose_seed":false,"campfire_upgraded":1,"win_rate":0,"timestamp":1562985116,"path_taken":["M","?","?","$","M","R","E","?","T","M","R","M","R","M","R","BOSS","M","?","M","?","?","E","M","?","T","$","M","M","?","?","R","BOSS","M","?","?","M","?","E","?","E","T","?","R","?","?","M","R","BOSS","R","$","E","BOSS"],"build_version":"2019-07-05","purchased_purges":1,"victory":false,"max_hp_per_floor":[80,80,80,80,80,80,80,80,80,80,80,80,80,80,80,80,80,80,80,80,80,80,82,84,84,84,84,84,86,88,88,88,88,88,88,88,90,92,94,94,94,106,106,106,106,108,108,110,110,110,110,110,110,112,112],"card_choices":[{"not_picked":["Havoc","Heavy Blade"],"picked":"Perfected Strike","floor":1.0},{"not_picked":["True Grit","Carnage","Flex"],"picked":"SKIP","floor":5.0},{"not_picked":["Shockwave","Ghostly Armor"],"picked":"Seeing Red","floor":7.0},{"not_picked":["Searing Blow","Clothesline"],"picked":"Warcry+1","floor":10.0},{"not_picked":["Heavy Blade","Dropkick"],"picked":"Twin Strike","floor":12.0},{"not_picked":["Barricade","Warcry+1","Sentinel+1"],"picked":"SKIP","floor":14.0},{"not_picked":["Havoc+1","Flame Barrier+1"],"picked":"Shrug It Off+1","floor":18.0},{"not_picked":["Clothesline+1","Anger+1","Warcry+1"],"picked":"SKIP","floor":20.0},{"not_picked":["Exhume+1","Dual Wield+1","Twin Strike"],"picked":"Singing Bowl","floor":23.0},{"not_picked":["Blood for Blood","Pummel+1","Flex+1"],"picked":"Singing Bowl","floor":24.0},{"not_picked":["Cleave","Warcry+1"],"picked":"Armaments+1","floor":25.0},{"not_picked":["Feel No Pain","Cleave"],"picked":"Disarm+1","floor":28.0},{"not_picked":["Flex+1","Headbutt","Cleave"],"picked":"Singing Bowl","floor":29.0},{"not_picked":["Thunderclap","Barricade","Dropkick"],"picked":"Singing Bowl","floor":30.0},{"not_picked":["Fiend Fire","Immolate"],"picked":"Bludgeon","floor":33.0},{"not_picked":["Shrug It Off+1","Clothesline+1"],"picked":"Flame Barrier+1","floor":35.0},{"not_picked":["Fire Breathing+1","Inflame","Iron Wave"],"picked":"Singing Bowl","floor":37.0},{"not_picked":["True Grit+1","Pummel","Cleave"],"picked":"Singing Bowl","floor":38.0},{"not_picked":["Trip+1","Flash of Steel","Madness+1"],"picked":"Singing Bowl","floor":39.0},{"not_picked":["Havoc+1","Clash"],"picked":"Whirlwind+1","floor":40.0},{"not_picked":["Sentinel+1","Pummel+1"],"picked":"Shockwave+1","floor":41.0},{"not_picked":["Blood for Blood+1","Sever Soul","Pummel+1"],"picked":"Singing Bowl","floor":42.0},{"not_picked":["Body Slam","Iron Wave+1","Dropkick+1"],"picked":"Singing Bowl","floor":46.0},{"not_picked":["Sever Soul+1","Wild Strike","Iron Wave"],"picked":"Singing Bowl","floor":48.0},{"not_picked":["Blood for Blood","Body Slam+1","Hemokinesis"],"picked":"Singing Bowl","floor":54.0}],"player_experience":437561,"relics_obtained":[{"floor":7.0,"key":"Girya"},{"floor":8.0,"key":"Toxic Egg 2"},{"floor":21.0,"key":"Nilry\u0027s Codex"},{"floor":23.0,"key":"Singing Bowl"},{"floor":25.0,"key":"Red Mask"},{"floor":26.0,"key":"Darkstone Periapt"},{"floor":40.0,"key":"Paper Frog"},{"floor":41.0,"key":"Nunchaku"},{"floor":42.0,"key":"Pear"},{"floor":43.0,"key":"FossilizedHelix"},{"floor":46.0,"key":"Shovel"},{"floor":52.0,"key":"Kunai"},{"floor":54.0,"key":"Mercury Hourglass"}],"event_choices":[{"damage_healed":0.0,"max_hp_gain":0.0,"max_hp_loss":0.0,"gold_gain":175.0,"event_name":"Liars Game","player_choice":"AGREE","floor":2.0,"gold_loss":0.0,"damage_taken":0.0,"cards_obtained":["Doubt"]},{"damage_healed":0.0,"max_hp_gain":0.0,"max_hp_loss":0.0,"gold_gain":0.0,"event_name":"Golden Idol","player_choice":"Take Damage","floor":3.0,"gold_loss":0.0,"damage_taken":20.0,"relics_obtained":["Golden Idol"]},{"damage_healed":0.0,"max_hp_gain":0.0,"max_hp_loss":0.0,"gold_gain":0.0,"event_name":"Forgotten Altar","player_choice":"Gave Idol","floor":19.0,"relics_lost":["Golden Idol"],"gold_loss":0.0,"damage_taken":0.0,"relics_obtained":["Bloody Idol"]},{"damage_healed":0.0,"max_hp_gain":0.0,"max_hp_loss":0.0,"gold_gain":0.0,"event_name":"Cursed Tome","player_choice":"Obtained Book","floor":21.0,"gold_loss":0.0,"damage_taken":16.0},{"damage_healed":0.0,"max_hp_gain":0.0,"max_hp_loss":0.0,"gold_gain":0.0,"event_name":"Vampires","player_choice":"Ignored","floor":22.0,"gold_loss":0.0,"damage_taken":0.0},{"damage_healed":0.0,"max_hp_gain":0.0,"max_hp_loss":0.0,"gold_gain":0.0,"event_name":"Masked Bandits","player_choice":"Fought Bandits","floor":25.0,"gold_loss":0.0,"damage_taken":0.0},{"cards_removed":["Defend_R"],"damage_healed":0.0,"max_hp_gain":0.0,"max_hp_loss":0.0,"gold_gain":0.0,"event_name":"Beggar","player_choice":"Gave Gold","floor":31.0,"gold_loss":75.0,"damage_taken":0.0},{"damage_healed":0.0,"max_hp_gain":0.0,"max_hp_loss":0.0,"gold_gain":0.0,"event_name":"Wheel of Change","player_choice":"Damaged","floor":36.0,"gold_loss":0.0,"damage_taken":8.0},{"damage_healed":0.0,"max_hp_gain":0.0,"max_hp_loss":0.0,"gold_gain":0.0,"event_name":"SensoryStone","player_choice":"Memory 1","floor":39.0,"gold_loss":0.0,"damage_taken":0.0},{"damage_healed":0.0,"max_hp_gain":0.0,"max_hp_loss":0.0,"gold_gain":0.0,"event_name":"Mysterious Sphere","player_choice":"Fight","floor":41.0,"gold_loss":0.0,"damage_taken":0.0},{"cards_removed":["Strike_R"],"damage_healed":0.0,"max_hp_gain":0.0,"max_hp_loss":0.0,"gold_gain":0.0,"event_name":"Falling","player_choice":"Removed Attack","floor":44.0,"gold_loss":0.0,"damage_taken":0.0},{"damage_healed":0.0,"max_hp_gain":0.0,"max_hp_loss":0.0,"gold_gain":0.0,"event_name":"MindBloom","player_choice":"Fight","floor":46.0,"gold_loss":0.0,"damage_taken":0.0}],"is_beta":false,"boss_relics":[{"not_picked":["Empty Cage","Coffee Dripper"],"picked":"Runic Dome"},{"not_picked":["Pandora\u0027s Box","Mark of Pain"],"picked":"Philosopher\u0027s Stone"}],"items_purged_floors":[4],"is_endless":false,"potions_floor_spawned":[10,12,14,16,18,25,28,30,33,38,42,46,48],"killed_by":"The Heart","ascension_level":0}