{"gold_per_floor":[17,17,17,35,59,59,59,84,84,108,123,45,45,64,64,189,189,208,224,55,75,93,93,93,57,57,72,72,93,93,107,107,233,233,252,273,129,0,0,0,19,33,80,80,80,115,115,130,130,130],"floor_reached":50,"playtime":7547,"items_purged":[],"score":518,"play_id":"86a0c5e0-59f5-40e1-a277-b70d57adacec","local_time":"20190624010653","is_ascension_mode":false,"campfire_choices":[{"data":"Flame Barrier","floor":6.0,"key":"SMITH"},{"data":"Armaments","floor":13.0,"key":"SMITH"},{"data":"Barricade","floor":15.0,"key":"SMITH"},{"data":"Chrysalis","floor":23.0,"key":"SMITH"},{"data":"Perfected Strike","floor":28.0,"key":"SMITH"},{"data":"Inflame","floor":30.0,"key":"SMITH"},{"floor":32.0,"key":"REST"},{"floor":40.0,"key":"REST"},{"data":"Bludgeon","floor":44.0,"key":"SMITH"},{"floor":47.0,"key":"REST"},{"floor":49.0,"key":"REST"}],"neow_cost":"NO_GOLD","seed_source_timestamp":863784113291511,"circlet_count":0,"master_deck":["Strike_R","Strike_R","Strike_R+1","Strike_R","Strike_R+1","Defend_R","Defend_R","Bash","Shrug It Off","Flame Barrier+1","Barricade+1","Armaments+1","Battle Trance","Double Tap","Disarm+1","Chrysalis+1","Perfected Strike+1","Perfected Strike+1","Inflame+1","Perfected Strike+1","Shockwave+1","Pummel+1","Bludgeon+1","Reckless Charge"],"special_seed":0,"relics":["Burning Blood","Thread and Needle","Golden Idol","GremlinMask","Incense Burner","Black Star","Gremlin Horn","Velvet Choker","Anchor","Red Mask","Centennial Puzzle","Magic Flower","Whetstone"],"potions_floor_usage":[50,50],"damage_taken":[{"damage":0.0,"enemies":"2 Louse","floor":1.0,"turns":3.0},{"damage":0.0,"enemies":"Cultist","floor":4.0,"turns":4.0},{"damage":0.0,"enemies":"Jaw Worm","floor":5.0,"turns":3.0},{"damage":15.0,"enemies":"Exordium Thugs","floor":8.0,"turns":6.0},{"damage":8.0,"enemies":"Blue Slaver","floor":10.0,"turns":5.0},{"damage":0.0,"enemies":"Large Slime","floor":11.0,"turns":15.0},{"damage":1.0,"enemies":"Lots of Slimes","floor":14.0,"turns":5.0},{"damage":0.0,"enemies":"The Guardian","floor":16.0,"turns":16.0},{"damage":32.0,"enemies":"Shell Parasite","floor":18.0,"turns":12.0},{"damage":0.0,"enemies":"Chosen","floor":19.0,"turns":8.0},{"damage":6.0,"enemies":"Centurion and Healer","floor":21.0,"turns":18.0},{"damage":4.0,"enemies":"Shelled Parasite and Fungi","floor":22.0,"turns":12.0},{"damage":1.0,"enemies":"Sentry and Sphere","floor":27.0,"turns":6.0},{"damage":11.0,"enemies":"Chosen and Byrds","floor":29.0,"turns":11.0},{"damage":17.0,"enemies":"Snecko","floor":31.0,"turns":5.0},{"damage":8.0,"enemies":"Champ","floor":33.0,"turns":21.0},{"damage":4.0,"enemies":"3 Shapes","floor":35.0,"turns":6.0},{"damage":24.0,"enemies":"3 Darklings","floor":36.0,"turns":8.0},{"damage":0.0,"enemies":"Maw","floor":41.0,"turns":8.0},{"damage":25.0,"enemies":"Transient","floor":42.0,"turns":5.0},{"damage":29.0,"enemies":"Nemesis","floor":46.0,"turns":5.0},{"damage":3.0,"enemies":"Jaw Worm Horde","floor":48.0,"turns":5.0},{"damage":80,"enemies":"Time Eater","floor":50,"turns":17}],"seed_played":"-5842142037561938484","potions_obtained":[{"floor":4.0,"key":"SkillPotion"},{"floor":5.0,"key":"SkillPotion"},{"floor":8.0,"key":"Poison Potion"},{"floor":11.0,"key":"Weak Potion"},{"floor":36.0,"key":"SpeedPotion"}],"is_trial":false,"path_per_floor":["M","?","?","M","M","R","?","M","T","M","M","$","R","M","R","B",null,"M","M","$","M","M","R","?","$","T","M","R","M","R","M","R","B",null,"M","M","$","?","$","R","M","M","T","R","?","E","R","M","R","B"],"character_chosen":"IRONCLAD","items_purchased":["Battle Trance","Chrysalis","Inflame","Anchor"],"campfire_rested":4,"item_purchase_floors":[12,20,25,37],"current_hp_per_floor":[80,60,60,66,72,72,72,63,63,61,67,67,67,72,72,78,80,54,60,60,60,62,62,62,62,62,67,67,62,62,51,75,73,80,80,62,62,62,62,80,80,61,61,61,61,38,62,68,80,0],"gold":130,"neow_bonus":"ONE_RARE_RELIC","is_prod":false,"is_daily":false,"chose_seed":false,"campfire_upgraded":7,"win_rate":0,"timestamp":1561352813,"path_taken":["M","?","?","M","?","R","?","M","T","?","M","$","R","M","R","BOSS","M","M","$","M","M","R","?","?","T","M","R","M","R","M","R","BOSS","M","M","$","?","?","R","M","M","T","R","?","E","R","M","R","BOSS"],"build_version":"2019-01-23","purchased_purges":0,"victory":false,"max_hp_per_floor":[80,80,80,80,80,80,80,80,80,80,80,80,80,80,80,80,80,80,80,80,80,80,80,80,80,80,80,80,80,80,80,80,80,80,80,80,80,80,80,80,80,80,80,80,80,80,80,80,80,80],"card_choices":[{"not_picked":["Clash","Headbutt"],"picked":"Shrug It Off","floor":1.0},{"not_picked":["Heavy Blade","Shrug It Off"],"picked":"Flame Barrier","floor":4.0},{"not_picked":["Twin Strike","Warcry","Clothesline"],"picked":"SKIP","floor":5.0},{"not_picked":["Bloodletting","Combust"],"picked":"Barricade","floor":8.0},{"not_picked":["Sword Boomerang","Clash","Havoc"],"picked":"SKIP","floor":10.0},{"not_picked":["Wild Strike","Havoc"],"picked":"Armaments","floor":11.0},{"not_picked":["Disarm","Cleave","Havoc"],"picked":"SKIP","floor":14.0},{"not_picked":["Exhume","Reaper"],"picked":"Double Tap","floor":16.0},{"not_picked":["Second Wind","Infernal Blade"],"picked":"Disarm+1","floor":18.0},{"not_picked":["Havoc","Thunderclap","Headbutt+1"],"picked":"SKIP","floor":19.0},{"not_picked":["Clash","Headbutt","Cleave+1"],"picked":"SKIP","floor":21.0},{"not_picked":["Flex","Exhume"],"picked":"Perfected Strike+1","floor":22.0},{"not_picked":["Thunderclap","Body Slam"],"picked":"Perfected Strike","floor":27.0},{"not_picked":["Twin Strike","Heavy Blade"],"picked":"Shockwave+1","floor":29.0},{"not_picked":["Entrench+1","Sever Soul"],"picked":"Pummel+1","floor":31.0},{"not_picked":["Feed","Immolate"],"picked":"Bludgeon","floor":33.0},{"not_picked":["Twin Strike+1","Anger","Armaments+1"],"picked":"SKIP","floor":35.0},{"not_picked":["Thunderclap+1","Bludgeon","Disarm+1"],"picked":"SKIP","floor":36.0},{"not_picked":["Twin Strike+1","Warcry+1","Heavy Blade+1"],"picked":"SKIP","floor":41.0},{"not_picked":["Bloodletting","Warcry+1","Clash"],"picked":"SKIP","floor":42.0},{"not_picked":["True Grit+1","Rupture","Havoc"],"picked":"SKIP","floor":46.0},{"not_picked":["Sever Soul","Headbutt"],"picked":"Reckless Charge","floor":48.0}],"player_experience":403793,"relics_obtained":[{"floor":9.0,"key":"Incense Burner"},{"floor":26.0,"key":"Gremlin Horn"},{"floor":43.0,"key":"Centennial Puzzle"},{"floor":46.0,"key":"Magic Flower"},{"floor":46.0,"key":"Whetstone"}],"event_choices":[{"damage_healed":0.0,"max_hp_gain":0.0,"max_hp_loss":0.0,"gold_gain":0.0,"event_name":"Golden Idol","player_choice":"Take Damage","floor":2.0,"gold_loss":0.0,"damage_taken":20.0,"relics_obtained":["Golden Idol"]},{"cards_removed":["Defend_R"],"damage_healed":0.0,"max_hp_gain":0.0,"max_hp_loss":0.0,"gold_gain":0.0,"event_name":"Bonfire Elementals","player_choice":"Offered Basic","floor":3.0,"gold_loss":0.0,"damage_taken":0.0},{"damage_healed":0.0,"max_hp_gain":0.0,"max_hp_loss":0.0,"gold_gain":0.0,"event_name":"FaceTrader","player_choice":"Trade","floor":7.0,"gold_loss":0.0,"damage_taken":0.0,"relics_obtained":["GremlinMask"]},{"damage_healed":0.0,"max_hp_gain":0.0,"max_hp_loss":0.0,"gold_gain":0.0,"event_name":"Duplicator","player_choice":"Copied","floor":24.0,"gold_loss":0.0,"damage_taken":0.0,"cards_obtained":["Perfected Strike"]},{"damage_healed":0.0,"max_hp_gain":0.0,"max_hp_loss":0.0,"gold_gain":0.0,"event_name":"Tomb of Lord Red Mask","player_choice":"Paid","floor":38.0,"gold_loss":129.0,"damage_taken":0.0,"relics_obtained":["Red Mask"]},{"cards_removed":["Defend_R"],"damage_healed":0.0,"max_hp_gain":0.0,"max_hp_loss":0.0,"gold_gain":0.0,"event_name":"Purifier","player_choice":"Purged","floor":45.0,"gold_loss":0.0,"damage_taken":0.0}],"is_beta":false,"boss_relics":[{"not_picked":["Ectoplasm","White Beast Statue"],"picked":"Black Star"},{"not_picked":["Runic Cube","Astrolabe"],"picked":"Velvet Choker"}],"items_purged_floors":[],"is_endless":false,"potions_floor_spawned":[4,5,8,11,27,29,33,36,42],"killed_by":"Time Eater","ascension_level":0}