{"gold_per_floor":[110,285,285,300,225,225,259,259,305,305,317,343,343,21,21,116,116,126,226,240,240],"floor_reached":21,"playtime":627,"items_purged":["Regret","Doubt"],"score":256,"play_id":"6a0989b3-43fc-4052-89bd-0910af56a23f","local_time":"20181110123104","is_ascension_mode":true,"campfire_choices":[{"data":"Twin Strike","floor":6,"key":"SMITH"},{"data":"Pommel Strike","floor":8,"key":"SMITH"},{"data":"Bash","floor":10,"key":"SMITH"},{"floor":15,"key":"REST"}],"neow_cost":"CURSE","seed_source_timestamp":2486945132288520,"circlet_count":0,"master_deck":["Strike_R","Strike_R","Strike_R","Strike_R","Strike_R","Defend_R","Defend_R","Defend_R","Defend_R","Bash+1","Rampage+1","Twin Strike+1","Pommel Strike+1","Pummel","Bludgeon","Seeing Red","Demon Form","Iron Wave+1"],"special_seed":0,"relics":["Black Blood","Letter Opener","Bronze Scales","Centennial Puzzle"],"potions_floor_usage":[12,16],"damage_taken":[{"damage":6,"enemies":"2 Louse","floor":1,"turns":4},{"damage":13,"enemies":"Cultist","floor":4,"turns":4},{"damage":44,"enemies":"Gremlin Nob","floor":7,"turns":6},{"damage":12,"enemies":"Jaw Worm","floor":11,"turns":2},{"damage":20,"enemies":"3 Sentries","floor":12,"turns":4},{"damage":53,"enemies":"Slime Boss","floor":16,"turns":13},{"damage":12,"enemies":"Chosen","floor":18,"turns":3},{"damage":33,"enemies":"Spheric Guardian","floor":20,"turns":4},{"damage":51,"enemies":"Centurion and Healer","floor":21,"turns":3}],"seed_played":"-1125105325087469488","potions_obtained":[{"floor":4,"key":"Explosive Potion"},{"floor":11,"key":"Weak Potion"},{"floor":13,"key":"EntropicBrew"},{"floor":13,"key":"AttackPotion"},{"floor":16,"key":"Dexterity Potion"},{"floor":18,"key":"SteroidPotion"}],"is_trial":false,"path_per_floor":["M","?","?","M","$","R","E","R","T","R","M","E","?","$","R","B",null,"M","?","M","M"],"character_chosen":"IRONCLAD","items_purchased":["Bludgeon","Seeing Red"],"campfire_rested":1,"item_purchase_floors":[14,14],"current_hp_per_floor":[96,96,96,89,89,89,51,51,51,51,45,31,31,31,59,12,75,73,73,50,0],"gold":240,"neow_bonus":"TWENTY_PERCENT_HP_BONUS","is_prod":false,"is_daily":false,"chose_seed":false,"campfire_upgraded":3,"win_rate":0,"timestamp":1541871064,"path_taken":["M","?","?","M","$","R","E","R","T","R","?","E","?","$","R","BOSS","M","?","M","?"],"build_version":"2018-11-08","purchased_purges":2,"victory":false,"max_hp_per_floor":[96,96,96,96,96,96,96,96,96,96,96,96,96,96,96,96,96,96,96,96,96],"card_choices":[{"not_picked":["Warcry","Heavy Blade"],"picked":"Rampage","floor":1},{"not_picked":["Wild Strike","Ghostly Armor"],"picked":"Twin Strike","floor":4},{"not_picked":["Sword Boomerang","Brutality"],"picked":"Pommel Strike","floor":7},{"not_picked":["Bloodletting","Sentinel","True Grit"],"picked":"SKIP","floor":11},{"not_picked":["Armaments","Body Slam"],"picked":"Pummel","floor":12},{"not_picked":["Limit Break","Brutality"],"picked":"Demon Form","floor":16},{"not_picked":["Thunderclap","Power Through","Entrench"],"picked":"SKIP","floor":18},{"not_picked":["Sever Soul","Headbutt"],"picked":"Iron Wave+1","floor":20}],"player_experience":205145,"relics_obtained":[{"floor":7,"key":"Letter Opener"},{"floor":9,"key":"Bronze Scales"},{"floor":12,"key":"Centennial Puzzle"}],"event_choices":[{"damage_healed":0,"gold_gain":175,"player_choice":"AGREE","damage_taken":0,"max_hp_gain":0,"max_hp_loss":0,"event_name":"Liars Game","floor":2,"gold_loss":0,"cards_obtained":["Doubt"]},{"damage_healed":0,"gold_gain":0,"player_choice":"Forge","damage_taken":0,"max_hp_gain":0,"max_hp_loss":0,"event_name":"Accursed Blacksmith","floor":3,"gold_loss":0,"cards_upgraded":["Rampage"]},{"damage_healed":0,"gold_gain":0,"player_choice":"Got Potions","damage_taken":0,"max_hp_gain":0,"max_hp_loss":0,"event_name":"Lab","floor":13,"gold_loss":0},{"damage_healed":0,"gold_gain":100,"player_choice":"Pray","damage_taken":0,"max_hp_gain":0,"max_hp_loss":0,"event_name":"Golden Shrine","floor":19,"gold_loss":0}],"is_beta":false,"boss_relics":[{"not_picked":["Philosopher\u0027s Stone","Coffee Dripper"],"picked":"Black Blood"}],"items_purged_floors":[5,14],"is_endless":false,"potions_floor_spawned":[4,11,16,18],"killed_by":"Centurion and Healer","ascension_level":5}