{"gold_per_floor":[361,326,336,349,4,4,31,47,103,127,127],"floor_reached":11,"playtime":408,"items_purged":[],"score":135,"play_id":"b92c8b60-b9bd-45f4-af11-22e4c08fee20","local_time":"20190906093157","is_ascension_mode":true,"campfire_choices":[{"data":"Footwork","floor":6,"key":"SMITH"}],"neow_cost":"PERCENT_DAMAGE","seed_source_timestamp":50469233147000,"circlet_count":0,"master_deck":["AscendersBane","Strike_G","Strike_G","Strike_G","Strike_G","Strike_G","Defend_G","Defend_G","Defend_G","Defend_G","Defend_G","Survivor","Neutralize","Sucker Punch","Footwork+1","Poisoned Stab","Backflip","Dash"],"relics":["Ring of the Snake","The Specimen","Dream Catcher","Tiny Chest","PreservedInsect"],"potions_floor_usage":[11,11],"damage_taken":[{"damage":7,"enemies":"Small Slimes","floor":1,"turns":6},{"damage":0,"enemies":"Jaw Worm","floor":3,"turns":5},{"damage":1,"enemies":"Cultist","floor":4,"turns":4},{"damage":44,"enemies":"Gremlin Nob","floor":7,"turns":6},{"damage":0,"enemies":"2 Fungi Beasts","floor":8,"turns":5},{"damage":10,"enemies":"Gremlin Gang","floor":11,"turns":2}],"seed_played":"-1052756708330098440","potions_obtained":[{"floor":4,"key":"Weak Potion"},{"floor":7,"key":"LiquidBronze"}],"is_trial":false,"path_per_floor":["M","?","M","M","$","R","E","M","T","T","M"],"character_chosen":"THE_SILENT","items_purchased":["The Specimen","Backflip"],"campfire_rested":0,"item_purchase_floors":[5,5],"current_hp_per_floor":[37,53,53,52,52,52,8,8,8,8,0],"gold":127,"neow_bonus":"TWO_FIFTY_GOLD","is_prod":false,"is_daily":false,"chose_seed":false,"campfire_upgraded":1,"win_rate":0,"timestamp":1567787517,"path_taken":["M","?","M","M","$","R","E","M","T","?","?"],"build_version":"2019-07-17","purchased_purges":0,"victory":false,"max_hp_per_floor":[66,66,66,66,66,66,66,66,66,66,66],"card_choices":[{"not_picked":["Catalyst","Prepared"],"picked":"Sucker Punch","floor":1},{"not_picked":["Dodge and Roll","Prepared"],"picked":"Footwork","floor":3},{"not_picked":["Quick Slash","Blade Dance"],"picked":"Poisoned Stab","floor":4},{"not_picked":["Blade Dance","Concentrate","Flying Knee"],"picked":"SKIP","floor":7},{"not_picked":["Flechettes","Sucker Punch"],"picked":"Dash","floor":8}],"player_experience":844043,"relics_obtained":[{"floor":7,"key":"Dream Catcher"},{"floor":9,"key":"Tiny Chest"},{"floor":10,"key":"PreservedInsect"}],"event_choices":[{"damage_healed":16,"gold_gain":0,"player_choice":"Healed","damage_taken":0,"max_hp_gain":0,"max_hp_loss":0,"event_name":"The Cleric","floor":2,"gold_loss":35}],"is_beta":false,"boss_relics":[],"items_purged_floors":[],"is_endless":false,"potions_floor_spawned":[4,7],"killed_by":"Gremlin Gang","ascension_level":17}