{"gold_per_floor":[115,115,115,131,145,145,163,181,208,242,242,242],"floor_reached":12,"playtime":348,"items_purged":[],"score":105,"play_id":"a77a154c-2aad-4071-994a-01d24be5e162","local_time":"20190728152849","is_ascension_mode":false,"campfire_choices":[{"data":"Carnage","floor":6.0,"key":"SMITH"}],"neow_cost":"CURSE","seed_source_timestamp":3860643793366073,"circlet_count":0,"master_deck":["Strike_R","Strike_R","Strike_R","Strike_R","Strike_R","Defend_R","Defend_R","Defend_R","Defend_R","Bash","Carnage+1","Spot Weakness","Pummel"],"special_seed":0,"relics":["Burning Blood","Bronze Scales","Bag of Preparation","Lantern"],"potions_floor_usage":[7,12,12],"damage_taken":[{"damage":22.0,"enemies":"Jaw Worm","floor":1.0,"turns":5.0},{"damage":2.0,"enemies":"2 Louse","floor":4.0,"turns":3.0},{"damage":2.0,"enemies":"Small Slimes","floor":5.0,"turns":3.0},{"damage":28,"enemies":"Gremlin Gang","floor":7,"turns":3},{"damage":8,"enemies":"Exordium Thugs","floor":8,"turns":4},{"damage":38,"enemies":"Gremlin Nob","floor":10,"turns":5},{"damage":31,"enemies":"Lagavulin","floor":12,"turns":3}],"seed_played":"7155982077343857665","potions_obtained":[{"floor":4.0,"key":"PowerPotion"},{"floor":5.0,"key":"Strength Potion"},{"floor":10,"key":"Fruit Juice"}],"is_trial":false,"path_per_floor":["M","?","?","M","M","R","M","M","T","E","?","E"],"character_chosen":"IRONCLAD","items_purchased":[],"campfire_rested":0,"item_purchase_floors":[],"current_hp_per_floor":[80,80,80,84,88,88,66,64,64,32,25,0],"gold":242,"neow_bonus":"TWENTY_PERCENT_HP_BONUS","is_prod":false,"is_daily":false,"chose_seed":false,"campfire_upgraded":1,"win_rate":0,"timestamp":1564342129,"path_taken":["M","?","?","M","M","R","M","M","T","E","?","E"],"build_version":"2019-07-17","purchased_purges":0,"victory":false,"max_hp_per_floor":[96,96,96,96,96,96,96,96,96,96,96,101],"card_choices":[{"not_picked":["Seeing Red","Flex"],"picked":"Carnage","floor":1.0},{"not_picked":["Flex","Cleave","Evolve"],"picked":"SKIP","floor":4.0},{"not_picked":["Sever Soul","Evolve"],"picked":"Spot Weakness","floor":5.0},{"not_picked":["Second Wind","Thunderclap","Cleave"],"picked":"SKIP","floor":7},{"not_picked":["Warcry","Thunderclap","Cleave"],"picked":"SKIP","floor":8},{"not_picked":["Dual Wield","Heavy Blade"],"picked":"Pummel","floor":10}],"player_experience":493724,"relics_obtained":[{"floor":9,"key":"Bag of Preparation"},{"floor":10,"key":"Lantern"}],"event_choices":[{"damage_healed":0.0,"max_hp_gain":0.0,"max_hp_loss":0.0,"gold_gain":0.0,"event_name":"Big Fish","player_choice":"Box","floor":2.0,"gold_loss":0.0,"damage_taken":0.0,"relics_obtained":["Bronze Scales"],"cards_obtained":["Regret"]},{"cards_removed":["Regret"],"damage_healed":0.0,"max_hp_gain":0.0,"max_hp_loss":0.0,"gold_gain":0.0,"event_name":"Living Wall","player_choice":"Forget","floor":3.0,"gold_loss":0.0,"damage_taken":0.0},{"cards_removed":["Pain"],"damage_healed":0,"gold_gain":0,"player_choice":"Card Removal","damage_taken":7,"max_hp_gain":0,"max_hp_loss":0,"event_name":"Golden Wing","floor":11,"gold_loss":0}],"is_beta":false,"boss_relics":[],"items_purged_floors":[],"is_endless":false,"potions_floor_spawned":[4,5,10],"killed_by":"Lagavulin","ascension_level":0}