{"gold_per_floor":[117,131,141,141,153,153,75,87,139,139,71,71,71,90,90,194,194,209,389,406,406,406,406],"floor_reached":23,"playtime":1015,"items_purged":[],"score":260,"play_id":"52f9bed1-c284-4b2a-a79f-c7be3babf1f1","local_time":"20190526193252","is_ascension_mode":true,"campfire_choices":[{"data":"Neutralize","floor":6,"key":"SMITH"},{"data":"Infinite Blades","floor":10,"key":"SMITH"},{"data":"Backstab","floor":12,"key":"SMITH"},{"data":"Cloak And Dagger","floor":15,"key":"SMITH"}],"neow_cost":"NONE","seed_source_timestamp":987380478824567,"circlet_count":0,"master_deck":["Defend_G+1","Defend_G+1","Defend_G+1","Defend_G+1","Defend_G+1","Strike_G+1","Strike_G+1","Strike_G+1","Strike_G+1","Strike_G+1","Survivor","Neutralize+1","Cloak And Dagger+1","Cloak And Dagger+1","Cloak And Dagger","Infinite Blades+1","Flying Knee","Backstab+1","Adrenaline","Quick Slash+1","Deflect+1","Ghostly","Ghostly","Ghostly","Ghostly","Ghostly"],"relics":["Ring of the Snake","Bird Faced Urn","Art of War","Eternal Feather"],"potions_floor_usage":[16,16],"damage_taken":[{"damage":2,"enemies":"Cultist","floor":1,"turns":5},{"damage":1,"enemies":"2 Louse","floor":2,"turns":2},{"damage":0,"enemies":"Jaw Worm","floor":3,"turns":6},{"damage":17,"enemies":"Large Slime","floor":5,"turns":10},{"damage":0,"enemies":"Blue Slaver","floor":8,"turns":4},{"damage":0,"enemies":"3 Louse","floor":14,"turns":3},{"damage":43,"enemies":"Hexaghost","floor":16,"turns":16},{"damage":15,"enemies":"2 Thieves","floor":18,"turns":5},{"damage":25,"enemies":"Shell Parasite","floor":20,"turns":9},{"damage":3,"enemies":"Book of Stabbing","floor":23,"turns":4}],"seed_played":"-4764698552319271194","potions_obtained":[{"floor":1,"key":"Regen Potion"},{"floor":3,"key":"PowerPotion"}],"is_trial":false,"path_per_floor":["M","M","M","T","M","R","$","M","T","R","$","R","?","M","R","B",null,"M","?","M","?","?","E"],"character_chosen":"THE_SILENT","items_purchased":["Infinite Blades","Backstab"],"campfire_rested":0,"item_purchase_floors":[7,11],"current_hp_per_floor":[68,67,67,67,50,50,50,52,52,52,52,52,52,54,54,30,65,52,24,1,1,1,0],"gold":406,"neow_bonus":"TEN_PERCENT_HP_BONUS","is_prod":false,"is_daily":false,"chose_seed":false,"campfire_upgraded":4,"win_rate":0,"timestamp":1558913572,"path_taken":["M","?","M","?","?","R","$","M","T","R","?","R","?","M","R","BOSS","M","?","?","?","?","E"],"build_version":"2019-01-23","purchased_purges":0,"victory":false,"max_hp_per_floor":[77,77,77,77,77,77,77,77,77,77,77,77,77,77,77,77,77,77,77,77,77,38,38],"card_choices":[{"not_picked":["Expertise","Deflect"],"picked":"Cloak And Dagger","floor":1},{"not_picked":["PiercingWail","Prepared"],"picked":"Cloak And Dagger","floor":2},{"not_picked":["Dodge and Roll","Acrobatics"],"picked":"Cloak And Dagger","floor":3},{"not_picked":["Deflect","Bullet Time","Dash"],"picked":"SKIP","floor":5},{"not_picked":["Predator","Bane"],"picked":"Flying Knee","floor":8},{"not_picked":["Quick Slash","Calculated Gamble","Leg Sweep"],"picked":"SKIP","floor":14},{"not_picked":["Doppelganger","Venomology"],"picked":"Adrenaline","floor":16},{"not_picked":["Tactician","Reflex"],"picked":"Quick Slash+1","floor":18},{"not_picked":["Acrobatics","Eviscerate+1"],"picked":"Deflect+1","floor":20}],"player_experience":286369,"relics_obtained":[{"floor":4,"key":"Bird Faced Urn"},{"floor":9,"key":"Art of War"}],"event_choices":[{"damage_healed":0,"gold_gain":0,"player_choice":"Upgraded","damage_taken":0,"max_hp_gain":0,"max_hp_loss":0,"event_name":"Upgrade Shrine","floor":13,"gold_loss":0,"cards_upgraded":["Cloak And Dagger"]},{"damage_healed":0,"gold_gain":180,"player_choice":"GOLD POTION GOLD ","damage_taken":28,"max_hp_gain":0,"max_hp_loss":0,"event_name":"Knowing Skull","floor":19,"potions_obtained":["GamblersBrew"],"gold_loss":0,"cards_obtained":[]},{"damage_healed":0,"gold_gain":0,"player_choice":"Simplicity","damage_taken":0,"max_hp_gain":0,"max_hp_loss":0,"event_name":"Back to Basics","floor":21,"gold_loss":0,"cards_upgraded":["Defend_G","Defend_G","Defend_G","Defend_G","Defend_G","Strike_G","Strike_G","Strike_G","Strike_G","Strike_G"]},{"damage_healed":0,"gold_gain":0,"player_choice":"Became a Ghost","damage_taken":0,"max_hp_gain":0,"max_hp_loss":39,"event_name":"Ghosts","floor":22,"gold_loss":0,"cards_obtained":["Ghostly","Ghostly","Ghostly","Ghostly","Ghostly"]}],"is_beta":false,"boss_relics":[{"not_picked":["Pandora\u0027s Box","Lizard Tail"],"picked":"Eternal Feather"}],"items_purged_floors":[],"is_endless":false,"potions_floor_spawned":[1,3],"killed_by":"Book of Stabbing","ascension_level":6}