{"gold_per_floor":[114,114,129,129,148,148,167,167,167,186,224,399,20,20,20,145,145,164,183,202,202],"floor_reached":21,"playtime":3107,"items_purged":["Doubt"],"score":258,"play_id":"2aa3fd6f-dc32-46ca-85e6-2ac0843aae87","local_time":"20180714202300","daily_mods":["Shiny","Uncertain Future","Lethality"],"is_ascension_mode":false,"campfire_choices":[{"data":"Buffer","floor":6,"key":"SMITH"},{"floor":8,"key":"REST"},{"data":"Creative AI","floor":15,"key":"SMITH"}],"neow_cost":"","seed_source_timestamp":0,"circlet_count":0,"master_deck":["Multi-Cast","Hyperbeam","Thunder Strike","Biased Cognition","Machine Learning","Electrodynamics","Buffer+1","Rainbow","Seek","Meteor Strike","Echo Form","All For One","Reboot","Amplify","Creative AI+1","Fission","Core Surge","Double Energy","Stack","Injury","Recycle","Reinforced Body","White Noise","Turbo","Seek","Stack+1","Hello World+1"],"special_seed":17726,"relics":["Cracked Core","Girya","Golden Idol","Pen Nib","Dodecahedron","Molten Egg 2","Black Star"],"potions_floor_usage":[11,14,21],"damage_taken":[{"damage":0.0,"enemies":"2 Louse","floor":1.0,"turns":2.0},{"damage":19.0,"enemies":"Small Slimes","floor":3.0,"turns":3.0},{"damage":0,"enemies":"Cultist","floor":5,"turns":2},{"damage":0,"enemies":"Large Slime","floor":7,"turns":6},{"damage":7,"enemies":"2 Fungi Beasts","floor":10,"turns":2},{"damage":0,"enemies":"Lagavulin","floor":11,"turns":5},{"damage":0,"enemies":"Gremlin Gang","floor":14,"turns":1},{"damage":0,"enemies":"The Guardian","floor":16,"turns":10},{"damage":0,"enemies":"Spheric Guardian","floor":18,"turns":4},{"damage":0,"enemies":"Shell Parasite","floor":19,"turns":4},{"damage":16,"enemies":"Cultist and Chosen","floor":20,"turns":4},{"damage":64,"enemies":"Slaver and Parasite","floor":21,"turns":8}],"seed_played":"-1557900698408723444","potions_obtained":[{"floor":1.0,"key":"Strength Potion"},{"floor":7,"key":"SmokeBomb"},{"floor":20,"key":"Fruit Juice"}],"is_trial":false,"path_per_floor":["M","?","M","?","M","R","M","R","T","M","E","?","$","M","R","B",null,"M","M","M"],"character_chosen":"DEFECT","items_purchased":["Turbo","Molten Egg 2"],"campfire_rested":1,"item_purchase_floors":[13,13],"current_hp_per_floor":[75,63,44,44,44,44,44,66,66,59,59,59,59,59,59,59,75,75,75,59,0],"gold":202,"neow_bonus":"","is_prod":false,"is_daily":true,"chose_seed":false,"campfire_upgraded":2,"win_rate":0,"timestamp":1531570980,"path_taken":["M","?","M","?","M","R","M","R","T","M","E","?","$","M","R","BOSS","M","M","?","M"],"build_version":"2018-07-12","purchased_purges":1,"victory":false,"max_hp_per_floor":[75,75,75,75,75,75,75,75,75,75,75,75,75,75,75,75,75,75,75,75,80],"card_choices":[{"not_picked":["Chaos","Steam Power"],"picked":"Double Energy","floor":1.0},{"not_picked":["Compile Driver","Cold Snap"],"picked":"Stack","floor":3.0},{"not_picked":["Gash","Conserve Battery"],"picked":"Recycle","floor":5},{"not_picked":["Rebound","Stack"],"picked":"Reinforced Body","floor":7},{"not_picked":["Leap","Conserve Battery","Reprogram"],"picked":"SKIP","floor":10},{"not_picked":["Steam Power","Tempest"],"picked":"White Noise","floor":11},{"not_picked":["Rainbow","Machine Learning"],"picked":"Seek","floor":16},{"not_picked":["Redo","Coolheaded+1"],"picked":"Stack+1","floor":18},{"not_picked":["Barrage+1","Loop","Leap"],"picked":"SKIP","floor":19},{"not_picked":["Reinforced Body","Glacier"],"picked":"Hello World+1","floor":20}],"player_experience":661532,"relics_obtained":[{"floor":9,"key":"Pen Nib"},{"floor":11,"key":"Dodecahedron"}],"event_choices":[{"event_name":"Scrap Ooze","player_choice":"success","floor":2.0,"damage_taken":12.0},{"event_name":"Golden Idol","player_choice":"Take Wound","floor":4,"damage_taken":0},{"event_name":"Liars Game","player_choice":"agreed","floor":12,"damage_taken":0}],"boss_relics":[{"not_picked":["Tiny House","Cursed Key"],"picked":"Black Star"}],"items_purged_floors":[13],"is_endless":false,"potions_floor_spawned":[1,7,14,20],"killed_by":"Slaver and Parasite","ascension_level":0}