{"gold_per_floor":[215,227,30,42,4,16,44,56,92,104,134,146,158,194,206,346,421,446,458,470,461,491,503,515],"floor_reached":24,"playtime":1706,"items_purged":[],"score":186,"play_id":"a296ccbc-507f-41bd-835a-75562dcac874","local_time":"20180816212340","is_ascension_mode":false,"campfire_choices":[{"data":"Flying Knee","floor":6.0,"key":"SMITH"},{"data":"Backflip","floor":8.0,"key":"SMITH"},{"data":"Neutralize","floor":10.0,"key":"SMITH"},{"data":"Cloak And Dagger","floor":12.0,"key":"SMITH"},{"data":"Infinite Blades","floor":15.0,"key":"SMITH"},{"floor":23,"key":"REST"}],"neow_cost":"NONE","seed_source_timestamp":161487778843594,"circlet_count":0,"master_deck":["Defend_G","Defend_G","Defend_G","Defend_G","Strike_G","Strike_G","Strike_G","Strike_G","Strike_G","Survivor","Neutralize+1","Heel Hook+1","Outmaneuver","Flying Knee+1","Backflip+1","Cloak And Dagger+1","Injury","Infinite Blades+1","Burst","Blur","Dash+1","Dagger Spray","Caltrops","PiercingWail+1"],"special_seed":0,"relics":["Ring of the Snake","MawBank","Orichalcum","Golden Idol","Tiny House"],"potions_floor_usage":[24],"damage_taken":[{"damage":4.0,"enemies":"Cultist","floor":1.0,"turns":5.0},{"damage":1.0,"enemies":"Jaw Worm","floor":2.0,"turns":7.0},{"damage":0.0,"enemies":"Small Slimes","floor":7.0,"turns":2.0},{"damage":4.0,"enemies":"Blue Slaver","floor":11.0,"turns":4.0},{"damage":2.0,"enemies":"Looter","floor":14.0,"turns":3.0},{"damage":42.0,"enemies":"The Guardian","floor":16.0,"turns":15.0},{"damage":0.0,"enemies":"Shell Parasite","floor":18.0,"turns":8.0},{"damage":14,"enemies":"2 Thieves","floor":21,"turns":5},{"damage":27,"enemies":"Centurion and Healer","floor":22,"turns":10},{"damage":63,"enemies":"Slavers","floor":24,"turns":6}],"seed_played":"5471601830936017826","potions_obtained":[{"floor":1.0,"key":"Swift Potion"},{"floor":11.0,"key":"Block Potion"},{"floor":14.0,"key":"Regen Potion"},{"floor":17.0,"key":"SmokeBomb"},{"floor":21,"key":"PowerPotion"},{"floor":22,"key":"EssenceOfSteel"}],"is_trial":false,"path_per_floor":["M","M","$","?","?","R","M","R","T","R","M","R","?","M","R","B",null,"M","$","?","M","M","R"],"character_chosen":"THE_SILENT","items_purchased":["Flying Knee","MawBank"],"campfire_rested":1,"item_purchase_floors":[3,3],"current_hp_per_floor":[66,65,65,70,70,70,70,70,70,70,66,66,66,64,64,37,80,80,80,80,66,39,63,0],"gold":515,"neow_bonus":"HUNDRED_GOLD","is_prod":false,"is_daily":false,"chose_seed":false,"campfire_upgraded":5,"win_rate":0.0,"timestamp":1534469020,"path_taken":["M","M","$","?","?","R","M","R","T","R","M","R","?","M","R","BOSS","M","$","?","M","M","R","E"],"build_version":"2018-08-09","purchased_purges":0,"victory":false,"max_hp_per_floor":[70,70,70,75,75,75,75,75,75,75,75,75,75,75,75,75,80,80,80,80,80,80,80,80],"card_choices":[{"not_picked":["Slice","Bane"],"picked":"Heel Hook","floor":1.0},{"not_picked":["Well Laid Plans","Crippling Poison"],"picked":"Outmaneuver","floor":2.0},{"not_picked":["Dagger Throw","Underhanded Strike"],"picked":"Backflip","floor":7.0},{"not_picked":["Concentrate","Blade Dance"],"picked":"Cloak And Dagger","floor":11.0},{"not_picked":["Prepared","Dodge and Roll"],"picked":"Infinite Blades","floor":14.0},{"not_picked":["Malaise","Storm of Steel"],"picked":"Burst","floor":16.0},{"not_picked":["Escape Plan","All Out Attack"],"picked":"Blur","floor":17.0},{"not_picked":["Noxious Fumes","Escape Plan+1"],"picked":"Dash+1","floor":18.0},{"not_picked":["Backflip","Well Laid Plans"],"picked":"Caltrops","floor":21},{"not_picked":["Bane","Dodge and Roll"],"picked":"PiercingWail+1","floor":22}],"player_experience":137010,"relics_obtained":[{"floor":9.0,"key":"Orichalcum"}],"event_choices":[{"event_name":"Big Fish","player_choice":"Donut","floor":4.0,"damage_taken":0.0},{"event_name":"The Cleric","player_choice":"Card Removal","floor":5.0,"damage_taken":0.0},{"event_name":"Golden Idol","player_choice":"Take Wound","floor":13.0,"damage_taken":0.0},{"event_name":"The Library","player_choice":"Read","floor":20.0,"damage_taken":0.0}],"is_beta":false,"boss_relics":[{"not_picked":["Ectoplasm","Cursed Key"],"picked":"Tiny House"}],"items_purged_floors":[],"is_endless":false,"potions_floor_spawned":[1,11,14,21,22],"killed_by":"Slavers","ascension_level":0}