{"gold_per_floor":[117,117,131,22,22,40,67,86,86,116,135,154,183,183,183,281,281,291,319,332,332,232,260,260,273,326,371,383,395,440,471,483,599,611,639,873,899,168,185,216,228,228,228,238,238,270,288,288,288,288],"floor_reached":51,"playtime":9897,"items_purged":["Bash","Defend_R","Defend_R"],"score":918,"play_id":"a31dceca-8bde-41d0-8bf9-3b7d9730b19c","local_time":"20180917184854","is_ascension_mode":true,"campfire_choices":[{"floor":15.0,"key":"REST"},{"data":"Demon Form","floor":24.0,"key":"SMITH"},{"floor":29.0,"key":"REST"},{"floor":32.0,"key":"REST"},{"data":"Heavy Blade","floor":42.0,"key":"SMITH"},{"data":"Heavy Blade","floor":45.0,"key":"SMITH"},{"data":"Whirlwind","floor":49,"key":"SMITH"}],"neow_cost":"TEN_PERCENT_HP_LOSS","seed_source_timestamp":0,"circlet_count":0,"master_deck":["Defend_R","Defend_R","Sword Boomerang","Limit Break","Shockwave","Whirlwind+1","Sword Boomerang","Demon Form+1","Shockwave","Sword Boomerang","Warcry","Corruption","Pommel Strike","Double Tap","Impervious","Inflame+1","Clothesline","Necronomicurse","Heavy Blade+1","Metallicize","Heavy Blade+1","Fiend Fire","Impervious+1","Flex+1","Pommel Strike+1","Spot Weakness","Metallicize+1","Shrug It Off","Feel No Pain","Shockwave","Heavy Blade+1","Impervious"],"special_seed":0,"relics":["Burning Blood","Bronze Scales","Kunai","Nunchaku","Regal Pillow","Snecko Eye","Red Mask","Necronomicon","Potion Belt","MawBank","Red Skull","StoneCalendar","Astrolabe","Ancient Tea Set","Lee\u0027s Waffle","Bag of Marbles","Gremlin Horn","Orichalcum"],"potions_floor_usage":[50,50,50,50,50],"damage_taken":[{"damage":5.0,"enemies":"Cultist","floor":1.0,"turns":5.0},{"damage":5.0,"enemies":"2 Louse","floor":3.0,"turns":4.0},{"damage":8.0,"enemies":"Jaw Worm","floor":6.0,"turns":4.0},{"damage":27.0,"enemies":"3 Sentries","floor":7.0,"turns":3.0},{"damage":0.0,"enemies":"Lots of Slimes","floor":8.0,"turns":1.0},{"damage":3.0,"enemies":"Lagavulin","floor":10.0,"turns":5.0},{"damage":16.0,"enemies":"Red Slaver","floor":11.0,"turns":4.0},{"damage":16.0,"enemies":"Exordium Wildlife","floor":12.0,"turns":4.0},{"damage":27.0,"enemies":"3 Sentries","floor":13.0,"turns":3.0},{"damage":22.0,"enemies":"Hexaghost","floor":16.0,"turns":7.0},{"damage":0.0,"enemies":"Spheric Guardian","floor":18.0,"turns":3.0},{"damage":12.0,"enemies":"Masked Bandits","floor":19.0,"turns":2.0},{"damage":5.0,"enemies":"Chosen","floor":20.0,"turns":5.0},{"damage":12.0,"enemies":"Book of Stabbing","floor":23.0,"turns":4.0},{"damage":18.0,"enemies":"Snake Plant","floor":25.0,"turns":3.0},{"damage":17.0,"enemies":"Slavers","floor":27.0,"turns":3.0},{"damage":0.0,"enemies":"Gremlin Leader","floor":30.0,"turns":3.0},{"damage":35.0,"enemies":"Shelled Parasite and Fungi","floor":31.0,"turns":3.0},{"damage":29.0,"enemies":"Champ","floor":33.0,"turns":4.0},{"damage":26.0,"enemies":"Orb Walker","floor":35.0,"turns":3.0},{"damage":24.0,"enemies":"3 Shapes","floor":37.0,"turns":1.0},{"damage":0.0,"enemies":"Maw","floor":39.0,"turns":5.0},{"damage":6.0,"enemies":"Giant Head","floor":40.0,"turns":6.0},{"damage":0.0,"enemies":"Transient","floor":41.0,"turns":5.0},{"damage":0.0,"enemies":"3 Darklings","floor":44.0,"turns":1.0},{"damage":0,"enemies":"Nemesis","floor":46,"turns":3},{"damage":0,"enemies":"Maw","floor":47,"turns":5},{"damage":28,"enemies":"Donu and Deca","floor":50,"turns":4}],"seed_played":"-6696777055859272277","potions_obtained":[{"floor":1.0,"key":"Strength Potion"},{"floor":6.0,"key":"Ancient Potion"},{"floor":7.0,"key":"SpeedPotion"},{"floor":8.0,"key":"Ancient Potion"},{"floor":13.0,"key":"Dexterity Potion"},{"floor":20.0,"key":"FearPotion"},{"floor":25.0,"key":"Dexterity Potion"},{"floor":33.0,"key":"PowerPotion"},{"floor":37.0,"key":"PowerPotion"},{"floor":41.0,"key":"Dexterity Potion"}],"is_trial":false,"path_per_floor":["M","?","M","$","?","M","E","M","T","E","M","M","E","?","R","B",null,"M","?","M","?","$","E","R","M","T","E","?","R","E","M","R","B",null,"M","?","M","$","M","E","M","R","T","M","R","E","M","?","R","B"],"character_chosen":"IRONCLAD","items_purchased":["Whirlwind","Ancient Tea Set","Lee\u0027s Waffle","Shrug It Off","SteroidPotion","AttackPotion","Poison Potion","Feel No Pain"],"campfire_rested":3,"item_purchase_floors":[4,38,38,38,38,38,38,38],"current_hp_per_floor":[72,72,72,72,72,70,49,55,55,58,48,38,17,10,46,30,72,72,66,67,51,51,45,45,33,33,22,22,58,64,35,71,48,72,52,52,34,79,79,79,79,79,79,79,79,79,79,75,75,53],"gold":288,"neow_bonus":"REMOVE_TWO","is_prod":false,"is_daily":false,"chose_seed":false,"campfire_upgraded":4,"win_rate":0,"timestamp":1537202934,"path_taken":["M","?","M","$","?","M","E","M","T","E","M","?","E","?","R","BOSS","M","?","M","?","$","E","R","M","T","E","?","R","E","M","R","BOSS","M","?","M","$","M","E","M","R","T","M","R","E","M","?","R","BOSS"],"build_version":"2018-09-06","purchased_purges":3,"victory":true,"max_hp_per_floor":[72,72,72,72,72,72,72,72,72,72,72,72,72,72,72,72,72,72,72,72,72,72,72,72,72,72,72,72,72,72,72,72,72,72,72,72,72,79,79,79,79,79,79,79,79,79,79,75,75,75],"card_choices":[{"not_picked":["Seeing Red","Cleave"],"picked":"Sword Boomerang","floor":1.0},{"not_picked":["Power Through","Shrug It Off"],"picked":"Shockwave","floor":3.0},{"not_picked":["Evolve","Wild Strike","Dual Wield"],"picked":"SKIP","floor":6.0},{"not_picked":["Warcry","Twin Strike"],"picked":"Shockwave","floor":7.0},{"not_picked":["Rupture","Warcry"],"picked":"Sword Boomerang","floor":8.0},{"not_picked":["Seeing Red","Blood for Blood"],"picked":"Warcry","floor":10.0},{"not_picked":["Perfected Strike","Rupture"],"picked":"Corruption","floor":11.0},{"not_picked":["Blood for Blood","Twin Strike"],"picked":"Pommel Strike","floor":12.0},{"not_picked":["Immolate","Corruption"],"picked":"Double Tap","floor":13.0},{"not_picked":["Bludgeon","Barricade"],"picked":"Impervious","floor":16.0},{"not_picked":["Infernal Blade+1","Headbutt","Armaments"],"picked":"SKIP","floor":18.0},{"not_picked":["Infernal Blade+1","Headbutt","Armaments"],"picked":"SKIP","floor":18.0},{"not_picked":["Feel No Pain","Thunderclap"],"picked":"Inflame+1","floor":19.0},{"not_picked":["Perfected Strike","Body Slam"],"picked":"Clothesline","floor":20.0},{"not_picked":["Burning Pact","Metallicize"],"picked":"Heavy Blade","floor":23.0},{"not_picked":["Perfected Strike+1","Blood for Blood","Second Wind"],"picked":"SKIP","floor":25.0},{"not_picked":["Armaments+1","Anger"],"picked":"Metallicize","floor":27.0},{"not_picked":["Hemokinesis","Wild Strike","Anger"],"picked":"SKIP","floor":30.0},{"not_picked":["Fire Breathing","Anger+1","Flex+1"],"picked":"SKIP","floor":31.0},{"not_picked":["Bludgeon","Feed"],"picked":"Fiend Fire","floor":33.0},{"not_picked":["Infernal Blade+1","Thunderclap+1"],"picked":"Spot Weakness","floor":35.0},{"not_picked":["Power Through+1","Whirlwind"],"picked":"Metallicize+1","floor":37.0},{"not_picked":["Headbutt+1","Burning Pact"],"picked":"Shockwave","floor":39.0},{"not_picked":["Blood for Blood+1","Headbutt+1","Body Slam"],"picked":"SKIP","floor":40.0},{"not_picked":["Spot Weakness+1","Cleave"],"picked":"Heavy Blade+1","floor":41.0},{"not_picked":["True Grit","Cleave","Perfected Strike+1"],"picked":"SKIP","floor":44.0},{"not_picked":["Warcry","Bloodletting"],"picked":"Impervious","floor":46},{"not_picked":["Clothesline+1","Battle Trance+1","True Grit"],"picked":"SKIP","floor":47}],"player_experience":66914,"relics_obtained":[{"floor":7.0,"key":"Bronze Scales"},{"floor":9.0,"key":"Kunai"},{"floor":10.0,"key":"Nunchaku"},{"floor":13.0,"key":"Regal Pillow"},{"floor":19.0,"key":"Red Mask"},{"floor":21.0,"key":"Necronomicon"},{"floor":23.0,"key":"Potion Belt"},{"floor":26.0,"key":"MawBank"},{"floor":27.0,"key":"Red Skull"},{"floor":30.0,"key":"StoneCalendar"},{"floor":40.0,"key":"Bag of Marbles"},{"floor":43.0,"key":"Gremlin Horn"},{"floor":46,"key":"Orichalcum"}],"event_choices":[{"event_name":"Match and Keep!","player_choice":"1 cards matched","floor":2.0,"damage_taken":0.0},{"event_name":"Match and Keep!","player_choice":"1 cards matched","floor":2.0,"damage_taken":0.0},{"event_name":"Match and Keep!","player_choice":"1 cards matched","floor":2.0,"damage_taken":0.0},{"event_name":"Match and Keep!","player_choice":"1 cards matched","floor":2.0,"damage_taken":0.0},{"event_name":"Match and Keep!","player_choice":"2 cards matched","floor":5.0,"damage_taken":0.0},{"event_name":"Scrap Ooze","player_choice":"unsuccessful","floor":14.0,"damage_taken":7.0},{"event_name":"Masked Bandits","player_choice":"Fought Bandits","floor":19.0,"damage_taken":0.0},{"event_name":"Cursed Tome","player_choice":"Obtained Book","floor":21.0,"damage_taken":0.0},{"event_name":"The Library","player_choice":"Read","floor":28.0,"damage_taken":0.0},{"event_name":"Tomb of Lord Red Mask","player_choice":"Wore Mask","floor":36.0,"damage_taken":0.0},{"event_name":"Winding Halls","player_choice":"Max HP","floor":48,"damage_taken":0}],"is_beta":false,"boss_relics":[{"not_picked":["Fusion Hammer","Lizard Tail"],"picked":"Snecko Eye"},{"not_picked":["Orrery","Black Star"],"picked":"Astrolabe"}],"items_purged_floors":[4,22,38],"is_endless":false,"potions_floor_spawned":[1,6,7,8,13,20,25,33,37,41,44],"ascension_level":2}