{"gold_per_floor":[111,111,111,129,141,141,152,172,249,249,282,357,375,393,393,393],"floor_reached":16,"playtime":594,"items_purged":[],"score":104,"play_id":"4dade635-09af-4afa-a3ff-64821e780ee7","local_time":"20190706222948","is_ascension_mode":false,"campfire_choices":[{"data":"Combust","floor":6,"key":"SMITH"},{"data":"Metallicize","floor":10,"key":"SMITH"},{"data":"Armaments","floor":15,"key":"SMITH"}],"neow_cost":"NONE","seed_source_timestamp":1984925154367253,"circlet_count":0,"master_deck":["Strike_R","Strike_R","Strike_R","Strike_R","Strike_R","Defend_R","Defend_R","Defend_R","Defend_R","Bash+1","Battle Trance","Regret","Flame Barrier","Combust+1","Metallicize+1","Flame Barrier","Armaments+1"],"relics":["Burning Blood","Happy Flower","Magic Flower","Juzu Bracelet"],"potions_floor_usage":[16],"damage_taken":[{"damage":11,"enemies":"Jaw Worm","floor":1,"turns":2},{"damage":8,"enemies":"Small Slimes","floor":4,"turns":3},{"damage":4,"enemies":"Cultist","floor":5,"turns":3},{"damage":13,"enemies":"2 Fungi Beasts","floor":7,"turns":3},{"damage":4,"enemies":"Gremlin Gang","floor":8,"turns":3},{"damage":29,"enemies":"3 Sentries","floor":11,"turns":6},{"damage":9,"enemies":"Looter","floor":13,"turns":3},{"damage":16,"enemies":"3 Louse","floor":14,"turns":3},{"damage":51,"enemies":"Slime Boss","floor":16,"turns":10}],"seed_played":"696427364668224443","potions_obtained":[{"floor":1,"key":"AttackPotion"},{"floor":8,"key":"SpeedPotion"},{"floor":13,"key":"EssenceOfSteel"}],"is_trial":false,"path_per_floor":["M","?","?","M","M","R","M","M","T","R","E","?","M","M","R","B"],"character_chosen":"IRONCLAD","items_purchased":[],"campfire_rested":0,"item_purchase_floors":[],"current_hp_per_floor":[75,75,75,76,80,80,76,80,80,80,60,52,52,45,45,0],"gold":393,"neow_bonus":"RANDOM_COMMON_RELIC","is_prod":false,"is_daily":false,"chose_seed":false,"campfire_upgraded":3,"win_rate":0,"timestamp":1562466588,"path_taken":["M","?","?","?","M","R","M","M","T","R","E","?","M","M","R","BOSS"],"build_version":"2019-07-05","purchased_purges":0,"victory":false,"max_hp_per_floor":[80,80,80,80,80,80,80,80,80,80,80,80,80,80,80,80],"card_choices":[{"not_picked":["True Grit","Armaments"],"picked":"Battle Trance","floor":1},{"not_picked":["Infernal Blade","Pummel"],"picked":"Flame Barrier","floor":4},{"not_picked":["Body Slam","Carnage"],"picked":"Combust","floor":5},{"not_picked":["Anger","Twin Strike","Armaments"],"picked":"SKIP","floor":7},{"not_picked":["Wild Strike","Body Slam"],"picked":"Metallicize","floor":8},{"not_picked":["Brutality","Berserk","Perfected Strike"],"picked":"SKIP","floor":11},{"not_picked":["Intimidate","Disarm"],"picked":"Flame Barrier","floor":13},{"not_picked":["Dual Wield","Flex"],"picked":"Armaments","floor":14}],"player_experience":429744,"relics_obtained":[{"floor":11,"key":"Juzu Bracelet"}],"event_choices":[{"damage_healed":0,"gold_gain":0,"player_choice":"Box","damage_taken":0,"relics_obtained":["Magic Flower"],"max_hp_gain":0,"max_hp_loss":0,"event_name":"Big Fish","floor":2,"gold_loss":0,"cards_obtained":["Regret"]},{"damage_healed":0,"gold_gain":0,"player_choice":"Upgraded","damage_taken":0,"max_hp_gain":0,"max_hp_loss":0,"event_name":"Upgrade Shrine","floor":3,"gold_loss":0,"cards_upgraded":["Bash"]},{"damage_healed":0,"gold_gain":75,"player_choice":"Touch","damage_taken":8,"max_hp_gain":0,"max_hp_loss":0,"event_name":"FaceTrader","floor":12,"gold_loss":0}],"is_beta":false,"boss_relics":[],"items_purged_floors":[],"is_endless":false,"potions_floor_spawned":[1,8,13],"killed_by":"Slime Boss","ascension_level":0}