{"gold_per_floor":[119,129,129,129,142,169,184,203,203,378,389,389,416,432,432,531,531,546,556,26,26,44,44,69,69,69,87,87,187,205,32,32,137,137,147,147,147,173,184,184,202,202,202,220,234,234,234],"floor_reached":47,"playtime":2933,"items_purged":["Doubt","Writhe"],"score":449,"play_id":"99ebef65-365b-443c-8fde-3d75392da555","local_time":"20190812214625","is_ascension_mode":false,"campfire_choices":[{"data":"Armaments","floor":12,"key":"SMITH"},{"data":"Bludgeon","floor":15,"key":"SMITH"},{"data":"Whirlwind","floor":23,"key":"SMITH"},{"data":"Blood for Blood","floor":25,"key":"SMITH"},{"data":"Carnage","floor":28,"key":"SMITH"},{"floor":32,"key":"REST"},{"floor":40,"key":"DIG"},{"floor":42,"key":"REST"},{"floor":46,"key":"DIG"}],"neow_cost":"NONE","seed_source_timestamp":276611226535200,"circlet_count":0,"master_deck":["Strike_R","Strike_R","Strike_R","Strike_R","Defend_R","Defend_R","Defend_R","Defend_R","Bash","Twin Strike","Sword Boomerang","Cleave","Rupture","Cleave","Shrug It Off","Armaments+1","Shrug It Off","Carnage+1","Bludgeon+1","Offering","Heavy Blade","Searing Blow+1","Whirlwind+1","Swift Strike","Perfected Strike+1","Blood for Blood+1","Heavy Blade+1","Warcry+1","Combust","Shockwave","Demon Form","Perfected Strike","Headbutt","Offering"],"relics":["Burning Blood","Pen Nib","Blood Vial","Ornamental Fan","Pantograph","Odd Mushroom","Mark of Pain","Pocketwatch","Ice Cream","Dream Catcher","Vajra","Shovel","Mummified Hand","Black Star","Happy Flower","Peace Pipe","Dodecahedron","Bottled Flame"],"potions_floor_usage":[6,16,16,33,45,45,45],"damage_taken":[{"damage":5,"enemies":"Cultist","floor":1,"turns":4},{"damage":0,"enemies":"2 Louse","floor":2,"turns":1},{"damage":3,"enemies":"Jaw Worm","floor":5,"turns":3},{"damage":50,"enemies":"Lagavulin","floor":6,"turns":7},{"damage":8,"enemies":"3 Louse","floor":7,"turns":2},{"damage":15,"enemies":"Looter","floor":8,"turns":3},{"damage":14,"enemies":"Blue Slaver","floor":11,"turns":3},{"damage":10,"enemies":"The Mushroom Lair","floor":13,"turns":4},{"damage":7,"enemies":"2 Fungi Beasts","floor":14,"turns":3},{"damage":54,"enemies":"The Guardian","floor":16,"turns":9},{"damage":11,"enemies":"Spheric Guardian","floor":18,"turns":4},{"damage":8,"enemies":"3 Byrds","floor":19,"turns":5},{"damage":20,"enemies":"Centurion and Healer","floor":22,"turns":3},{"damage":22,"enemies":"Slavers","floor":24,"turns":3},{"damage":16,"enemies":"Snecko","floor":27,"turns":4},{"damage":20,"enemies":"Colosseum Slavers","floor":29,"turns":2},{"damage":21,"enemies":"Colosseum Nobs","floor":29,"turns":3},{"damage":8,"enemies":"3 Cultists","floor":30,"turns":3},{"damage":38,"enemies":"Champ","floor":33,"turns":8},{"damage":16,"enemies":"3 Darklings","floor":35,"turns":3},{"damage":59,"enemies":"3 Shapes","floor":39,"turns":3},{"damage":17,"enemies":"Transient","floor":41,"turns":5},{"damage":37,"enemies":"3 Darklings","floor":44,"turns":3},{"damage":10,"enemies":"Jaw Worm Horde","floor":45,"turns":4},{"damage":43,"enemies":"Nemesis","floor":47,"turns":3}],"seed_played":"6640962825099000173","potions_obtained":[{"floor":2,"key":"SpeedPotion"},{"floor":7,"key":"FairyPotion"},{"floor":11,"key":"PowerPotion"},{"floor":13,"key":"PowerPotion"},{"floor":22,"key":"BloodPotion"},{"floor":27,"key":"Dexterity Potion"},{"floor":29,"key":"SteroidPotion"},{"floor":33,"key":"SteroidPotion"},{"floor":45,"key":"LiquidBronze"}],"is_trial":false,"path_per_floor":["M","M","?","T","M","E","M","M","T","?","M","R","?","M","R","B",null,"M","M","$","?","M","R","E","R","T","M","R","?","M","$","R","B",null,"M","?","$","T","M","R","M","R","T","M","M","R","E"],"character_chosen":"IRONCLAD","items_purchased":["Whirlwind","Pocketwatch","Swift Strike","Combust"],"campfire_rested":2,"item_purchase_floors":[20,20,20,31],"current_hp_per_floor":[80,80,80,80,80,36,36,29,29,29,23,23,21,22,22,14,80,75,75,75,75,63,63,49,49,49,41,41,16,16,16,40,35,80,70,80,80,80,27,27,18,42,42,13,31,31,0],"gold":234,"neow_bonus":"RANDOM_COMMON_RELIC","is_prod":false,"is_daily":false,"chose_seed":false,"campfire_upgraded":5,"win_rate":0.0,"timestamp":1565639185,"path_taken":["M","?","?","?","M","E","M","M","T","?","M","R","?","M","R","BOSS","M","M","$","?","M","R","E","R","T","M","R","?","M","$","R","BOSS","M","?","$","?","M","R","M","R","T","M","M","R","E"],"build_version":"2019-07-17","purchased_purges":2,"victory":false,"max_hp_per_floor":[80,80,80,80,80,80,80,80,80,80,80,80,80,80,80,80,80,80,80,80,80,80,80,80,80,80,80,80,80,80,80,80,80,80,80,80,80,80,80,80,80,80,80,80,80,80,80],"card_choices":[{"not_picked":["Bloodletting","Wild Strike"],"picked":"Twin Strike","floor":1},{"not_picked":["Pommel Strike","Sever Soul"],"picked":"Sword Boomerang","floor":2},{"not_picked":["Power Through","Bloodletting"],"picked":"Rupture","floor":5},{"not_picked":["Perfected Strike","Twin Strike"],"picked":"Cleave","floor":6},{"not_picked":["Pommel Strike","Clash"],"picked":"Shrug It Off","floor":7},{"not_picked":["Wild Strike","Juggernaut"],"picked":"Armaments","floor":8},{"not_picked":["Body Slam","Searing Blow"],"picked":"Shrug It Off","floor":11},{"not_picked":["Sword Boomerang","Reckless Charge"],"picked":"Carnage","floor":13},{"not_picked":["Reckless Charge","Clothesline"],"picked":"Bludgeon","floor":14},{"not_picked":["Fiend Fire","Limit Break"],"picked":"Offering","floor":16},{"not_picked":["Shrug It Off","Body Slam"],"picked":"Heavy Blade","floor":18},{"not_picked":["True Grit","Iron Wave"],"picked":"Searing Blow+1","floor":19},{"not_picked":["Sword Boomerang","Iron Wave"],"picked":"Perfected Strike+1","floor":22},{"not_picked":["Twin Strike","Cleave"],"picked":"Blood for Blood","floor":24},{"not_picked":["Barricade","Wild Strike+1"],"picked":"Heavy Blade+1","floor":27},{"not_picked":["Body Slam","Pommel Strike+1"],"picked":"Warcry+1","floor":30},{"not_picked":["Perfected Strike","Reckless Charge+1"],"picked":"Shockwave","floor":32},{"not_picked":["Juggernaut","Barricade"],"picked":"Demon Form","floor":33},{"not_picked":["Anger","Twin Strike"],"picked":"Perfected Strike","floor":35},{"not_picked":["Burning Pact","Shrug It Off+1","Clash"],"picked":"SKIP","floor":39},{"not_picked":["Anger+1","Combust+1"],"picked":"Headbutt","floor":41},{"not_picked":["Second Wind","Flex+1"],"picked":"Offering","floor":42},{"not_picked":["Cleave+1","Headbutt","Dual Wield+1"],"picked":"SKIP","floor":44},{"not_picked":["Heavy Blade","Anger+1","Body Slam+1"],"picked":"SKIP","floor":45}],"player_experience":21897,"relics_obtained":[{"floor":4,"key":"Blood Vial"},{"floor":6,"key":"Ornamental Fan"},{"floor":9,"key":"Pantograph"},{"floor":13,"key":"Odd Mushroom"},{"floor":24,"key":"Dream Catcher"},{"floor":26,"key":"Vajra"},{"floor":29,"key":"Shovel"},{"floor":29,"key":"Mummified Hand"},{"floor":38,"key":"Happy Flower"},{"floor":40,"key":"Peace Pipe"},{"floor":43,"key":"Dodecahedron"},{"floor":46,"key":"Bottled Flame"}],"event_choices":[{"damage_healed":0,"gold_gain":0,"cards_transformed":["Strike_R"],"player_choice":"Change","damage_taken":0,"max_hp_gain":0,"max_hp_loss":0,"event_name":"Living Wall","floor":3,"gold_loss":0,"cards_obtained":["Cleave"]},{"damage_healed":0,"gold_gain":175,"player_choice":"AGREE","damage_taken":0,"max_hp_gain":0,"max_hp_loss":0,"event_name":"Liars Game","floor":10,"gold_loss":0,"cards_obtained":["Doubt"]},{"damage_healed":0,"gold_gain":0,"player_choice":"Fought Mushrooms","damage_taken":0,"max_hp_gain":0,"max_hp_loss":0,"event_name":"Mushrooms","floor":13,"gold_loss":0},{"damage_healed":0,"gold_gain":0,"player_choice":"Opened","damage_taken":0,"relics_obtained":["Ice Cream"],"max_hp_gain":0,"max_hp_loss":0,"event_name":"The Mausoleum","floor":21,"gold_loss":0,"cards_obtained":["Writhe"]},{"damage_healed":0,"gold_gain":0,"player_choice":"Fight","damage_taken":0,"max_hp_gain":0,"max_hp_loss":0,"event_name":"Colosseum","floor":29,"gold_loss":0},{"damage_healed":0,"gold_gain":0,"player_choice":"Fought Nobs","damage_taken":0,"max_hp_gain":0,"max_hp_loss":0,"event_name":"Colosseum","floor":29,"gold_loss":0},{"damage_healed":10,"gold_gain":0,"player_choice":"Full Heal","damage_taken":0,"max_hp_gain":0,"max_hp_loss":0,"event_name":"Wheel of Change","floor":36,"gold_loss":0}],"is_beta":false,"boss_relics":[{"not_picked":["Velvet Choker","Orrery"],"picked":"Mark of Pain"},{"not_picked":["White Beast Statue","Runic Dome"],"picked":"Black Star"}],"items_purged_floors":[20,31],"is_endless":false,"potions_floor_spawned":[2,7,11,13,22,27,29,33,39,45],"killed_by":"Nemesis","ascension_level":0}