{"gold_per_floor":[109,123,139,151,151,151,182,182,182,182,200,230,245,210,210,210],"floor_reached":16,"playtime":2375,"items_purged":[],"score":112,"play_id":"7e3963ad-6ee0-48c1-b5ea-2e04877b2c09","local_time":"20190811210753","is_ascension_mode":false,"campfire_choices":[{"data":"Riddle With Holes","floor":6.0,"key":"SMITH"},{"data":"Dagger Spray","floor":8.0,"key":"SMITH"},{"floor":15,"key":"REST"}],"neow_cost":"TEN_PERCENT_HP_LOSS","seed_source_timestamp":22944945450048,"circlet_count":0,"master_deck":["Strike_G","Strike_G","Strike_G","Strike_G","Strike_G","Defend_G","Defend_G","Defend_G","Defend_G","Defend_G","Survivor","Neutralize","Dark Shackles","Finesse","Dagger Spray+1","Dagger Spray+1","Riddle With Holes+1","Deflect","Backflip"],"special_seed":0,"relics":["Ring of the Snake","Regal Pillow","Girya","Molten Egg 2"],"potions_floor_usage":[12,12,12,16],"damage_taken":[{"damage":0.0,"enemies":"2 Louse","floor":1.0,"turns":3.0},{"damage":0.0,"enemies":"Small Slimes","floor":2.0,"turns":3.0},{"damage":0.0,"enemies":"Jaw Worm","floor":3.0,"turns":3.0},{"damage":2.0,"enemies":"Blue Slaver","floor":4.0,"turns":6.0},{"damage":23.0,"enemies":"Gremlin Nob","floor":7.0,"turns":5.0},{"damage":0.0,"enemies":"Red Slaver","floor":11.0,"turns":5.0},{"damage":9,"enemies":"Lagavulin","floor":12,"turns":5},{"damage":0,"enemies":"3 Louse","floor":13,"turns":2},{"damage":71,"enemies":"The Guardian","floor":16,"turns":17}],"seed_played":"1797636718944572578","potions_obtained":[{"floor":1.0,"key":"Dexterity Potion"},{"floor":2.0,"key":"Strength Potion"},{"floor":7.0,"key":"GamblersBrew"},{"floor":12,"key":"GamblersBrew"}],"is_trial":false,"path_per_floor":["M","M","M","M","?","R","E","R","T","?","M","E","M","?","R","B"],"character_chosen":"THE_SILENT","items_purchased":[],"campfire_rested":1,"item_purchase_floors":[],"current_hp_per_floor":[63,63,63,61,43,43,20,20,20,20,20,11,11,26,59,0],"gold":210,"neow_bonus":"RANDOM_COLORLESS_2","is_prod":false,"is_daily":false,"chose_seed":false,"campfire_upgraded":2,"win_rate":0,"timestamp":1565572073,"path_taken":["M","M","M","M","?","R","E","R","T","?","M","E","M","?","R","BOSS"],"build_version":"2019-07-17","purchased_purges":0,"victory":false,"max_hp_per_floor":[63,63,63,63,63,63,63,63,63,63,63,63,63,63,63,63],"card_choices":[{"not_picked":["Sucker Punch","Masterful Stab"],"picked":"Dagger Spray","floor":1.0},{"not_picked":["Blade Dance","Choke"],"picked":"Dagger Spray","floor":2.0},{"not_picked":["Choke","Flechettes","Sucker Punch"],"picked":"SKIP","floor":3.0},{"not_picked":["Poisoned Stab","Dagger Throw"],"picked":"Riddle With Holes","floor":4.0},{"not_picked":["Setup","Slice","Dagger Throw"],"picked":"SKIP","floor":7.0},{"not_picked":["Sucker Punch","Dagger Spray"],"picked":"Deflect","floor":11.0},{"not_picked":["Prepared","Expertise","Cloak And Dagger"],"picked":"SKIP","floor":12},{"not_picked":["Prepared","Well Laid Plans"],"picked":"Backflip","floor":13}],"player_experience":534580,"relics_obtained":[{"floor":7.0,"key":"Girya"},{"floor":12,"key":"Molten Egg 2"}],"event_choices":[{"damage_healed":0.0,"max_hp_gain":0.0,"max_hp_loss":0.0,"gold_gain":0.0,"event_name":"Scrap Ooze","player_choice":"Success","floor":5.0,"gold_loss":0.0,"damage_taken":18.0,"relics_obtained":["Regal Pillow"]},{"damage_healed":0.0,"max_hp_gain":0.0,"max_hp_loss":0.0,"gold_gain":0.0,"event_name":"Living Wall","player_choice":"Grow","floor":10.0,"gold_loss":0.0,"damage_taken":0.0,"cards_upgraded":["Dagger Spray"]},{"damage_healed":15,"gold_gain":0,"player_choice":"Healed","damage_taken":0,"max_hp_gain":0,"max_hp_loss":0,"event_name":"The Cleric","floor":14,"gold_loss":35}],"is_beta":false,"boss_relics":[],"items_purged_floors":[],"is_endless":false,"potions_floor_spawned":[1,2,7,12],"killed_by":"The Guardian","ascension_level":0}