{"gold_per_floor":[210,210,228,35,47,47,77,77,77,77,110,124,150,168,168,271,271,286,286,304,77,87,87,87,87,87,113,61,74,74,90,90,187,187,199,210,227,327,182,182,197,97,97,114,131,163,163,188,188,188],"floor_reached":50,"playtime":2688,"items_purged":["Shame","Decay"],"score":567,"play_id":"fd26d09f-c2d7-4e8b-b26d-e38a6acaf16a","local_time":"20190820213751","is_ascension_mode":false,"campfire_choices":[{"data":"Deadly Poison","floor":6.0,"key":"SMITH"},{"floor":8.0,"key":"REST"},{"data":"Dash","floor":10.0,"key":"SMITH"},{"data":"Crippling Poison","floor":15.0,"key":"SMITH"},{"data":"Footwork","floor":23.0,"key":"SMITH"},{"data":"Bane","floor":25.0,"key":"SMITH"},{"data":"Deadly Poison","floor":32.0,"key":"SMITH"},{"data":"Footwork","floor":40.0,"key":"SMITH"},{"floor":47,"key":"REST"},{"floor":49,"key":"RECALL"}],"neow_cost":"NONE","seed_source_timestamp":294302844029500,"circlet_count":0,"master_deck":["Strike_G+1","Strike_G+1","Strike_G+1","Strike_G+1","Defend_G+1","Defend_G+1","Defend_G+1","Defend_G+1","Defend_G+1","Survivor+1","Neutralize+1","Deadly Poison+1","Dash+1","Bane+1","Crippling Poison+1","Glass Knife+1","Footwork+1","Dagger Spray+1","Deadly Poison+1","Poisoned Stab+1","Venomology+1","Normality","Dash+1","Noxious Fumes","Catalyst+1","Footwork+1","Backflip+1","Parasite","Bouncing Flask+1","PiercingWail+1"],"special_seed":0,"relics":["Ring of the Snake","TwistedFunnel","Ornamental Fan","Letter Opener","Happy Flower","Du-Vu Doll","Black Star","Whetstone","Molten Egg 2","Bronze Scales","Ice Cream","Calling Bell","Blood Vial","Singing Bowl","Pocketwatch","War Paint","Paper Crane","Tough Bandages","Potion Belt","Boot"],"potions_floor_usage":[46,46,46,50,50],"damage_taken":[{"damage":1.0,"enemies":"Jaw Worm","floor":1.0,"turns":6.0},{"damage":0.0,"enemies":"Cultist","floor":3.0,"turns":6.0},{"damage":0.0,"enemies":"Small Slimes","floor":5.0,"turns":3.0},{"damage":36.0,"enemies":"Gremlin Nob","floor":7.0,"turns":5.0},{"damage":16.0,"enemies":"Lagavulin","floor":11.0,"turns":6.0},{"damage":1.0,"enemies":"Red Slaver","floor":12.0,"turns":3.0},{"damage":8.0,"enemies":"Gremlin Nob","floor":13.0,"turns":5.0},{"damage":2.0,"enemies":"Looter","floor":14.0,"turns":2.0},{"damage":17.0,"enemies":"The Guardian","floor":16.0,"turns":8.0},{"damage":0.0,"enemies":"Chosen","floor":18.0,"turns":4.0},{"damage":1.0,"enemies":"3 Byrds","floor":20.0,"turns":3.0},{"damage":0.0,"enemies":"Centurion and Healer","floor":22.0,"turns":8.0},{"damage":0.0,"enemies":"Book of Stabbing","floor":27.0,"turns":7.0},{"damage":5.0,"enemies":"Sentry and Sphere","floor":29.0,"turns":3.0},{"damage":0.0,"enemies":"Snecko","floor":31.0,"turns":3.0},{"damage":48.0,"enemies":"Collector","floor":33.0,"turns":7.0},{"damage":0.0,"enemies":"3 Shapes","floor":35.0,"turns":2.0},{"damage":12.0,"enemies":"3 Darklings","floor":36.0,"turns":4.0},{"damage":8.0,"enemies":"Sphere and 2 Shapes","floor":37.0,"turns":5.0},{"damage":2.0,"enemies":"4 Shapes","floor":41.0,"turns":5.0},{"damage":3.0,"enemies":"Writhing Mass","floor":44.0,"turns":4.0},{"damage":0.0,"enemies":"Transient","floor":45.0,"turns":5.0},{"damage":32,"enemies":"Reptomancer","floor":46,"turns":4},{"damage":28,"enemies":"Giant Head","floor":48,"turns":8},{"damage":31,"enemies":"Donu and Deca","floor":50,"turns":9}],"seed_played":"-7960147304334953105","potions_obtained":[{"floor":1.0,"key":"Regen Potion"},{"floor":12.0,"key":"Ancient Potion"},{"floor":14.0,"key":"Poison Potion"},{"floor":16.0,"key":"Fruit Juice"},{"floor":18.0,"key":"PowerPotion"},{"floor":27.0,"key":"GhostInAJar"},{"floor":37.0,"key":"Energy Potion"},{"floor":45.0,"key":"SkillPotion"}],"is_trial":false,"path_per_floor":["M","?","M","$","M","R","E","R","T","R","E","M","E","M","R","B",null,"M","?","M","$","M","R","T","R","T","E","$","M","?","M","R","B",null,"M","M","M","?","$","R","M","$","T","M","M","E","R","E","R","B"],"character_chosen":"THE_SILENT","items_purchased":["TwistedFunnel","Whetstone","Footwork","Deadly Poison","Footwork"],"campfire_rested":2,"item_purchase_floors":[4,21,21,28,39],"current_hp_per_floor":[69,69,69,69,69,69,33,54,54,54,38,37,43,41,41,24,75,75,75,74,74,74,74,74,74,74,74,74,69,69,69,69,21,75,75,63,57,57,57,57,57,57,57,58,60,32,55,29,29,0],"gold":188,"neow_bonus":"HUNDRED_GOLD","is_prod":false,"is_daily":false,"chose_seed":false,"campfire_upgraded":7,"win_rate":0,"timestamp":1566351471,"path_taken":["M","?","?","$","M","R","E","R","T","R","E","M","E","M","R","BOSS","M","?","M","$","M","R","?","R","T","E","$","M","?","M","R","BOSS","M","M","M","?","$","R","?","$","T","M","M","E","R","E","R","BOSS"],"build_version":"2019-07-17","purchased_purges":2,"victory":false,"max_hp_per_floor":[70,70,70,70,70,70,70,70,70,70,70,70,70,70,70,70,75,75,75,75,75,75,75,75,75,75,75,75,75,75,75,75,75,75,75,75,75,75,75,75,75,75,75,77,77,79,79,79,79,79],"card_choices":[{"not_picked":["Setup","Masterful Stab","Flying Knee"],"picked":"SKIP","floor":1.0},{"not_picked":["Dagger Throw","Slice"],"picked":"Deadly Poison","floor":3.0},{"not_picked":["Eviscerate","Dagger Spray","Underhanded Strike"],"picked":"SKIP","floor":5.0},{"not_picked":["Caltrops","Bane"],"picked":"Dash","floor":7.0},{"not_picked":["Prepared","Slice","Underhanded Strike"],"picked":"SKIP","floor":11.0},{"not_picked":["Dagger Throw","Prepared","Masterful Stab"],"picked":"SKIP","floor":12.0},{"not_picked":["Cloak And Dagger","Quick Slash"],"picked":"Bane","floor":13.0},{"not_picked":["Escape Plan","Reflex"],"picked":"Crippling Poison","floor":14.0},{"not_picked":["Die Die Die","Envenom"],"picked":"Glass Knife","floor":16.0},{"not_picked":["Outmaneuver","Dodge and Roll","Terror"],"picked":"SKIP","floor":18.0},{"not_picked":["PiercingWail","Blade Dance","Bane"],"picked":"SKIP","floor":20.0},{"not_picked":["Quick Slash","Dodge and Roll"],"picked":"Dagger Spray+1","floor":22.0},{"not_picked":["Predator+1","Sucker Punch+1","Phantasmal Killer"],"picked":"SKIP","floor":27.0},{"not_picked":["Concentrate","Prepared+1"],"picked":"Poisoned Stab+1","floor":29.0},{"not_picked":["Poisoned Stab+1","Acrobatics","Backflip"],"picked":"SKIP","floor":31.0},{"not_picked":["Die Die Die+1","Corpse Explosion"],"picked":"Venomology","floor":33.0},{"not_picked":["Calculated Gamble","Dodge and Roll"],"picked":"Dash+1","floor":35.0},{"not_picked":["Flying Knee+1","Eviscerate+1"],"picked":"Noxious Fumes","floor":36.0},{"not_picked":["Deadly Poison","Heel Hook+1"],"picked":"Catalyst+1","floor":37.0},{"not_picked":["Deadly Poison","Underhanded Strike+1"],"picked":"Backflip+1","floor":41.0},{"not_picked":["Underhanded Strike+1","Blur","Dagger Spray+1"],"picked":"Singing Bowl","floor":44.0},{"not_picked":["Bane+1","Underhanded Strike+1"],"picked":"Bouncing Flask+1","floor":45.0},{"not_picked":["Cloak And Dagger+1","Deadly Poison","Deflect"],"picked":"Singing Bowl","floor":46},{"not_picked":["Escape Plan","Accuracy+1"],"picked":"PiercingWail+1","floor":48}],"player_experience":551082,"relics_obtained":[{"floor":7.0,"key":"Ornamental Fan"},{"floor":9.0,"key":"Letter Opener"},{"floor":11.0,"key":"Happy Flower"},{"floor":13.0,"key":"Du-Vu Doll"},{"floor":26.0,"key":"Molten Egg 2"},{"floor":27.0,"key":"Bronze Scales"},{"floor":27.0,"key":"Ice Cream"},{"floor":34.0,"key":"Blood Vial"},{"floor":34.0,"key":"Singing Bowl"},{"floor":34.0,"key":"Pocketwatch"},{"floor":43.0,"key":"War Paint"},{"floor":46,"key":"Paper Crane"},{"floor":46,"key":"Tough Bandages"},{"floor":48,"key":"Potion Belt"},{"floor":48,"key":"Boot"}],"event_choices":[{"cards_removed":["Strike_G"],"damage_healed":0.0,"max_hp_gain":0.0,"max_hp_loss":0.0,"gold_gain":0.0,"event_name":"Bonfire Elementals","player_choice":"Offered Basic","floor":2.0,"gold_loss":0.0,"damage_taken":0.0},{"damage_healed":0.0,"max_hp_gain":0.0,"max_hp_loss":0.0,"gold_gain":0.0,"event_name":"Back to Basics","player_choice":"Simplicity","floor":19.0,"gold_loss":0.0,"damage_taken":0.0,"cards_upgraded":["Strike_G","Strike_G","Strike_G","Strike_G","Defend_G","Defend_G","Defend_G","Defend_G","Defend_G"]},{"damage_healed":0.0,"max_hp_gain":0.0,"max_hp_loss":0.0,"gold_gain":0.0,"event_name":"NoteForYourself","player_choice":"Ignored","floor":30.0,"gold_loss":0.0,"damage_taken":0.0},{"damage_healed":0.0,"max_hp_gain":0.0,"max_hp_loss":0.0,"gold_gain":100.0,"event_name":"Golden Shrine","player_choice":"Pray","floor":38.0,"gold_loss":0.0,"damage_taken":0.0}],"is_beta":false,"boss_relics":[{"not_picked":["WristBlade","HoveringKite"],"picked":"Black Star"},{"not_picked":["Empty Cage","Coffee Dripper"],"picked":"Calling Bell"}],"items_purged_floors":[39,42],"is_endless":false,"potions_floor_spawned":[1,3,12,14,16,18,27,35,37,45],"killed_by":"Donu and Deca","ascension_level":0}