{"gold_per_floor":[367,367,367,387,72,113,113,146,170,170,183,358,191,214,214,214],"floor_reached":16,"playtime":676,"items_purged":["Writhe","Injury"],"score":146,"play_id":"15ab0051-8fc1-411a-a33a-c4202459bb31","local_time":"20190528190208","is_ascension_mode":true,"campfire_choices":[{"floor":7,"key":"REST"},{"floor":10,"key":"REST"},{"floor":15,"key":"REST"}],"neow_cost":"CURSE","seed_source_timestamp":1158673204792767,"circlet_count":0,"master_deck":["Defend_G","Defend_G+1","Defend_G","Defend_G","Defend_G+1","Strike_G","Strike_G","Strike_G","Strike_G","Strike_G","Survivor","Neutralize","Flying Knee","Deadly Poison","Outmaneuver","Doubt","Footwork"],"relics":["Ring of the Snake","Golden Idol","NlothsMask","Letter Opener","War Paint","Dodecahedron"],"potions_floor_usage":[8,14],"damage_taken":[{"damage":2,"enemies":"2 Louse","floor":1,"turns":3},{"damage":2,"enemies":"Cultist","floor":4,"turns":5},{"damage":39,"enemies":"3 Sentries","floor":6,"turns":13},{"damage":30,"enemies":"Gremlin Nob","floor":8,"turns":5},{"damage":1,"enemies":"Jaw Worm","floor":11,"turns":5},{"damage":6,"enemies":"Blue Slaver","floor":14,"turns":5},{"damage":65,"enemies":"Hexaghost","floor":16,"turns":12}],"seed_played":"-1881541967049855039","potions_obtained":[{"floor":1,"key":"SpeedPotion"},{"floor":8,"key":"Regen Potion"}],"is_trial":false,"path_per_floor":["M","?","?","M","$","E","R","E","T","R","M","?","$","M","R","B"],"character_chosen":"THE_SILENT","items_purchased":["Letter Opener","Footwork"],"campfire_rested":3,"item_purchase_floors":[5,13],"current_hp_per_floor":[61,61,61,59,59,20,41,11,11,32,31,31,31,39,60,0],"gold":214,"neow_bonus":"TWO_FIFTY_GOLD","is_prod":false,"is_daily":false,"chose_seed":false,"campfire_upgraded":0,"win_rate":0,"timestamp":1559084528,"path_taken":["M","?","?","?","$","E","R","E","T","R","M","?","$","M","R","BOSS"],"build_version":"2019-01-23","purchased_purges":2,"victory":false,"max_hp_per_floor":[70,70,70,70,70,70,70,70,70,70,70,70,70,70,70,70],"card_choices":[{"not_picked":["Setup","Slice"],"picked":"Flying Knee","floor":1},{"not_picked":["Sucker Punch","Deflect","Eviscerate"],"picked":"SKIP","floor":4},{"not_picked":["Bullet Time","Deflect"],"picked":"Deadly Poison","floor":6},{"not_picked":["Deflect","Concentrate","Choke"],"picked":"SKIP","floor":8},{"not_picked":["Cloak And Dagger","Reflex"],"picked":"Outmaneuver","floor":11},{"not_picked":["Setup","Slice","Night Terror"],"picked":"SKIP","floor":14}],"player_experience":313725,"relics_obtained":[{"floor":6,"key":"War Paint"},{"floor":8,"key":"Dodecahedron"}],"event_choices":[{"damage_healed":0,"gold_gain":0,"player_choice":"Take Wound","damage_taken":0,"relics_obtained":["Golden Idol"],"max_hp_gain":0,"max_hp_loss":0,"event_name":"Golden Idol","floor":2,"gold_loss":0,"cards_obtained":["Injury"]},{"damage_healed":0,"gold_gain":0,"player_choice":"Trade","damage_taken":0,"relics_obtained":["NlothsMask"],"max_hp_gain":0,"max_hp_loss":0,"event_name":"FaceTrader","floor":3,"gold_loss":0},{"damage_healed":0,"gold_gain":175,"player_choice":"AGREE","damage_taken":0,"max_hp_gain":0,"max_hp_loss":0,"event_name":"Liars Game","floor":12,"gold_loss":0,"cards_obtained":["Doubt"]}],"is_beta":false,"boss_relics":[],"items_purged_floors":[5,13],"is_endless":false,"potions_floor_spawned":[1,8],"killed_by":"Hexaghost","ascension_level":7}