{"gold_per_floor":[217,228,248,59,72,98,98,115,115,115,131,231,257,272,272,367,367,386,112,125,140,140,170,170,269,269,269,269,304,304,322,322,424,424,444,544,544,152,171,171,205,205,205,205,222,19,29,40,40,40,40,40,0,34,34],"floor_reached":55,"playtime":3310,"items_purged":["Shame"],"score":797,"play_id":"63b40bc5-b573-43e6-8285-51ffd4776cb7","local_time":"20190902225843","is_ascension_mode":false,"campfire_choices":[{"data":"Apotheosis","floor":7.0,"key":"SMITH"},{"floor":10.0,"key":"RECALL"},{"data":"Backstab","floor":15.0,"key":"SMITH"},{"floor":24.0,"key":"REST"},{"floor":27.0,"key":"REST"},{"data":"1","floor":30.0,"key":"LIFT"},{"floor":32.0,"key":"REST"},{"data":"2","floor":40.0,"key":"LIFT"},{"data":"3","floor":42.0,"key":"LIFT"},{"floor":44.0,"key":"REST"},{"floor":49.0,"key":"REST"},{"data":"Crippling Poison","floor":52.0,"key":"SMITH"}],"neow_cost":"NONE","seed_source_timestamp":1421339906268400,"circlet_count":0,"master_deck":["Strike_G","Strike_G","Strike_G","Strike_G","Strike_G","Defend_G","Defend_G","Defend_G","Defend_G","Defend_G","Survivor","Neutralize","Outmaneuver","Flying Knee","Deadly Poison","Apotheosis+1","Dash","Noxious Fumes","Backstab+1","Bouncing Flask","Burst","Backflip","Bandage Up","Bane+1","Backflip+1","Catalyst","Adrenaline","Crippling Poison+1","Acrobatics+1","Swift Strike","Quick Slash+1","Dodge and Roll+1","Slice","Parasite","PiercingWail+1"],"special_seed":0,"relics":["Ring of the Snake","PreservedInsect","Pen Nib","Black Star","Omamori","Girya","Singing Bowl","Gremlin Horn","Potion Belt","Question Card","Calling Bell","Happy Flower","Letter Opener","Nunchaku","Calipers","Snake Skull","The Courier","Centennial Puzzle","Ninja Scroll","Oddly Smooth Stone","Strawberry","Pear"],"potions_floor_usage":[55,55,55],"damage_taken":[{"damage":0.0,"enemies":"Small Slimes","floor":1.0,"turns":5.0},{"damage":0.0,"enemies":"Cultist","floor":2.0,"turns":4.0},{"damage":0.0,"enemies":"Jaw Worm","floor":3.0,"turns":4.0},{"damage":0.0,"enemies":"3 Louse","floor":5.0,"turns":4.0},{"damage":9.0,"enemies":"Gremlin Nob","floor":6.0,"turns":4.0},{"damage":0.0,"enemies":"Large Slime","floor":8.0,"turns":7.0},{"damage":1.0,"enemies":"Gremlin Gang","floor":11.0,"turns":5.0},{"damage":1.0,"enemies":"3 Sentries","floor":13.0,"turns":5.0},{"damage":2.0,"enemies":"Looter","floor":14.0,"turns":3.0},{"damage":16.0,"enemies":"Slime Boss","floor":16.0,"turns":7.0},{"damage":10.0,"enemies":"Spheric Guardian","floor":18.0,"turns":4.0},{"damage":8.0,"enemies":"Chosen","floor":20.0,"turns":5.0},{"damage":6.0,"enemies":"Sentry and Sphere","floor":21.0,"turns":5.0},{"damage":30.0,"enemies":"Book of Stabbing","floor":23.0,"turns":7.0},{"damage":25.0,"enemies":"Slavers","floor":29.0,"turns":6.0},{"damage":18.0,"enemies":"Snake Plant","floor":31.0,"turns":3.0},{"damage":31.0,"enemies":"Automaton","floor":33.0,"turns":10.0},{"damage":62.0,"enemies":"3 Darklings","floor":35.0,"turns":5.0},{"damage":0.0,"enemies":"Mind Bloom Boss Battle","floor":36.0,"turns":4.0},{"damage":0.0,"enemies":"Orb Walker","floor":39.0,"turns":4.0},{"damage":17.0,"enemies":"Nemesis","floor":41.0,"turns":5.0},{"damage":2.0,"enemies":"Transient","floor":45.0,"turns":5.0},{"damage":0.0,"enemies":"Writhing Mass","floor":47.0,"turns":4.0},{"damage":15.0,"enemies":"Spire Growth","floor":48.0,"turns":4.0},{"damage":82.0,"enemies":"Donu and Deca","floor":50.0,"turns":12.0},{"damage":2.0,"enemies":"Shield and Spear","floor":54.0,"turns":4.0},{"damage":107,"enemies":"The Heart","floor":55,"turns":5}],"seed_played":"9216943048464258837","potions_obtained":[{"floor":2.0,"key":"Dexterity Potion"},{"floor":3.0,"key":"SkillPotion"},{"floor":8.0,"key":"Explosive Potion"},{"floor":11.0,"key":"EssenceOfSteel"},{"floor":18.0,"key":"SkillPotion"},{"floor":23.0,"key":"PowerPotion"},{"floor":31.0,"key":"Swift Potion"},{"floor":35.0,"key":"SteroidPotion"},{"floor":36.0,"key":"SkillPotion"},{"floor":41.0,"key":"Weak Potion"},{"floor":45.0,"key":"Weak Potion"},{"floor":48.0,"key":"SteroidPotion"},{"floor":54.0,"key":"Swift Potion"}],"is_trial":false,"path_per_floor":["M","M","M","$","M","E","R","M","T","R","M","?","E","M","R","B",null,"M","$","M","M","?","E","R","?","T","R","?","E","R","M","R","B",null,"M","?","?","$","M","R","E","R","T","R","M","$","M","M","R","B",null,"R","$","E","B"],"character_chosen":"THE_SILENT","items_purchased":["Apotheosis","Backflip","Bandage Up","Omamori","Snake Skull","Swift Strike","GamblersBrew","Oddly Smooth Stone","Energy Potion","Slice","SpeedPotion"],"campfire_rested":5,"item_purchase_floors":[4,19,19,19,38,38,38,46,46,46,53],"current_hp_per_floor":[70,70,70,70,70,61,61,61,61,61,60,60,59,57,57,41,70,60,60,58,58,58,28,49,49,49,70,70,53,53,39,60,33,72,10,16,72,72,72,72,61,61,61,74,74,74,76,68,78,2,78,78,78,93,0],"gold":34,"neow_bonus":"HUNDRED_GOLD","is_prod":false,"is_daily":false,"chose_seed":false,"campfire_upgraded":3,"win_rate":0,"timestamp":1567479523,"path_taken":["M","M","M","$","M","E","R","M","T","R","M","?","E","M","R","BOSS","M","$","M","?","?","E","R","?","T","R","?","E","R","M","R","BOSS","M","?","?","$","M","R","E","R","T","R","M","$","M","M","R","BOSS","R","$","E","BOSS"],"build_version":"2019-07-17","purchased_purges":1,"victory":false,"max_hp_per_floor":[70,70,70,70,70,70,70,70,70,70,70,70,70,70,70,70,70,70,70,70,70,70,70,70,70,70,70,70,72,72,72,72,72,72,72,72,72,72,72,72,74,74,74,74,74,74,76,78,78,78,78,78,78,95,95],"card_choices":[{"not_picked":["Tactician","Prepared"],"picked":"Outmaneuver","floor":1.0},{"not_picked":["Choke","Masterful Stab"],"picked":"Flying Knee","floor":2.0},{"not_picked":["Predator","Endless Agony"],"picked":"Deadly Poison","floor":3.0},{"not_picked":["Eviscerate","Quick Slash"],"picked":"Dash","floor":5.0},{"not_picked":["Expertise","Leg Sweep"],"picked":"Noxious Fumes","floor":6.0},{"not_picked":["Cloak And Dagger","Expertise","Quick Slash"],"picked":"SKIP","floor":8.0},{"not_picked":["Dagger Throw","Calculated Gamble"],"picked":"Noxious Fumes","floor":11.0},{"not_picked":["Cloak And Dagger","Accuracy"],"picked":"Backstab","floor":13.0},{"not_picked":["Deflect","Dagger Throw"],"picked":"Bouncing Flask","floor":14.0},{"not_picked":["Grand Finale","Night Terror"],"picked":"Burst","floor":16.0},{"not_picked":["Prepared","Sucker Punch","Bane"],"picked":"SKIP","floor":18.0},{"not_picked":["Calculated Gamble","Setup"],"picked":"Bane+1","floor":20.0},{"not_picked":["Accuracy","Dodge and Roll","Finisher"],"picked":"SKIP","floor":21.0},{"not_picked":["Quick Slash","Prepared+1"],"picked":"Backflip+1","floor":23.0},{"not_picked":["Backflip","Terror","Escape Plan"],"picked":"Singing Bowl","floor":29.0},{"not_picked":["Dagger Throw","Cloak And Dagger+1","Escape Plan"],"picked":"Catalyst","floor":31.0},{"not_picked":["Tools of the Trade","Unload","Doppelganger"],"picked":"Adrenaline","floor":33.0},{"not_picked":["Bouncing Flask","Eviscerate","Acrobatics+1"],"picked":"Crippling Poison","floor":35.0},{"not_picked":["Sucker Punch","Bane+1","Accuracy+1"],"picked":"Acrobatics+1","floor":36.0},{"not_picked":["Flying Knee+1","Cloak And Dagger","Backflip"],"picked":"Quick Slash+1","floor":39.0},{"not_picked":["Predator+1","Bullet Time","Acrobatics","Infinite Blades"],"picked":"Singing Bowl","floor":41.0},{"not_picked":["Deflect+1","Blade Dance","Acrobatics+1"],"picked":"Dodge and Roll+1","floor":45.0},{"not_picked":["Slice+1","Backflip","Deflect","Well Laid Plans+1"],"picked":"Singing Bowl","floor":47.0},{"not_picked":["Acrobatics+1","Blade Dance+1","Slice+1","Eviscerate"],"picked":"Singing Bowl","floor":48.0},{"not_picked":["Deflect","Backflip+1","Acrobatics+1"],"picked":"PiercingWail+1","floor":54.0}],"player_experience":573255,"relics_obtained":[{"floor":6.0,"key":"PreservedInsect"},{"floor":13.0,"key":"Pen Nib"},{"floor":23.0,"key":"Girya"},{"floor":23.0,"key":"Singing Bowl"},{"floor":26.0,"key":"Gremlin Horn"},{"floor":29.0,"key":"Potion Belt"},{"floor":29.0,"key":"Question Card"},{"floor":34.0,"key":"Happy Flower"},{"floor":34.0,"key":"Letter Opener"},{"floor":34.0,"key":"Nunchaku"},{"floor":36.0,"key":"Calipers"},{"floor":41.0,"key":"The Courier"},{"floor":41.0,"key":"Centennial Puzzle"},{"floor":43.0,"key":"Ninja Scroll"},{"floor":54.0,"key":"Strawberry"},{"floor":54.0,"key":"Pear"}],"event_choices":[{"damage_healed":0.0,"max_hp_gain":0.0,"max_hp_loss":0.0,"gold_gain":100.0,"event_name":"Wheel of Change","player_choice":"Gold","floor":12.0,"gold_loss":0.0,"damage_taken":0.0},{"damage_healed":0.0,"max_hp_gain":0.0,"max_hp_loss":0.0,"gold_gain":0.0,"event_name":"Ghosts","player_choice":"Ignored","floor":22.0,"gold_loss":0.0,"damage_taken":0.0},{"damage_healed":0.0,"max_hp_gain":0.0,"max_hp_loss":0.0,"gold_gain":99.0,"event_name":"Nest","player_choice":"Stole From Cult","floor":25.0,"gold_loss":0.0,"damage_taken":0.0},{"damage_healed":0.0,"max_hp_gain":0.0,"max_hp_loss":0.0,"gold_gain":0.0,"event_name":"Vampires","player_choice":"Ignored","floor":28.0,"gold_loss":0.0,"damage_taken":0.0},{"damage_healed":0.0,"max_hp_gain":0.0,"max_hp_loss":0.0,"gold_gain":0.0,"event_name":"MindBloom","player_choice":"Fight","floor":36.0,"gold_loss":0.0,"damage_taken":0.0},{"cards_removed":["Noxious Fumes"],"damage_healed":56.0,"max_hp_gain":0.0,"max_hp_loss":0.0,"gold_gain":0.0,"event_name":"Bonfire Elementals","player_choice":"Offered Uncommon","floor":37.0,"gold_loss":0.0,"damage_taken":0.0}],"is_beta":false,"boss_relics":[{"not_picked":["Coffee Dripper","White Beast Statue"],"picked":"Black Star"},{"not_picked":["Orrery","Cursed Key"],"picked":"Calling Bell"}],"items_purged_floors":[38],"is_endless":false,"potions_floor_spawned":[2,3,8,11,14,18,23,31,35,36,41,45,48,54],"killed_by":"The Heart","ascension_level":0}