{"gold_per_floor":[119,136,61,61,71,71,106,106,106,106,131,131,143,154,154,251,251,268,268,11,28,28,28,59,59,59,73,91,118,148,168,168,268,268,281,281,29,44,44,44,71,71,125,148,260,272,296,328,340,352],"floor_reached":51,"playtime":1950,"items_purged":["Injury"],"score":1065,"play_id":"db316e8b-fba7-4681-9f89-fc5d4a291e57","local_time":"20190526145843","is_ascension_mode":true,"campfire_choices":[{"data":"Iron Wave","floor":6.0,"key":"SMITH"},{"floor":8.0,"key":"REST"},{"data":"Bash","floor":12.0,"key":"SMITH"},{"data":"Inflame","floor":15.0,"key":"SMITH"},{"floor":23.0,"key":"REST"},{"floor":25.0,"key":"REST"},{"floor":32.0,"key":"REST"},{"floor":40.0,"key":"REST"},{"floor":42.0,"key":"REST"},{"data":"Double Tap","floor":46.0,"key":"SMITH"},{"data":"Inflame","floor":49.0,"key":"SMITH"}],"neow_cost":"CURSE","seed_source_timestamp":0,"circlet_count":0,"master_deck":["Strike_R","Strike_R","Strike_R+1","Strike_R","Defend_R","Defend_R","Defend_R","Defend_R","Bash+1","Thunderclap+1","Iron Wave+1","Thunderclap+1","Dropkick+1","Inflame+1","Bludgeon+1","Shame","Iron Wave+1","Pummel+1","Bludgeon+1","Shrug It Off+1","Writhe","Double Tap+1","Pain","Uppercut+1","Inflame+1"],"special_seed":0,"relics":["Burning Blood","Singing Bowl","Molten Egg 2","Centennial Puzzle","Odd Mushroom","White Beast Statue","Self Forming Clay","Dead Branch","Question Card","Blood Vial","Red Skull","Bronze Scales","Cursed Key","Pantograph","Oddly Smooth Stone","MawBank"],"potions_floor_usage":[50,50,50],"damage_taken":[{"damage":1.0,"enemies":"Cultist","floor":1.0,"turns":3.0},{"damage":8.0,"enemies":"Small Slimes","floor":2.0,"turns":4.0},{"damage":10.0,"enemies":"2 Louse","floor":5.0,"turns":3.0},{"damage":36.0,"enemies":"3 Sentries","floor":7.0,"turns":8.0},{"damage":25.0,"enemies":"The Mushroom Lair","floor":11.0,"turns":4.0},{"damage":15.0,"enemies":"Exordium Thugs","floor":13.0,"turns":3.0},{"damage":13.0,"enemies":"Large Slime","floor":14.0,"turns":4.0},{"damage":0.0,"enemies":"Slime Boss","floor":16.0,"turns":6.0},{"damage":7.0,"enemies":"Chosen","floor":18.0,"turns":4.0},{"damage":0.0,"enemies":"Spheric Guardian","floor":21.0,"turns":1.0},{"damage":23.0,"enemies":"Gremlin Leader","floor":24.0,"turns":7.0},{"damage":30.0,"enemies":"3 Cultists","floor":27.0,"turns":5.0},{"damage":7.0,"enemies":"Snecko","floor":28.0,"turns":3.0},{"damage":49.0,"enemies":"Slavers","floor":30.0,"turns":4.0},{"damage":24.0,"enemies":"Snake Plant","floor":31.0,"turns":2.0},{"damage":72.0,"enemies":"Automaton","floor":33.0,"turns":8.0},{"damage":49.0,"enemies":"3 Darklings","floor":35.0,"turns":5.0},{"damage":4.0,"enemies":"Orb Walker","floor":38.0,"turns":3.0},{"damage":45.0,"enemies":"Reptomancer","floor":41.0,"turns":7.0},{"damage":44.0,"enemies":"Maw","floor":44.0,"turns":7.0},{"damage":4.0,"enemies":"Transient","floor":47.0,"turns":5.0},{"damage":20.0,"enemies":"4 Shapes","floor":48.0,"turns":5.0},{"damage":96,"enemies":"Donu and Deca","floor":50,"turns":8}],"seed_played":"5274631602592046536","potions_obtained":[{"floor":5.0,"key":"Weak Potion"},{"floor":7.0,"key":"SteroidPotion"},{"floor":11.0,"key":"Fire Potion"},{"floor":18.0,"key":"Strength Potion"},{"floor":21.0,"key":"Weak Potion"},{"floor":24.0,"key":"Fruit Juice"},{"floor":27.0,"key":"SkillPotion"},{"floor":28.0,"key":"LiquidBronze"},{"floor":30.0,"key":"Regen Potion"},{"floor":31.0,"key":"PowerPotion"},{"floor":33.0,"key":"SkillPotion"},{"floor":35.0,"key":"EssenceOfSteel"},{"floor":38.0,"key":"EssenceOfSteel"},{"floor":41.0,"key":"Swift Potion"},{"floor":44.0,"key":"Weak Potion"},{"floor":47.0,"key":"SteroidPotion"},{"floor":48.0,"key":"Ancient Potion"}],"is_trial":false,"path_per_floor":["M","M","$","?","M","R","E","R","T","?","?","R","M","M","R","B",null,"M","?","$","M","?","R","E","R","T","M","M","T","E","M","R","B",null,"M","?","$","M","?","R","E","R","T","M","?","R","M","M","R","B",null],"character_chosen":"IRONCLAD","items_purchased":["Self Forming Clay","Pantograph"],"campfire_rested":6,"item_purchase_floors":[20,37],"current_hp_per_floor":[93,91,91,72,68,68,40,69,69,66,47,47,38,31,31,37,83,84,64,64,72,72,104,89,109,109,90,93,93,52,38,73,9,91,62,92,92,98,98,120,81,117,117,81,81,81,87,75,75,12],"gold":364,"neow_bonus":"TWENTY_PERCENT_HP_BONUS","is_prod":false,"is_daily":false,"chose_seed":false,"campfire_upgraded":5,"win_rate":0,"timestamp":1558897123,"path_taken":["M","?","$","?","M","R","E","R","T","?","?","R","M","M","R","BOSS","M","?","?","M","?","R","E","R","T","M","M","?","E","?","R","BOSS","M","?","$","M","?","R","E","R","T","M","?","R","?","M","R","BOSS"],"build_version":"2019-01-23","purchased_purges":1,"victory":true,"max_hp_per_floor":[96,96,96,96,96,96,98,98,98,98,98,98,98,98,98,98,98,100,105,105,107,107,107,109,109,109,114,116,116,116,118,118,118,118,118,118,118,120,120,120,120,120,120,120,120,120,122,122,122,122],"card_choices":[{"not_picked":["True Grit","Heavy Blade"],"picked":"Thunderclap","floor":1.0},{"not_picked":["Combust","True Grit"],"picked":"Iron Wave","floor":2.0},{"not_picked":["Uppercut","Havoc","Dual Wield"],"picked":"SKIP","floor":5.0},{"not_picked":["Rampage","Twin Strike","Corruption"],"picked":"Singing Bowl","floor":7.0},{"not_picked":["Rampage+1","Burning Pact"],"picked":"Thunderclap+1","floor":11.0},{"not_picked":["Immolate+1","Flex"],"picked":"Dropkick+1","floor":13.0},{"not_picked":["Body Slam+1","Intimidate"],"picked":"Inflame","floor":14.0},{"not_picked":["Exhume","Immolate+1"],"picked":"Bludgeon+1","floor":16.0},{"not_picked":["Sword Boomerang+1","Wild Strike+1","Cleave+1"],"picked":"Singing Bowl","floor":18.0},{"not_picked":["Shrug It Off","Ghostly Armor","Thunderclap+1"],"picked":"Singing Bowl","floor":21.0},{"not_picked":["Warcry","Anger+1","Clash+1"],"picked":"Singing Bowl","floor":24.0},{"not_picked":["Metallicize","Anger+1","Shockwave"],"picked":"Iron Wave+1","floor":27.0},{"not_picked":["True Grit","Headbutt+1","Sword Boomerang+1","Armaments"],"picked":"Singing Bowl","floor":28.0},{"not_picked":["Blood for Blood+1","Reckless Charge+1","Entrench"],"picked":"Pummel+1","floor":30.0},{"not_picked":["Warcry+1","Thunderclap+1","Clash+1","Iron Wave+1"],"picked":"Singing Bowl","floor":31.0},{"not_picked":["Impervious","Offering","Brutality"],"picked":"Bludgeon+1","floor":33.0},{"not_picked":["Body Slam+1","Battle Trance","Ghostly Armor"],"picked":"Shrug It Off+1","floor":35.0},{"not_picked":["Corruption+1","Rage+1","Perfected Strike+1","Sword Boomerang+1"],"picked":"Singing Bowl","floor":38.0},{"not_picked":["Shrug It Off","Evolve+1","Reckless Charge+1"],"picked":"Double Tap","floor":41.0},{"not_picked":["Sword Boomerang+1","Pummel+1","Battle Trance"],"picked":"Uppercut+1","floor":44.0},{"not_picked":["Power Through","Ghostly Armor","Body Slam+1","Wild Strike+1"],"picked":"Singing Bowl","floor":47.0},{"not_picked":["Bloodletting","Iron Wave+1","Twin Strike+1"],"picked":"Inflame","floor":48.0}],"player_experience":282221,"relics_obtained":[{"floor":7.0,"key":"Singing Bowl"},{"floor":9.0,"key":"Molten Egg 2"},{"floor":11.0,"key":"Odd Mushroom"},{"floor":24.0,"key":"Question Card"},{"floor":26.0,"key":"Blood Vial"},{"floor":29.0,"key":"Red Skull"},{"floor":30.0,"key":"Bronze Scales"},{"floor":41.0,"key":"Oddly Smooth Stone"},{"floor":43.0,"key":"MawBank"}],"event_choices":[{"damage_healed":0.0,"max_hp_gain":0.0,"max_hp_loss":0.0,"gold_gain":0.0,"event_name":"Shining Light","player_choice":"Entered Light","floor":4.0,"gold_loss":0.0,"damage_taken":19.0,"cards_upgraded":["Strike_R","Thunderclap"]},{"damage_healed":0.0,"max_hp_gain":0.0,"max_hp_loss":0.0,"gold_gain":0.0,"event_name":"Scrap Ooze","player_choice":"Success","floor":10.0,"gold_loss":0.0,"damage_taken":3.0,"relics_obtained":["Centennial Puzzle"]},{"damage_healed":0.0,"max_hp_gain":0.0,"max_hp_loss":0.0,"gold_gain":0.0,"event_name":"Mushrooms","player_choice":"Fought Mushrooms","floor":11.0,"gold_loss":0.0,"damage_taken":0.0},{"damage_healed":0.0,"max_hp_gain":5.0,"max_hp_loss":0.0,"gold_gain":0.0,"event_name":"Forgotten Altar","player_choice":"Shed Blood","floor":19.0,"gold_loss":0.0,"damage_taken":25.0},{"damage_healed":0.0,"max_hp_gain":0.0,"max_hp_loss":0.0,"gold_gain":0.0,"event_name":"Addict","player_choice":"Stole Relic","floor":22.0,"gold_loss":0.0,"damage_taken":0.0,"relics_obtained":["Dead Branch"],"cards_obtained":["Shame"]},{"damage_healed":30.0,"max_hp_gain":0.0,"max_hp_loss":0.0,"gold_gain":0.0,"event_name":"Winding Halls","player_choice":"Writhe","floor":36.0,"gold_loss":0.0,"damage_taken":0.0,"cards_obtained":["Writhe"]},{"cards_removed":["Strike_R"],"damage_healed":0.0,"max_hp_gain":0.0,"max_hp_loss":0.0,"gold_gain":0.0,"event_name":"Falling","player_choice":"Removed Attack","floor":39.0,"gold_loss":0.0,"damage_taken":0.0},{"damage_healed":0.0,"max_hp_gain":0.0,"max_hp_loss":0.0,"gold_gain":100.0,"event_name":"Golden Shrine","player_choice":"Pray","floor":45.0,"gold_loss":0.0,"damage_taken":0.0}],"is_beta":false,"boss_relics":[{"not_picked":["Runic Pyramid","Busted Crown"],"picked":"White Beast Statue"},{"not_picked":["Black Blood","Runic Dome"],"picked":"Cursed Key"}],"items_purged_floors":[3],"is_endless":false,"potions_floor_spawned":[5,7,11,13,18,21,24,27,28,30,31,33,35,38,41,44,47,48],"ascension_level":7}