{"gold_per_floor":[11,11,11,24,44,44,70,70,70,70,86,86,100,25,25,129,129,140,140,140,160,172,172,172,183,183,183,209,209,229,241,241,241],"floor_reached":33,"playtime":1024,"items_purged":["Strike_R"],"score":247,"play_id":"c2e20880-d74a-427e-b298-a70f9f6034c2","local_time":"20180808215646","is_ascension_mode":false,"campfire_choices":[{"data":"Cleave","floor":6,"key":"SMITH"},{"data":"Flex","floor":8,"key":"SMITH"},{"data":"Clash","floor":10,"key":"SMITH"},{"data":"Cleave","floor":12,"key":"SMITH"},{"floor":15,"key":"REST"},{"floor":23,"key":"REST"},{"floor":27,"key":"REST"},{"data":"RitualDagger","floor":29,"key":"SMITH"},{"floor":32,"key":"REST"}],"neow_cost":"NO_GOLD","seed_source_timestamp":177629548623003,"circlet_count":0,"master_deck":["Strike_R","Strike_R","Strike_R","Strike_R","Defend_R","Defend_R","Defend_R","Defend_R","Bash","Inflame+1","Cleave+1","Flex+1","Clash+1","Cleave+1","Immolate","Headbutt","Spot Weakness","RitualDagger+1","Clash"],"relics":["Burning Blood","Incense Burner","GremlinMask","Du-Vu Doll","Ornamental Fan","Eternal Feather","Enchiridion","Gremlin Horn","Pen Nib"],"potions_floor_usage":[7,16],"damage_taken":[{"damage":17,"enemies":"Small Slimes","floor":1,"turns":4},{"damage":2,"enemies":"2 Louse","floor":4,"turns":2},{"damage":6,"enemies":"Jaw Worm","floor":5,"turns":3},{"damage":37,"enemies":"Lagavulin","floor":7,"turns":7},{"damage":5,"enemies":"Lots of Slimes","floor":11,"turns":2},{"damage":13,"enemies":"Large Slime","floor":13,"turns":4},{"damage":65,"enemies":"The Guardian","floor":16,"turns":8},{"damage":37,"enemies":"Shell Parasite","floor":18,"turns":5},{"damage":5,"enemies":"Chosen","floor":21,"turns":3},{"damage":4,"enemies":"Snecko","floor":22,"turns":4},{"damage":26,"enemies":"Chosen and Byrds","floor":25,"turns":5},{"damage":37,"enemies":"Snake Plant","floor":30,"turns":4},{"damage":20,"enemies":"Centurion and Healer","floor":31,"turns":4},{"damage":77,"enemies":"Champ","floor":33,"turns":9}],"seed_played":"2115731801031900850","potions_obtained":[{"floor":1,"key":"BloodPotion"},{"floor":11,"key":"PowerPotion"},{"floor":21,"key":"Swift Potion"},{"floor":25,"key":"SmokeBomb"},{"floor":31,"key":"SteroidPotion"}],"is_trial":false,"path_per_floor":["M","?","?","M","M","R","E","R","T","R","M","R","M","$","R","B",null,"M","?","?","M","M","R","?","M","T","R","T","R","M","M","R"],"character_chosen":"IRONCLAD","items_purchased":[],"campfire_rested":4,"item_purchase_floors":[],"current_hp_per_floor":[69,69,69,73,73,73,50,50,50,50,51,51,44,44,68,9,80,49,33,33,34,36,69,63,43,43,76,76,80,49,35,68,0],"gold":241,"neow_bonus":"ONE_RARE_RELIC","is_prod":false,"is_daily":false,"chose_seed":false,"campfire_upgraded":5,"win_rate":0,"timestamp":1533779806,"path_taken":["M","?","?","M","M","R","E","R","T","R","M","R","M","?","R","BOSS","M","?","?","M","M","R","?","M","T","R","?","R","M","M","R","BOSS"],"build_version":"2018-08-02","purchased_purges":1,"victory":false,"max_hp_per_floor":[80,80,80,80,80,80,80,80,80,80,80,80,80,80,80,80,80,80,80,80,80,80,80,80,80,80,80,80,80,80,80,80,80],"card_choices":[{"not_picked":["Bloodletting","Infernal Blade"],"picked":"Inflame","floor":1},{"not_picked":["Shrug It Off","Warcry"],"picked":"Cleave","floor":4},{"not_picked":["Wild Strike","Bloodletting"],"picked":"Flex","floor":5},{"not_picked":["Anger","Cleave"],"picked":"Clash","floor":7},{"not_picked":["Shrug It Off","Disarm"],"picked":"Cleave","floor":11},{"not_picked":["Combust","Perfected Strike","Sword Boomerang"],"picked":"SKIP","floor":13},{"not_picked":["Dark Embrace","Brutality"],"picked":"Immolate","floor":16},{"not_picked":["Burning Pact+1","Sentinel"],"picked":"Headbutt","floor":18},{"not_picked":["Burning Pact+1","Second Wind","Headbutt"],"picked":"SKIP","floor":21},{"not_picked":["Body Slam","Armaments"],"picked":"Spot Weakness","floor":22},{"not_picked":["Burning Pact","Body Slam","Armaments"],"picked":"SKIP","floor":25},{"not_picked":["Iron Wave","Body Slam","Corruption+1"],"picked":"SKIP","floor":30},{"not_picked":["Burning Pact","Hemokinesis"],"picked":"Clash","floor":31}],"player_experience":112972,"relics_obtained":[{"floor":7,"key":"Du-Vu Doll"},{"floor":9,"key":"Ornamental Fan"},{"floor":19,"key":"Enchiridion"},{"floor":26,"key":"Gremlin Horn"},{"floor":28,"key":"Pen Nib"}],"event_choices":[{"event_name":"Living Wall","player_choice":"Grow","floor":2,"damage_taken":0},{"event_name":"FaceTrader","player_choice":"Trade","floor":3,"damage_taken":0},{"event_name":"Cursed Tome","player_choice":"Obtained Book","floor":19,"damage_taken":0},{"event_name":"Vampires","player_choice":"Ignored","floor":20,"damage_taken":0},{"event_name":"Nest","player_choice":"Joined the Cult","floor":24,"damage_taken":0}],"is_beta":false,"boss_relics":[{"not_picked":["Astrolabe","Fusion Hammer"],"picked":"Eternal Feather"}],"items_purged_floors":[14],"is_endless":false,"potions_floor_spawned":[1,7,11,21,25,31],"killed_by":"Champ","ascension_level":0}