{"gold_per_floor":[116,116,129,146,146,146,101,132,132,145,145,29,43,24,24,124,124,64,64,83,24,40,40],"floor_reached":23,"playtime":1628,"items_purged":["Regret"],"score":191,"play_id":"a537e096-49c9-4685-a0b4-8ce7340b491c","local_time":"20190908101953","is_ascension_mode":false,"campfire_choices":[{"data":"Caltrops","floor":6,"key":"SMITH"},{"floor":15,"key":"REST"}],"neow_cost":"NONE","seed_source_timestamp":1360916081167,"circlet_count":0,"master_deck":["Strike_G","Strike_G","Strike_G","Strike_G","Defend_G","Defend_G","Defend_G","Defend_G","Defend_G","Survivor","Neutralize","Dodge and Roll","Caltrops+1","Concentrate","Blur","Cloak And Dagger","Crippling Poison","Prepared","Backflip","Footwork","Outmaneuver","A Thousand Cuts","Deadly Poison","Deflect","Wraith Form v2","Acrobatics","Underhanded Strike","Acrobatics","Caltrops","Well Laid Plans","Slice+1","Night Terror","Noxious Fumes","Slice+1"],"relics":["Ring of the Snake","Oddly Smooth Stone","Prayer Wheel","The Courier","Orrery","Nloth\u0027s Gift"],"potions_floor_usage":[16,16,22,23],"damage_taken":[{"damage":0,"enemies":"Small Slimes","floor":1,"turns":4},{"damage":0,"enemies":"Jaw Worm","floor":3,"turns":5},{"damage":3,"enemies":"Cultist","floor":4,"turns":5},{"damage":2,"enemies":"Looter","floor":7,"turns":5},{"damage":34,"enemies":"Lagavulin","floor":8,"turns":13},{"damage":3,"enemies":"Red Slaver","floor":10,"turns":6},{"damage":5,"enemies":"2 Fungi Beasts","floor":13,"turns":4},{"damage":0,"enemies":"Exordium Thugs","floor":14,"turns":5},{"damage":3,"enemies":"Hexaghost","floor":16,"turns":11},{"damage":10,"enemies":"2 Thieves","floor":18,"turns":4},{"damage":32,"enemies":"Chosen","floor":20,"turns":6},{"damage":22,"enemies":"Sentry and Sphere","floor":22,"turns":8},{"damage":7,"enemies":"Slavers","floor":23,"turns":3}],"seed_played":"7101087126995682361","potions_obtained":[{"floor":4,"key":"FearPotion"},{"floor":8,"key":"Weak Potion"},{"floor":10,"key":"SkillPotion"},{"floor":13,"key":"GhostInAJar"},{"floor":22,"key":"Strength Potion"}],"is_trial":false,"path_per_floor":["M","?","M","M","?","R","M","E","T","M","?","$","M","M","R","B",null,"M","?","M","$","M","E"],"character_chosen":"THE_SILENT","items_purchased":["Footwork","Noxious Fumes"],"campfire_rested":1,"item_purchase_floors":[12,21],"current_hp_per_floor":[70,63,63,60,60,60,58,24,24,21,21,21,16,16,37,34,70,60,60,28,28,6,0],"gold":40,"neow_bonus":"RANDOM_COMMON_RELIC","is_prod":false,"is_daily":false,"chose_seed":false,"campfire_upgraded":1,"win_rate":0,"timestamp":1567909193,"path_taken":["M","?","M","M","?","R","?","E","T","M","?","?","M","M","R","BOSS","M","?","M","$","?","E"],"build_version":"2019-07-17","purchased_purges":1,"victory":false,"max_hp_per_floor":[70,70,70,70,70,70,70,70,70,70,70,70,70,70,70,70,70,70,70,70,70,70,70],"card_choices":[{"not_picked":["Heel Hook","Reflex"],"picked":"Dodge and Roll","floor":1},{"not_picked":["Underhanded Strike","Quick Slash"],"picked":"Caltrops","floor":3},{"not_picked":["Predator","Flechettes"],"picked":"Concentrate","floor":4},{"not_picked":["Backflip","Calculated Gamble"],"picked":"Blur","floor":7},{"not_picked":["Quick Slash","Poisoned Stab"],"picked":"Cloak And Dagger","floor":7},{"not_picked":["Dodge and Roll","Blade Dance"],"picked":"Crippling Poison","floor":8},{"not_picked":["Crippling Poison","Venomology"],"picked":"Prepared","floor":10},{"not_picked":["Outmaneuver","Prepared"],"picked":"Backflip","floor":10},{"not_picked":["Deflect","Riddle With Holes"],"picked":"Outmaneuver","floor":13},{"not_picked":["Acrobatics","PiercingWail"],"picked":"A Thousand Cuts","floor":13},{"not_picked":["Escape Plan","Prepared"],"picked":"Deadly Poison","floor":14},{"not_picked":["PiercingWail","Bane"],"picked":"Deflect","floor":14},{"not_picked":["Doppelganger","Burst"],"picked":"Wraith Form v2","floor":16},{"not_picked":["Cloak And Dagger","Deflect"],"picked":"Acrobatics","floor":17},{"not_picked":["Dagger Throw","Deflect"],"picked":"Underhanded Strike","floor":17},{"not_picked":["Slice","Backflip"],"picked":"Acrobatics","floor":17},{"not_picked":["Poisoned Stab","Blade Dance"],"picked":"Caltrops","floor":17},{"not_picked":["Riddle With Holes","Outmaneuver"],"picked":"Well Laid Plans","floor":18},{"not_picked":["Endless Agony","Prepared","Acrobatics"],"picked":"SKIP","floor":18},{"not_picked":["Dodge and Roll","Dagger Spray"],"picked":"Slice+1","floor":20},{"not_picked":["Flechettes","Dagger Spray"],"picked":"Night Terror","floor":20},{"not_picked":["Acrobatics","Riddle With Holes"],"picked":"Slice+1","floor":22},{"not_picked":["Underhanded Strike","Dagger Spray","PiercingWail"],"picked":"SKIP","floor":22}],"player_experience":320112,"relics_obtained":[{"floor":8,"key":"The Courier"},{"floor":9,"key":"Paper Crane"}],"event_choices":[{"cards_removed":["Strike_G"],"damage_healed":0,"gold_gain":0,"player_choice":"Card Removal","damage_taken":7,"max_hp_gain":0,"max_hp_loss":0,"event_name":"Golden Wing","floor":2,"gold_loss":0},{"damage_healed":0,"gold_gain":0,"player_choice":"Box","damage_taken":0,"relics_obtained":["Prayer Wheel"],"max_hp_gain":0,"max_hp_loss":0,"event_name":"Big Fish","floor":5,"gold_loss":0,"cards_obtained":["Regret"]},{"damage_healed":0,"gold_gain":0,"player_choice":"Bought 0 Potions","damage_taken":0,"max_hp_gain":0,"max_hp_loss":0,"event_name":"The Woman in Blue","floor":11,"gold_loss":0},{"damage_healed":0,"gold_gain":0,"player_choice":"Traded Relic","damage_taken":0,"relics_obtained":["Nloth\u0027s Gift"],"max_hp_gain":0,"max_hp_loss":0,"event_name":"N\u0027loth","floor":19,"relics_lost":["Paper Crane"],"gold_loss":0}],"is_beta":false,"boss_relics":[{"not_picked":["Velvet Choker","Tiny House"],"picked":"Orrery"}],"items_purged_floors":[12],"is_endless":false,"potions_floor_spawned":[4,8,10,13,14,22],"killed_by":"Slavers","ascension_level":0}