{"gold_per_floor":[111,111,126,143,143,143,170,186,186,216,216,232,81,116,116,217,217,231,231,156,56,72,107,107,136,136,136,146,162,37,52,52,152,152,169,269,269,288,138,138,163,183,183,238,24,24,56,67,67,67],"floor_reached":51,"playtime":7075,"items_purged":["Strike_G","Strike_G","Defend_G","Defend_G","Defend_G"],"score":1261,"play_id":"bb9cfaa5-4a48-4ddf-a01a-9ecba7434c57","local_time":"20181007183556","is_ascension_mode":true,"campfire_choices":[{"data":"Neutralize","floor":6.0,"key":"SMITH"},{"floor":11.0,"key":"REST"},{"floor":15.0,"key":"REST"},{"floor":24.0,"key":"REST"},{"floor":27.0,"key":"REST"},{"data":"Footwork","floor":32.0,"key":"SMITH"},{"data":"Night Terror","floor":40.0,"key":"SMITH"},{"data":"Wraith Form v2","floor":46.0,"key":"SMITH"},{"data":"Noxious Fumes","floor":49.0,"key":"SMITH"}],"neow_cost":"TEN_PERCENT_HP_LOSS","seed_source_timestamp":0,"circlet_count":0,"master_deck":["Defend_G","Defend_G","Survivor","Neutralize+1","AscendersBane","Dagger Spray+1","Backflip","Flying Knee","Noxious Fumes+1","Flying Knee","Escape Plan","Footwork+1","Night Terror+1","Backstab+1","Terror","Escape Plan","Noxious Fumes+1","Deflect","Corpse Explosion","Wraith Form v2+1","Well Laid Plans+1","Footwork+1","Acrobatics","Quick Slash","Escape Plan+1","Outmaneuver+1","Bane"],"special_seed":0,"relics":["Ring of the Snake","Paper Crane","Darkstone Periapt","Singing Bowl","Gremlin Horn","Ancient Tea Set","Sozu","Gambling Chip","Bag of Preparation","Potion Belt","Coffee Dripper","Pantograph","Toxic Egg 2","Omamori","Whetstone"],"potions_floor_usage":[],"damage_taken":[{"damage":3.0,"enemies":"Small Slimes","floor":1.0,"turns":7.0},{"damage":7.0,"enemies":"Jaw Worm","floor":3.0,"turns":7.0},{"damage":0.0,"enemies":"Cultist","floor":4.0,"turns":5.0},{"damage":24.0,"enemies":"3 Sentries","floor":7.0,"turns":10.0},{"damage":1.0,"enemies":"Looter","floor":8.0,"turns":3.0},{"damage":23.0,"enemies":"Gremlin Nob","floor":10.0,"turns":5.0},{"damage":7.0,"enemies":"Gremlin Gang","floor":12.0,"turns":4.0},{"damage":12.0,"enemies":"Lagavulin","floor":14.0,"turns":8.0},{"damage":27.0,"enemies":"Slime Boss","floor":16.0,"turns":14.0},{"damage":7.0,"enemies":"3 Byrds","floor":18.0,"turns":5.0},{"damage":12.0,"enemies":"Colosseum Slavers","floor":19.0,"turns":7.0},{"damage":8.0,"enemies":"2 Thieves","floor":22.0,"turns":3.0},{"damage":20.0,"enemies":"Gremlin Leader","floor":23.0,"turns":8.0},{"damage":17.0,"enemies":"Slavers","floor":25.0,"turns":8.0},{"damage":0.0,"enemies":"Centurion and Healer","floor":28.0,"turns":7.0},{"damage":1.0,"enemies":"3 Cultists","floor":29.0,"turns":4.0},{"damage":3.0,"enemies":"Snecko","floor":31.0,"turns":5.0},{"damage":18.0,"enemies":"Automaton","floor":33.0,"turns":7.0},{"damage":0.0,"enemies":"3 Darklings","floor":35.0,"turns":4.0},{"damage":0.0,"enemies":"Orb Walker","floor":38.0,"turns":4.0},{"damage":0.0,"enemies":"Giant Head","floor":41.0,"turns":10.0},{"damage":1.0,"enemies":"Spire Growth","floor":42.0,"turns":6.0},{"damage":0.0,"enemies":"2 Orb Walkers","floor":47.0,"turns":4.0},{"damage":0.0,"enemies":"Maw","floor":48.0,"turns":7.0},{"damage":18,"enemies":"Awakened One","floor":50,"turns":16}],"seed_played":"4112834474422163291","potions_obtained":[{"floor":3.0,"key":"Energy Potion"},{"floor":10.0,"key":"Regen Potion"},{"floor":12.0,"key":"FairyPotion"},{"floor":16.0,"key":"Poison Potion"}],"is_trial":false,"path_per_floor":["M","?","M","M","?","R","E","M","T","E","R","M","$","E","R","B",null,"M","?","?","$","M","E","R","E","T","R","M","M","$","M","R","B",null,"M","?","?","M","$","R","E","M","T","T","$","R","E","M","R","B"],"character_chosen":"THE_SILENT","items_purchased":["Footwork","Escape Plan+1"],"campfire_rested":4,"item_purchase_floors":[13,45],"current_hp_per_floor":[60,65,58,58,51,51,27,26,26,3,23,16,16,21,42,15,56,49,37,37,37,31,11,32,15,15,36,36,35,35,32,32,14,58,58,58,60,60,60,60,60,59,59,59,59,59,59,59,59,56],"gold":67,"neow_bonus":"REMOVE_TWO","is_prod":false,"is_daily":false,"chose_seed":false,"campfire_upgraded":5,"win_rate":0,"timestamp":1538930156,"path_taken":["M","?","M","M","?","R","E","M","T","E","R","?","$","E","R","BOSS","BOSS","M","?","?","?","?","E","R","E","T","R","M","M","$","M","R","BOSS","M","?","?","?","$","R","E","?","T","?","$","R","E","M","R","BOSS"],"build_version":"2018-10-04v2","purchased_purges":5,"victory":true,"max_hp_per_floor":[63,68,68,68,68,68,68,68,68,68,68,68,68,70,70,70,70,70,70,70,70,72,72,72,72,72,72,72,72,72,72,72,72,72,72,72,74,74,74,74,74,74,74,74,74,74,74,74,74,74],"card_choices":[{"not_picked":["Underhanded Strike","Deadly Poison"],"picked":"Dagger Spray","floor":1.0},{"not_picked":["Acrobatics","PiercingWail"],"picked":"Backflip","floor":3.0},{"not_picked":["Dagger Spray","Acrobatics"],"picked":"Flying Knee","floor":4.0},{"not_picked":["PiercingWail","Night Terror"],"picked":"Noxious Fumes","floor":7.0},{"not_picked":["Dodge and Roll","Blade Dance","Tactician"],"picked":"SKIP","floor":8.0},{"not_picked":["Acrobatics","Underhanded Strike"],"picked":"Flying Knee","floor":10.0},{"not_picked":["Accuracy","Quick Slash"],"picked":"Escape Plan","floor":12.0},{"not_picked":["Expertise","Underhanded Strike","Phantasmal Killer"],"picked":"Singing Bowl","floor":14.0},{"not_picked":["Grand Finale","Unload"],"picked":"Night Terror","floor":16.0},{"not_picked":["Reflex","Dash"],"picked":"Backstab","floor":18.0},{"not_picked":["Finisher","Underhanded Strike+1","Masterful Stab"],"picked":"Singing Bowl","floor":22.0},{"not_picked":["Quick Slash","Deflect"],"picked":"Terror","floor":23.0},{"not_picked":["Predator","Dagger Throw"],"picked":"Escape Plan","floor":25.0},{"not_picked":["Poisoned Stab","Deadly Poison"],"picked":"Noxious Fumes+1","floor":28.0},{"not_picked":["Poisoned Stab","Blade Dance"],"picked":"Deflect","floor":29.0},{"not_picked":["Finisher","Blade Dance+1"],"picked":"Corpse Explosion","floor":31.0},{"not_picked":["After Image","Bullet Time"],"picked":"Wraith Form v2","floor":33.0},{"not_picked":["Noxious Fumes","Deflect"],"picked":"Well Laid Plans+1","floor":35.0},{"not_picked":["HandOfGreed","Forethought","Trip"],"picked":"Singing Bowl","floor":37.0},{"not_picked":["Underhanded Strike","Concentrate"],"picked":"Footwork+1","floor":38.0},{"not_picked":["Caltrops+1","Sucker Punch"],"picked":"Acrobatics","floor":41.0},{"not_picked":["Outmaneuver","Noxious Fumes"],"picked":"Quick Slash","floor":42.0},{"not_picked":["Dagger Throw","Dagger Spray"],"picked":"Outmaneuver+1","floor":47.0},{"not_picked":["Dagger Spray+1","Quick Slash"],"picked":"Bane","floor":48.0}],"player_experience":224075,"relics_obtained":[{"floor":7.0,"key":"Darkstone Periapt"},{"floor":9.0,"key":"Singing Bowl"},{"floor":10.0,"key":"Gremlin Horn"},{"floor":14.0,"key":"Ancient Tea Set"},{"floor":23.0,"key":"Gambling Chip"},{"floor":25.0,"key":"Bag of Preparation"},{"floor":26.0,"key":"Potion Belt"},{"floor":41.0,"key":"Pantograph"},{"floor":43.0,"key":"Toxic Egg 2"},{"floor":44.0,"key":"Omamori"},{"floor":47.0,"key":"Whetstone"}],"event_choices":[{"event_name":"Big Fish","player_choice":"Donut","floor":2.0,"damage_taken":0.0},{"event_name":"Scrap Ooze","player_choice":"success","floor":5.0,"damage_taken":7.0},{"event_name":"Colosseum","player_choice":"Fight","floor":19.0,"damage_taken":0.0},{"event_name":"Colosseum","player_choice":"Fled From Nobs","floor":19.0,"damage_taken":0.0},{"event_name":"Beggar","player_choice":"Gave Gold","floor":20.0,"damage_taken":0.0},{"event_name":"Golden Shrine","player_choice":"Pray","floor":36.0,"damage_taken":0.0},{"event_name":"SensoryStone","player_choice":"Memory 1","floor":37.0,"damage_taken":0.0}],"is_beta":false,"boss_relics":[{"not_picked":["Astrolabe","HoveringKite"],"picked":"Sozu"},{"not_picked":["Ring of the Serpent","Pandora\u0027s Box"],"picked":"Coffee Dripper"}],"items_purged_floors":[13,21,30,39,45],"is_endless":false,"potions_floor_spawned":[3,10,12,16,18,25,28,31,47,48],"ascension_level":12}