{"path_per_floor":["M","M","$","?","M","R","M","R","T","M","R","M","?","M","R","B",null,"M","?","M","$","T","R","M","?","T","M","?","M","$","?","R","B",null,"M","?","?","M","M","R","M","R","T","R","?","M","?","M","R"],"character_chosen":"IRONCLAD","items_purchased":["Blind","Meat on the Bone","Madness","Finesse"],"gold_per_floor":[111,128,33,33,45,45,60,60,142,158,158,173,173,193,193,321,321,336,336,361,2,80,80,104,104,130,149,64,89,2,2,2,128,128,147,147,0,21,36,36,52,52,52,52,52,65,65,81,81],"floor_reached":50,"campfire_rested":3,"playtime":6921,"current_hp_per_floor":[80,77,77,77,80,80,78,78,78,80,80,80,60,63,80,46,80,73,73,16,16,26,61,48,32,32,26,26,40,40,40,77,42,90,81,71,71,77,39,51,37,51,51,65,65,51,83,71,83],"items_purged":[],"gold":81,"play_id":"e38a6229-da84-4aec-b95d-e3be5ce734e3","is_prod":false,"is_daily":false,"is_ascension_mode":false,"campfire_upgraded":7,"path_taken":["M","M","$","?","M","R","M","R","T","M","R","M","?","M","R","BOSS","M","?","?","?","?","R","M","?","T","M","?","?","?","?","R","BOSS","M","?","?","?","M","R","M","R","T","R","?","M","?","?","R","BOSS"],"build_version":"2018-01-25-PROD3","purchased_purges":1,"victory":false,"master_deck":["Strike_R+1","Strike_R+1","Strike_R+1","Strike_R+1","Defend_R+1","Defend_R+1","Defend_R+1","Defend_R+1","Bash","Headbutt","Heavy Blade+1","Blind+1","Inflame","Armaments+1","Flex+1","Rampage","Seeing Red","Demon Form+1","Cleave","Disarm+1","Madness","Heavy Blade","Necronomicurse","Anger","Whirlwind","Finesse","Inflame","Double Tap+1","Power Through+1","Madness","Madness","Thunderclap","Feed","Searing Blow+3","Intimidate","Fire Breathing","Seeing Red+1"],"max_hp_per_floor":[80,80,80,80,80,80,80,80,80,80,80,80,80,80,80,80,80,80,80,80,80,90,90,90,90,90,90,90,90,90,90,90,90,90,90,90,90,90,90,90,90,90,90,90,90,93,83,83,83],"relics":["Burning Blood","Dodecahedron","Golden Idol","Eternal Feather","Meat on the Bone","Pear","Necronomicon","Prayer Wheel","Bronze Scales","Velvet Choker","Red Mask","Mercury Hourglass"],"card_choices":[{"not_picked":["Anger","Combust"],"picked":"Headbutt"},{"not_picked":["Sword Boomerang","Headbutt"],"picked":"Heavy Blade"},{"not_picked":["Sword Boomerang","Feel No Pain"],"picked":"Inflame"},{"not_picked":["Anger","Disarm"],"picked":"Armaments"},{"not_picked":["Dark Embrace","Clash"],"picked":"Flex"},{"not_picked":["Thunderclap","Rupture"],"picked":"Rampage"},{"not_picked":["Dual Wield","Corruption"],"picked":"Seeing Red"},{"not_picked":["Juggernaut","Bludgeon"],"picked":"Demon Form"},{"not_picked":["Twin Strike","Inflame"],"picked":"Cleave"},{"not_picked":["Sword Boomerang","Clash"],"picked":"Disarm"},{"not_picked":["True Grit","Sever Soul"],"picked":"Heavy Blade"},{"not_picked":["Clothesline","Iron Wave"],"picked":"Anger"},{"not_picked":["Clash","Brutality"],"picked":"Whirlwind"},{"not_picked":["Demon Form","Feed"],"picked":"Double Tap"},{"not_picked":["Perfected Strike","Iron Wave"],"picked":"Power Through"},{"not_picked":["Twin Strike","Iron Wave"],"picked":"Thunderclap"},{"not_picked":["Sword Boomerang","Corruption"],"picked":"Feed"},{"not_picked":["Combust","Intimidate"],"picked":"Searing Blow"},{"not_picked":["Pummel","Headbutt"],"picked":"Intimidate"},{"not_picked":["Iron Wave","Headbutt"],"picked":"Fire Breathing"},{"not_picked":["Clothesline","Headbutt"],"picked":"Seeing Red"}],"player_experience":27685,"potions_floor_usage":[12,16,18,33,33,46],"damage_taken":[{"damage":0,"enemies":"2 Louse","floor":1,"turns":4},{"damage":9,"enemies":"Blue Slaver","floor":2,"turns":7},{"damage":0,"enemies":"Small Slimes","floor":5,"turns":5},{"damage":8,"enemies":"Exordium Wildlife","floor":7,"turns":4},{"damage":0,"enemies":"3 Louse","floor":10,"turns":4},{"damage":0,"enemies":"Large Slime","floor":12,"turns":1},{"damage":3,"enemies":"Red Slaver","floor":14,"turns":4},{"damage":40,"enemies":"Slime Boss","floor":16,"turns":7},{"damage":13,"enemies":"Chosen","floor":18,"turns":4},{"damage":63,"enemies":"3 Byrds","floor":20,"turns":10},{"damage":31,"enemies":"Centurion and Healer","floor":24,"turns":9},{"damage":24,"enemies":"Snecko","floor":27,"turns":4},{"damage":4,"enemies":"3 Cultists","floor":29,"turns":5},{"damage":53,"enemies":"Collector","floor":33,"turns":7},{"damage":15,"enemies":"Orb Walker","floor":35,"turns":3},{"damage":0,"enemies":"3 Shapes","floor":38,"turns":2},{"damage":56,"enemies":"Maw","floor":39,"turns":9},{"damage":32,"enemies":"3 Darklings","floor":41,"turns":4},{"damage":35,"enemies":"Sphere and 2 Shapes","floor":46,"turns":4},{"damage":18,"enemies":"Maw","floor":48,"turns":6},{"damage":91,"enemies":"Awakened One","floor":50,"turns":9}],"event_choices":[{"event_name":"Accursed Blacksmith","player_choice":"Forge","floor":4,"damage_taken":0},{"event_name":"Golden Idol","player_choice":"Take Damage","floor":13,"damage_taken":0},{"event_name":"Back to Basics","player_choice":"Simplicity","floor":19,"damage_taken":0},{"event_name":"Cursed Tome","player_choice":"Obtained Book","floor":25,"damage_taken":0},{"event_name":"Addict","player_choice":"Obtained Relic","floor":28,"damage_taken":0},{"event_name":"Duplicator","player_choice":"One dupe","floor":31,"damage_taken":0},{"event_name":"Winding Halls","player_choice":"Embrace Madness","floor":36,"damage_taken":0},{"event_name":"Tomb of Lord Red Mask","player_choice":"Paid","floor":37,"damage_taken":0},{"event_name":"The Moai Head","player_choice":"Heal","floor":47,"damage_taken":0}],"boss_relics":[{"not_picked":["Snecko Eye","Calling Bell"],"picked":"Eternal Feather"},{"not_picked":["Philosopher\u0027s Stone","Astrolabe"],"picked":"Velvet Choker"}],"potions_floor_spawned":[2,7,16,18,33,41,48],"seed_played":"-4209837249902539928","killed_by":"Awakened One","ascension_level":0,"is_trial":false}