{"gold_per_floor":[119,194,214,234,244,244,269,269,269,219,247,262,278,106,106,201,201,214,139,139,139,139,139],"floor_reached":23,"playtime":2216,"items_purged":[],"score":269,"play_id":"df463128-ab7a-4e74-94b1-a2de18e08e88","local_time":"20190604222348","is_ascension_mode":true,"campfire_choices":[{"data":"Backflip","floor":6.0,"key":"SMITH"},{"floor":8.0,"key":"REST"},{"floor":15.0,"key":"REST"}],"neow_cost":"NONE","seed_source_timestamp":431649901489807,"circlet_count":0,"master_deck":["Defend_G+1","Defend_G+1","Defend_G+1","Defend_G+1","Defend_G+1","Strike_G+1","Survivor","Neutralize","Blur","Outmaneuver","Adrenaline","Backflip+1","Outmaneuver","Well Laid Plans+1","Dash","Footwork+1","Backstab","Dodge and Roll","Corpse Explosion","Malaise+1","Footwork+1","Acrobatics+1"],"special_seed":0,"relics":["Ring of the Snake","Vajra","Regal Pillow","Paper Crane","Frozen Egg 2","Astrolabe"],"potions_floor_usage":[16,23],"damage_taken":[{"damage":1.0,"enemies":"2 Louse","floor":1.0,"turns":3.0},{"damage":3.0,"enemies":"Small Slimes","floor":3.0,"turns":5.0},{"damage":0.0,"enemies":"Jaw Worm","floor":4.0,"turns":6.0},{"damage":0.0,"enemies":"Blue Slaver","floor":5.0,"turns":6.0},{"damage":11.0,"enemies":"Lagavulin","floor":7.0,"turns":8.0},{"damage":24.0,"enemies":"Gremlin Nob","floor":11.0,"turns":5.0},{"damage":3.0,"enemies":"Large Slime","floor":12.0,"turns":15.0},{"damage":4.0,"enemies":"Exordium Wildlife","floor":13.0,"turns":13.0},{"damage":49,"enemies":"Slime Boss","floor":16,"turns":36},{"damage":23,"enemies":"3 Byrds","floor":18,"turns":4},{"damage":66,"enemies":"Gremlin Leader","floor":23,"turns":8}],"seed_played":"4521053233933783380","potions_obtained":[{"floor":1.0,"key":"PowerPotion"},{"floor":3.0,"key":"Energy Potion"},{"floor":5.0,"key":"EntropicBrew"},{"floor":16,"key":"Regen Potion"}],"is_trial":false,"path_per_floor":["M","?","M","M","M","R","E","R","T","?","E","M","M","$","R","B",null,"M","?","?","?","?","E"],"character_chosen":"THE_SILENT","items_purchased":["Footwork+1","Backstab","Dodge and Roll"],"campfire_rested":2,"item_purchase_floors":[14,14,14],"current_hp_per_floor":[62,51,48,48,48,48,37,70,70,70,46,43,39,39,70,21,58,35,35,35,58,45,0],"gold":139,"neow_bonus":"RANDOM_COMMON_RELIC","is_prod":false,"is_daily":false,"chose_seed":false,"campfire_upgraded":1,"win_rate":0,"timestamp":1559701428,"path_taken":["M","?","M","M","M","R","E","R","T","?","E","M","M","$","R","BOSS","M","?","?","?","?","E"],"build_version":"2019-01-23","purchased_purges":0,"victory":false,"max_hp_per_floor":[70,70,70,70,70,70,70,70,70,70,70,70,70,70,70,70,70,70,70,70,70,75,75],"card_choices":[{"not_picked":["Predator","Blade Dance"],"picked":"Blur","floor":1.0},{"not_picked":["Deadly Poison","Infinite Blades"],"picked":"Outmaneuver","floor":3.0},{"not_picked":["Leg Sweep","Cloak And Dagger"],"picked":"Adrenaline","floor":4.0},{"not_picked":["Quick Slash","Underhanded Strike"],"picked":"Backflip","floor":5.0},{"not_picked":["Prepared","Riddle With Holes"],"picked":"Outmaneuver","floor":7.0},{"not_picked":["Bane","Cloak And Dagger"],"picked":"Acrobatics","floor":11.0},{"not_picked":["Dodge and Roll","Bane"],"picked":"Well Laid Plans+1","floor":12.0},{"not_picked":["Blade Dance","Night Terror"],"picked":"Dash","floor":13.0},{"not_picked":["Envenom+1","Phantasmal Killer"],"picked":"Corpse Explosion","floor":16},{"not_picked":["Escape Plan","Bane","Prepared"],"picked":"SKIP","floor":18}],"player_experience":325367,"relics_obtained":[{"floor":7.0,"key":"Regal Pillow"},{"floor":9.0,"key":"Paper Crane"},{"floor":11.0,"key":"Frozen Egg 2"}],"event_choices":[{"damage_healed":0.0,"max_hp_gain":0.0,"max_hp_loss":0.0,"gold_gain":75.0,"event_name":"World of Goop","player_choice":"Gather Gold","floor":2.0,"gold_loss":0.0,"damage_taken":11.0},{"cards_removed":["Strike_G"],"damage_healed":0.0,"max_hp_gain":0.0,"max_hp_loss":0.0,"gold_gain":0.0,"event_name":"The Cleric","player_choice":"Card Removal","floor":10.0,"gold_loss":50.0,"damage_taken":0.0},{"cards_removed":["Acrobatics"],"damage_healed":0,"gold_gain":0,"player_choice":"Gave Gold","damage_taken":0,"max_hp_gain":0,"max_hp_loss":0,"event_name":"Beggar","floor":19,"gold_loss":75},{"damage_healed":0,"gold_gain":0,"player_choice":"Simplicity","damage_taken":0,"max_hp_gain":0,"max_hp_loss":0,"event_name":"Back to Basics","floor":20,"gold_loss":0,"cards_upgraded":["Defend_G","Defend_G","Defend_G","Defend_G","Defend_G","Strike_G"]},{"damage_healed":23,"gold_gain":0,"player_choice":"Heal","damage_taken":0,"max_hp_gain":0,"max_hp_loss":0,"event_name":"The Library","floor":21,"gold_loss":0},{"damage_healed":0,"gold_gain":0,"player_choice":"Shed Blood","damage_taken":18,"max_hp_gain":5,"max_hp_loss":0,"event_name":"Forgotten Altar","floor":22,"gold_loss":0}],"is_beta":false,"boss_relics":[{"not_picked":["Pandora\u0027s Box","Snecko Eye"],"picked":"Astrolabe"}],"items_purged_floors":[],"is_endless":false,"potions_floor_spawned":[1,3,5,16],"killed_by":"Gremlin Leader","ascension_level":7}