{"gold_per_floor":[112,132,132,132,132,159,159,169,169,169,169,169,185,205,205,306,306,318,233,80,0,0,20,20,40,87,87,87,87,98,98],"floor_reached":31,"playtime":2070,"items_purged":[],"score":280,"play_id":"523e742c-e356-4128-8c7b-b39eff186c56","local_time":"20190912234954","is_ascension_mode":true,"campfire_choices":[{"floor":7,"key":"REST"},{"floor":11,"key":"REST"},{"floor":15,"key":"RECALL"},{"floor":24,"key":"REST"},{"floor":28,"key":"REST"}],"neow_cost":"NONE","seed_source_timestamp":112538455333100,"circlet_count":0,"master_deck":["Strike_G+1","Strike_G","Strike_G","Strike_G","Strike_G","Defend_G+1","Defend_G","Defend_G+1","Defend_G","Defend_G","Survivor","Neutralize+1","Skewer","Infinite Blades","Backflip","Eviscerate","Bouncing Flask","Backflip","Doppelganger","PiercingWail","Backflip","Writhe"],"relics":["Runic Dome","Tough Bandages","Smiling Mask","War Paint","Velvet Choker","Singing Bowl","Whetstone","Bag of Marbles","Shuriken"],"potions_floor_usage":[],"damage_taken":[{"damage":0,"enemies":"2 Louse","floor":1,"turns":3},{"damage":1,"enemies":"Small Slimes","floor":2,"turns":4},{"damage":36,"enemies":"3 Sentries","floor":6,"turns":13},{"damage":0,"enemies":"Cultist","floor":8,"turns":4},{"damage":9,"enemies":"2 Fungi Beasts","floor":13,"turns":4},{"damage":0,"enemies":"3 Louse","floor":14,"turns":4},{"damage":40,"enemies":"The Guardian","floor":16,"turns":13},{"damage":20,"enemies":"Spheric Guardian","floor":18,"turns":6},{"damage":29,"enemies":"3 Byrds","floor":23,"turns":6},{"damage":26,"enemies":"Centurion and Healer","floor":25,"turns":14},{"damage":17,"enemies":"Snake Plant","floor":30,"turns":4},{"damage":25,"enemies":"Cultist and Chosen","floor":31,"turns":6}],"seed_played":"118634565501569099","potions_obtained":[{"floor":2,"key":"SteroidPotion"},{"floor":8,"key":"Regen Potion"},{"floor":25,"key":"Energy Potion"},{"floor":30,"key":"Poison Potion"}],"is_trial":false,"path_per_floor":["M","M","?","$","?","E","R","M","T","$","R","?","M","M","R","B",null,"M","?","$","?","?","M","R","M","T","?","R","?","M","M"],"character_chosen":"THE_SILENT","items_purchased":["Whetstone"],"campfire_rested":4,"item_purchase_floors":[20],"current_hp_per_floor":[70,69,57,57,57,21,42,42,42,42,63,63,54,54,54,14,70,50,50,50,50,50,23,44,20,20,20,42,35,20,0],"gold":98,"neow_bonus":"BOSS_RELIC","is_prod":false,"is_daily":false,"chose_seed":false,"campfire_upgraded":0,"win_rate":0,"timestamp":1568350194,"path_taken":["M","M","?","$","?","E","R","M","T","$","R","?","M","M","R","BOSS","M","?","$","?","?","M","R","M","T","?","R","?","M","M"],"build_version":"2019-07-17","purchased_purges":0,"victory":false,"max_hp_per_floor":[70,70,70,70,70,70,70,70,70,70,70,70,70,70,70,70,70,70,70,70,70,70,72,72,74,74,74,74,74,76,76],"card_choices":[{"not_picked":["Deadly Poison","Blade Dance"],"picked":"Skewer","floor":1},{"not_picked":["Backstab","Prepared"],"picked":"Infinite Blades","floor":2},{"not_picked":["Dagger Throw","Tools of the Trade"],"picked":"Backflip","floor":6},{"not_picked":["Dagger Spray","Caltrops"],"picked":"Eviscerate","floor":8},{"not_picked":["Poisoned Stab","Blade Dance"],"picked":"Bouncing Flask","floor":13},{"not_picked":["Masterful Stab","Reflex"],"picked":"Backflip","floor":14},{"not_picked":["Grand Finale","Bullet Time"],"picked":"Doppelganger","floor":16},{"not_picked":["Deflect","Setup"],"picked":"PiercingWail","floor":18},{"not_picked":["Endless Agony","PiercingWail","Backflip"],"picked":"Singing Bowl","floor":23},{"not_picked":["Dodge and Roll","Blade Dance","Deflect"],"picked":"Singing Bowl","floor":25},{"not_picked":["Bane+1","Deflect","Dodge and Roll"],"picked":"Singing Bowl","floor":30}],"player_experience":374057,"relics_obtained":[{"floor":6,"key":"Smiling Mask"},{"floor":26,"key":"Bag of Marbles"}],"event_choices":[{"damage_healed":0,"gold_gain":0,"player_choice":"Success","damage_taken":12,"relics_obtained":["Tough Bandages"],"max_hp_gain":0,"max_hp_loss":0,"event_name":"Scrap Ooze","floor":3,"gold_loss":0},{"damage_healed":0,"gold_gain":0,"player_choice":"Ignored","damage_taken":0,"max_hp_gain":0,"max_hp_loss":0,"event_name":"Golden Wing","floor":5,"gold_loss":0},{"damage_healed":0,"gold_gain":0,"player_choice":"Gave Potion","damage_taken":0,"relics_obtained":["War Paint"],"max_hp_gain":0,"max_hp_loss":0,"event_name":"WeMeetAgain","floor":12,"gold_loss":0},{"damage_healed":0,"gold_gain":0,"player_choice":"Obtained Relic","damage_taken":0,"relics_obtained":["Singing Bowl"],"max_hp_gain":0,"max_hp_loss":0,"event_name":"Addict","floor":19,"gold_loss":85},{"damage_healed":0,"gold_gain":0,"player_choice":"Paid Fearfully","damage_taken":0,"max_hp_gain":0,"max_hp_loss":0,"event_name":"Masked Bandits","floor":21,"gold_loss":80},{"damage_healed":0,"gold_gain":0,"player_choice":"Read","damage_taken":0,"max_hp_gain":0,"max_hp_loss":0,"event_name":"The Library","floor":22,"gold_loss":0,"cards_obtained":["Backflip"]},{"damage_healed":0,"gold_gain":0,"player_choice":"Opened","damage_taken":0,"relics_obtained":["Shuriken"],"max_hp_gain":0,"max_hp_loss":0,"event_name":"The Mausoleum","floor":27,"gold_loss":0,"cards_obtained":["Writhe"]},{"damage_healed":0,"gold_gain":0,"player_choice":"","damage_taken":7,"max_hp_gain":0,"max_hp_loss":0,"event_name":"Knowing Skull","floor":29,"potions_obtained":[],"gold_loss":0,"cards_obtained":[]}],"is_beta":false,"boss_relics":[{"not_picked":["Snecko Eye","Sozu"],"picked":"Velvet Choker"}],"items_purged_floors":[],"is_endless":false,"potions_floor_spawned":[2,8,25,30],"killed_by":"Cultist and Chosen","ascension_level":4}