{"path_per_floor":["M","?","M","?","M","E","R","E","T","R","E","M","R","?","R","B",null,"M","?","M","$","M","R","E","R","T","M","R","M","R","$","R","B",null,"M","M","?","T","M","R","?","R","T","?","E","M","E","M","R","B"],"character_chosen":"THE_SILENT","items_purchased":["Kunai","Ice Cream"],"gold_per_floor":[114,114,129,129,144,174,174,204,254,254,284,299,299,474,474,574,574,589,589,604,279,294,294,324,324,324,339,339,354,354,54,54,154,154,169,184,184,184,199,199,199,199,224,224,254,269,299,314,314,314],"floor_reached":51,"campfire_rested":1,"playtime":5291,"current_hp_per_floor":[68,65,63,63,63,63,62,61,66,65,58,58,58,64,64,64,70,69,68,67,66,65,64,63,62,67,66,65,64,63,62,61,63,65,64,63,62,67,64,64,54,54,60,73,46,48,38,38,64,17],"items_purged":["Doubt"],"gold":314,"score":943,"play_id":"ff1d7b85-1e88-47dc-929b-c9decfbeb6f9","local_time":"20180416010853","daily_mods":["Shiny","Cursed Run","Terminal"],"is_prod":false,"is_daily":true,"chose_seed":false,"is_ascension_mode":false,"campfire_upgraded":11,"timestamp":1523812133,"path_taken":["M","?","?","?","M","E","R","E","T","R","E","M","R","?","R","BOSS","M","?","M","?","?","R","E","R","T","M","R","M","R","$","R","BOSS","M","M","?","?","M","R","?","R","T","?","E","M","E","M","R","BOSS"],"build_version":"2018-04-12","seed_source_timestamp":0,"purchased_purges":1,"victory":true,"master_deck":["Adrenaline+1","Envenom","Doppelganger+1","Burst","Wraith Form v2","Venomology","Corpse Explosion","Tools of the Trade+1","Night Terror+1","Phantasmal Killer","Unload","After Image+1","Tactician+1","Bullet Time","Storm of Steel+1","Glass Knife","Die Die Die+1","A Thousand Cuts+1","Grand Finale","Backflip","Acrobatics","Backstab+1","Parasite","Endless Agony","Parasite","Die Die Die+1","Prepared","Backflip+1","Endless Agony+1","Skewer+1","Parasite","Dash+1","Flying Knee+1","Parasite","Tactician+1","Concentrate","Writhe","Secret Weapon","Secret Technique","Secret Technique","Injury","Writhe","Blur+1","Caltrops+1","Injury"],"max_hp_per_floor":[68,67,66,65,64,63,62,61,66,65,64,63,62,67,66,71,70,69,68,67,66,65,64,63,62,67,66,65,64,63,62,61,66,65,64,63,62,67,66,65,64,63,68,73,79,80,81,80,81,86],"relics":["Cursed Key","Darkstone Periapt","Du-Vu Doll","Bronze Scales","Bag of Preparation","Pen Nib","Toolbox","Black Star","Kunai","Happy Flower","Dream Catcher","Mercury Hourglass","Ice Cream","Runic Pyramid","Matryoshka","Singing Bowl","Vajra","Snake Skull","Strawberry","Paper Crane","Mummified Hand"],"card_choices":[{"not_picked":["Sucker Punch","Underhanded Strike"],"picked":"Backflip","floor":1},{"not_picked":["Riddle With Holes","Tactician"],"picked":"Acrobatics","floor":3},{"not_picked":["Slice","Deadly Poison"],"picked":"Backstab","floor":5},{"not_picked":["Crippling Poison","Grand Finale"],"picked":"Endless Agony","floor":11},{"not_picked":["Bullet Time","Corpse Explosion"],"picked":"Die Die Die","floor":16},{"not_picked":["Sucker Punch","Dagger Throw"],"picked":"Prepared","floor":18},{"not_picked":["Sucker Punch","Concentrate"],"picked":"Backflip","floor":20},{"not_picked":["Quick Slash","Adrenaline"],"picked":"Endless Agony","floor":22},{"not_picked":["Leg Sweep","Predator"],"picked":"Skewer","floor":24},{"not_picked":["Backflip","Predator"],"picked":"Dash","floor":27},{"not_picked":["Backflip","Prepared"],"picked":"Flying Knee","floor":29},{"not_picked":["Envenom","Night Terror"],"picked":"Tactician","floor":33},{"not_picked":["Sucker Punch","Dodge and Roll"],"picked":"Concentrate","floor":35},{"not_picked":["Dark Shackles","Trip"],"picked":"Secret Weapon","floor":41},{"not_picked":["Finesse","Dark Shackles"],"picked":"Secret Technique","floor":41},{"not_picked":["Transmutation","Good Instincts"],"picked":"Secret Technique","floor":41},{"not_picked":["Expertise","Terror"],"picked":"Blur","floor":45},{"not_picked":["Dagger Throw","Reflex"],"picked":"Caltrops","floor":48}],"player_experience":467063,"potions_floor_usage":[11,12,12,16,16,16,20,22,24,29,35,39,45,45,46,46,47,47,48,50],"damage_taken":[{"damage":0,"enemies":"Jaw Worm","floor":1,"turns":3},{"damage":2,"enemies":"Small Slimes","floor":3,"turns":3},{"damage":0,"enemies":"Cultist","floor":5,"turns":3},{"damage":0,"enemies":"Gremlin Nob","floor":6,"turns":3},{"damage":0,"enemies":"3 Sentries","floor":8,"turns":4},{"damage":7,"enemies":"Gremlin Nob","floor":11,"turns":3},{"damage":0,"enemies":"Blue Slaver","floor":12,"turns":2},{"damage":6,"enemies":"The Guardian","floor":16,"turns":5},{"damage":0,"enemies":"3 Byrds","floor":18,"turns":2},{"damage":0,"enemies":"Spheric Guardian","floor":20,"turns":3},{"damage":1,"enemies":"3 Cultists","floor":22,"turns":3},{"damage":0,"enemies":"Gremlin Leader","floor":24,"turns":3},{"damage":0,"enemies":"Snecko","floor":27,"turns":2},{"damage":0,"enemies":"Chosen and Byrds","floor":29,"turns":2},{"damage":4,"enemies":"Champ","floor":33,"turns":6},{"damage":0,"enemies":"Orb Walker","floor":35,"turns":2},{"damage":1,"enemies":"3 Shapes","floor":36,"turns":3},{"damage":3,"enemies":"3 Darklings","floor":39,"turns":2},{"damage":43,"enemies":"Nemesis","floor":45,"turns":5},{"damage":0,"enemies":"Maw","floor":46,"turns":5},{"damage":12,"enemies":"Giant Head","floor":47,"turns":6},{"damage":0,"enemies":"Sphere and 2 Shapes","floor":48,"turns":3},{"damage":53,"enemies":"Awakened One","floor":50,"turns":9}],"event_choices":[{"event_name":"Scrap Ooze","player_choice":"success","floor":2,"damage_taken":3},{"event_name":"Living Wall","player_choice":"Grow","floor":4,"damage_taken":0},{"event_name":"Liars Game","player_choice":"agreed","floor":14,"damage_taken":0},{"event_name":"Beggar","player_choice":"Ignored","floor":19,"damage_taken":0},{"event_name":"Tomb of Lord Red Mask","player_choice":"Ignored","floor":37,"damage_taken":0},{"event_name":"SensoryStone","player_choice":"Memory 3","floor":41,"damage_taken":0},{"event_name":"Winding Halls","player_choice":"Writhe","floor":44,"damage_taken":0}],"boss_relics":[{"not_picked":["Orrery","Eternal Feather"],"picked":"Black Star"},{"not_picked":["Velvet Choker","Sozu"],"picked":"Runic Pyramid"}],"potions_floor_spawned":[3,8,11,12,22,27,33,39,45,46,47],"seed_played":"-1933974520208401120","ascension_level":0,"is_trial":false}