{"gold_per_floor":[114,133,149,74,89,89,106,124,124,199,99,124,74,90,90,185,185,199,210,210,135,10,40,40,58,113,142,157,7,24,42,42,137,137,156,171,185,185,185,185,220,168,168,182,182,211,36,52,52,52],"floor_reached":51,"playtime":3223,"items_purged":["Defend_R","Strike_R","Strike_R","Defend_R+1","Double Tap+1"],"score":1001,"play_id":"b8c2aa2f-fee0-4540-92fe-3c94d3881f3b","local_time":"20190913000840","is_ascension_mode":false,"campfire_choices":[{"data":"Shrug It Off","floor":6,"key":"SMITH"},{"data":"Defend_R","floor":15,"key":"SMITH"},{"data":"Rage","floor":32,"key":"SMITH"},{"floor":40,"key":"RECALL"},{"floor":45,"key":"REST"},{"floor":49,"key":"REST"}],"neow_cost":"NONE","seed_source_timestamp":618634616545100,"circlet_count":0,"master_deck":["Bash+1","Shrug It Off+1","Body Slam+1","Pommel Strike+1","Rage+1"],"relics":["Burning Blood","Molten Egg 2","Art of War","Astrolabe","Red Skull","Dream Catcher","FossilizedHelix","Busted Crown","Bird Faced Urn","Dodecahedron"],"potions_floor_usage":[12,14,16,23,25,31,33,50],"damage_taken":[{"damage":1,"enemies":"Cultist","floor":1,"turns":3},{"damage":1,"enemies":"Jaw Worm","floor":2,"turns":4},{"damage":5,"enemies":"2 Louse","floor":3,"turns":4},{"damage":3,"enemies":"Exordium Wildlife","floor":5,"turns":5},{"damage":3,"enemies":"Blue Slaver","floor":7,"turns":5},{"damage":10,"enemies":"Looter","floor":8,"turns":3},{"damage":38,"enemies":"3 Sentries","floor":12,"turns":15},{"damage":8,"enemies":"Gremlin Gang","floor":14,"turns":6},{"damage":36,"enemies":"Hexaghost","floor":16,"turns":12},{"damage":0,"enemies":"Chosen","floor":18,"turns":3},{"damage":7,"enemies":"Shell Parasite","floor":19,"turns":5},{"damage":0,"enemies":"Book of Stabbing","floor":23,"turns":5},{"damage":0,"enemies":"Snecko","floor":25,"turns":4},{"damage":27,"enemies":"Gremlin Leader","floor":27,"turns":8},{"damage":13,"enemies":"Cultist and Chosen","floor":28,"turns":6},{"damage":0,"enemies":"Chosen and Byrds","floor":30,"turns":4},{"damage":0,"enemies":"Snecko","floor":31,"turns":3},{"damage":17,"enemies":"Automaton","floor":33,"turns":10},{"damage":0,"enemies":"3 Shapes","floor":35,"turns":2},{"damage":0,"enemies":"3 Darklings","floor":36,"turns":3},{"damage":0,"enemies":"Sphere and 2 Shapes","floor":37,"turns":4},{"damage":0,"enemies":"Reptomancer","floor":41,"turns":2},{"damage":0,"enemies":"Writhing Mass","floor":44,"turns":2},{"damage":0,"enemies":"Nemesis","floor":46,"turns":3},{"damage":0,"enemies":"Spire Growth","floor":48,"turns":2},{"damage":0,"enemies":"Time Eater","floor":50,"turns":8}],"seed_played":"-2708030058090432622","potions_obtained":[{"floor":7,"key":"SteroidPotion"},{"floor":8,"key":"GamblersBrew"},{"floor":12,"key":"BloodPotion"},{"floor":16,"key":"FearPotion"},{"floor":18,"key":"LiquidBronze"},{"floor":28,"key":"Ancient Potion"},{"floor":31,"key":"Strength Potion"},{"floor":33,"key":"Ancient Potion"},{"floor":36,"key":"Poison Potion"},{"floor":44,"key":"Energy Potion"}],"is_trial":false,"path_per_floor":["M","M","M","$","M","R","M","M","T","?","$","E","?","M","R","B",null,"M","M","?","?","$","E","?","M","T","E","M","$","M","M","R","B",null,"M","M","M","?","?","R","E","$","T","M","R","E","$","M","R","B",null],"character_chosen":"IRONCLAD","items_purchased":["Strength Potion"],"campfire_rested":2,"item_purchase_floors":[42],"current_hp_per_floor":[80,80,80,80,80,80,80,76,76,65,65,33,33,51,51,21,80,80,79,79,79,79,80,80,80,80,59,52,52,58,64,64,53,80,80,80,80,80,80,80,80,80,80,80,80,80,80,80,80,80],"gold":52,"neow_bonus":"UPGRADE_CARD","is_prod":false,"is_daily":false,"chose_seed":false,"campfire_upgraded":3,"win_rate":0,"timestamp":1568358520,"path_taken":["M","M","M","$","?","R","M","M","T","?","$","E","?","?","R","BOSS","M","M","?","?","$","E","?","M","T","E","?","$","M","M","R","BOSS","M","M","M","?","?","R","E","$","T","M","R","E","$","M","R","BOSS"],"build_version":"2019-07-17","purchased_purges":5,"victory":true,"max_hp_per_floor":[80,80,80,80,80,80,80,80,80,80,80,80,80,80,80,80,80,80,80,80,80,80,80,80,80,80,80,80,80,80,80,80,80,80,80,80,80,80,80,80,80,80,80,80,80,80,80,80,80,80],"card_choices":[{"not_picked":["Heavy Blade","Havoc","Wild Strike"],"picked":"SKIP","floor":1},{"not_picked":["Anger","Iron Wave","Headbutt"],"picked":"SKIP","floor":2},{"not_picked":["Sword Boomerang","Iron Wave"],"picked":"Shrug It Off","floor":3},{"not_picked":["Clash","Perfected Strike","Clothesline"],"picked":"SKIP","floor":5},{"not_picked":["Clash","Perfected Strike","Clothesline"],"picked":"SKIP","floor":5},{"not_picked":["Wild Strike","Sword Boomerang","Headbutt"],"picked":"SKIP","floor":7},{"not_picked":["Pummel","True Grit","Feed"],"picked":"SKIP","floor":8},{"not_picked":["Clash+1","True Grit","Infernal Blade"],"picked":"SKIP","floor":12},{"not_picked":["Iron Wave+1","Power Through"],"picked":"Body Slam+1","floor":14},{"not_picked":["Clash+1","Anger+1","Ghostly Armor"],"picked":"SKIP","floor":18},{"not_picked":["Fire Breathing","Anger+1"],"picked":"Pommel Strike+1","floor":19},{"not_picked":["Sword Boomerang+1","Intimidate","Twin Strike+1"],"picked":"SKIP","floor":23},{"not_picked":["Disarm","Twin Strike+1","Rampage+1"],"picked":"SKIP","floor":25},{"not_picked":["Second Wind","Rupture+1","Clothesline+1"],"picked":"SKIP","floor":27},{"not_picked":["Wild Strike+1","Bloodletting"],"picked":"Rage","floor":28},{"not_picked":["Havoc","Barricade","Shrug It Off"],"picked":"SKIP","floor":30},{"not_picked":["Pummel+1","Shockwave","Sentinel+1"],"picked":"SKIP","floor":31},{"not_picked":["Twin Strike+1"],"picked":"SKIP","floor":35},{"not_picked":["Shrug It Off"],"picked":"SKIP","floor":36},{"not_picked":["Seeing Red"],"picked":"SKIP","floor":37},{"not_picked":["Flame Barrier+1"],"picked":"SKIP","floor":41},{"not_picked":["Havoc+1"],"picked":"SKIP","floor":44},{"not_picked":["Pommel Strike+1"],"picked":"SKIP","floor":46},{"not_picked":["Shockwave"],"picked":"SKIP","floor":48}],"player_experience":949434,"relics_obtained":[{"floor":9,"key":"Molten Egg 2"},{"floor":12,"key":"Art of War"},{"floor":23,"key":"Red Skull"},{"floor":26,"key":"Dream Catcher"},{"floor":27,"key":"FossilizedHelix"},{"floor":41,"key":"Bird Faced Urn"},{"floor":43,"key":"Dodecahedron"}],"event_choices":[{"damage_healed":0,"gold_gain":75,"player_choice":"Gather Gold","damage_taken":11,"max_hp_gain":0,"max_hp_loss":0,"event_name":"World of Goop","floor":10,"gold_loss":0},{"cards_removed":["Defend_R"],"damage_healed":0,"gold_gain":0,"player_choice":"Card Removal","damage_taken":0,"max_hp_gain":0,"max_hp_loss":0,"event_name":"The Cleric","floor":13,"gold_loss":50},{"cards_removed":["Havoc"],"damage_healed":0,"gold_gain":0,"player_choice":"Gave Gold","damage_taken":0,"max_hp_gain":0,"max_hp_loss":0,"event_name":"Beggar","floor":21,"gold_loss":75},{"damage_healed":0,"gold_gain":0,"player_choice":"Forge","damage_taken":0,"max_hp_gain":0,"max_hp_loss":0,"event_name":"Accursed Blacksmith","floor":24,"gold_loss":0,"cards_upgraded":["Defend_R"]},{"cards_removed":["Defend_R"],"damage_healed":0,"gold_gain":0,"player_choice":"Removed Skill","damage_taken":0,"max_hp_gain":0,"max_hp_loss":0,"event_name":"Falling","floor":38,"gold_loss":0},{"cards_removed":["Disarm"],"damage_healed":0,"gold_gain":0,"player_choice":"Purged","damage_taken":0,"max_hp_gain":0,"max_hp_loss":0,"event_name":"Purifier","floor":39,"gold_loss":0}],"is_beta":false,"boss_relics":[{"not_picked":["Cursed Key","Philosopher\u0027s Stone"],"picked":"Astrolabe"},{"not_picked":["Runic Cube","Snecko Eye"],"picked":"Busted Crown"}],"items_purged_floors":[4,11,22,29,47],"is_endless":false,"potions_floor_spawned":[7,8,12,16,18,28,31,33,36,44,46,48],"ascension_level":0}