{"gold_per_floor":[16,26,26,39,53,53,80,80,80,105,133,145,175,205,217,333,345,370,401,413],"floor_reached":20,"playtime":901,"items_purged":[],"score":189,"play_id":"95f5a5a0-199b-4b10-919b-d114c3d6b9d8","local_time":"20180802230710","is_ascension_mode":true,"campfire_choices":[{"data":"Bludgeon","floor":6,"key":"SMITH"},{"floor":8,"key":"REST"},{"floor":12,"key":"REST"},{"data":"Demon Form","floor":15,"key":"SMITH"}],"neow_cost":"NO_GOLD","seed_source_timestamp":705737420725296,"circlet_count":0,"master_deck":["Strike_R","Strike_R","Strike_R","Strike_R","Defend_R","Defend_R","Defend_R","Bash","Demon Form+1","Heavy Blade","Bludgeon+1","Shrug It Off","Shrug It Off","Twin Strike","Immolate","Ghostly Armor","Flex"],"relics":["Burning Blood","Oddly Smooth Stone","Singing Bowl","MawBank","Empty Cage"],"potions_floor_usage":[7,14,16,16,18,19],"damage_taken":[{"damage":16,"enemies":"2 Louse","floor":1,"turns":5},{"damage":10,"enemies":"Jaw Worm","floor":2,"turns":4},{"damage":3,"enemies":"Cultist","floor":4,"turns":4},{"damage":3,"enemies":"Red Slaver","floor":5,"turns":3},{"damage":37,"enemies":"Lagavulin","floor":7,"turns":6},{"damage":19,"enemies":"Lots of Slimes","floor":10,"turns":6},{"damage":2,"enemies":"Large Slime","floor":11,"turns":6},{"damage":0,"enemies":"2 Fungi Beasts","floor":13,"turns":4},{"damage":12,"enemies":"Lots of Slimes","floor":14,"turns":3},{"damage":58,"enemies":"Hexaghost","floor":16,"turns":8},{"damage":54,"enemies":"3 Byrds","floor":18,"turns":5},{"damage":10,"enemies":"Chosen","floor":19,"turns":3},{"damage":36,"enemies":"Snake Plant","floor":20,"turns":4}],"seed_played":"9148919987840093702","potions_obtained":[{"floor":4,"key":"Block Potion"},{"floor":11,"key":"Fire Potion"},{"floor":13,"key":"Explosive Potion"},{"floor":14,"key":"BloodPotion"},{"floor":16,"key":"AttackPotion"},{"floor":18,"key":"AttackPotion"}],"is_trial":false,"path_per_floor":["M","M","?","M","M","R","E","R","T","M","M","R","M","M","R","B",null,"M","M"],"character_chosen":"IRONCLAD","items_purchased":[],"campfire_rested":2,"item_purchase_floors":[],"current_hp_per_floor":[70,66,54,57,60,60,29,53,53,40,46,70,76,72,72,28,84,36,32,0],"gold":413,"neow_bonus":"THREE_RARE_CARDS","is_prod":false,"is_daily":false,"chose_seed":false,"campfire_upgraded":2,"win_rate":0,"timestamp":1533265630,"path_taken":["M","M","?","?","M","R","E","R","T","M","M","R","?","?","R","BOSS","M","M","M"],"build_version":"2018-08-02","purchased_purges":0,"victory":false,"max_hp_per_floor":[80,80,80,80,80,80,80,80,80,80,82,82,82,84,84,84,84,84,84,84],"card_choices":[{"not_picked":["Offering","Barricade"],"picked":"Demon Form","floor":0},{"not_picked":["Flame Barrier","Sever Soul"],"picked":"Heavy Blade","floor":1},{"not_picked":["Perfected Strike","Sentinel","Body Slam"],"picked":"SKIP","floor":2},{"not_picked":["Iron Wave","Wild Strike"],"picked":"Bludgeon","floor":4},{"not_picked":["Combust","Clothesline","Body Slam"],"picked":"SKIP","floor":5},{"not_picked":["Havoc","Uppercut"],"picked":"Shrug It Off","floor":7},{"not_picked":["Havoc","Armaments"],"picked":"Shrug It Off","floor":10},{"not_picked":["Spot Weakness","Double Tap","Heavy Blade"],"picked":"Singing Bowl","floor":11},{"not_picked":["Perfected Strike","Thunderclap"],"picked":"Twin Strike","floor":13},{"not_picked":["Wild Strike","True Grit","Sentinel"],"picked":"Singing Bowl","floor":14},{"not_picked":["Fiend Fire","Brutality"],"picked":"Immolate","floor":16},{"not_picked":["Seeing Red","Iron Wave"],"picked":"Ghostly Armor","floor":18},{"not_picked":["Clothesline","Sword Boomerang"],"picked":"Flex","floor":19}],"player_experience":100138,"relics_obtained":[{"floor":7,"key":"Singing Bowl"},{"floor":9,"key":"MawBank"}],"event_choices":[{"event_name":"Scrap Ooze","player_choice":"success","floor":3,"damage_taken":12}],"is_beta":false,"boss_relics":[{"not_picked":["Coffee Dripper","Runic Cube"],"picked":"Empty Cage"}],"items_purged_floors":[],"is_endless":false,"potions_floor_spawned":[4,11,13,14,16,18],"killed_by":"Snake Plant","ascension_level":1}