{"gold_per_floor":[110,110,125,141,153,153,153,188,213,256,279,68,68,82,82,208,208,224,5,29,43,59,98,113,113,143,143,18,18,18,62,62,181,181,199,224,20,20,35,35,68,88,141,141,141,141,155,155,155,155,155,155,130,168,168],"floor_reached":55,"playtime":5757,"items_purged":["Strike_G","Strike_G","Strike_G","Reflex+1"],"score":951,"play_id":"0c32efb9-132b-4ae8-ac28-a5ed197e4302","local_time":"20190826123417","is_ascension_mode":true,"campfire_choices":[{"data":"Footwork","floor":6.0,"key":"SMITH"},{"data":"Neutralize","floor":15.0,"key":"SMITH"},{"floor":25.0,"key":"REST"},{"data":"Footwork","floor":27.0,"key":"SMITH"},{"data":"Blur","floor":29.0,"key":"SMITH"},{"data":"Leg Sweep","floor":32.0,"key":"SMITH"},{"data":"Backflip","floor":40.0,"key":"SMITH"},{"floor":44.0,"key":"REST"},{"floor":49.0,"key":"RECALL"},{"data":"Caltrops","floor":52.0,"key":"SMITH"}],"neow_cost":"NONE","seed_source_timestamp":0,"circlet_count":0,"master_deck":["Defend_G","Defend_G","Survivor","Neutralize+1","Footwork+1","Sucker Punch","PiercingWail","All Out Attack","Quick Slash","Backflip+1","Caltrops+1","Noxious Fumes","Adrenaline","Leg Sweep+1","Footwork+1","Catalyst","PiercingWail","Well Laid Plans+1","Blur+1","Die Die Die","Blur+1","A Thousand Cuts","After Image+1","Malaise+1","Bouncing Flask+1","Backflip+1","Flechettes+1","Backflip+1","Backflip+1","Blur+1"],"special_seed":0,"relics":["Lizard Tail","Golden Idol","Vajra","Juzu Bracelet","Oddly Smooth Stone","Sozu","Shuriken","Tiny Chest","Toxic Egg 2","Astrolabe","Tingsha","Molten Egg 2","Letter Opener","Pantograph"],"potions_floor_usage":[],"damage_taken":[{"damage":10.0,"enemies":"Jaw Worm","floor":1.0,"turns":6.0},{"damage":0.0,"enemies":"2 Louse","floor":3.0,"turns":4.0},{"damage":1.0,"enemies":"Cultist","floor":4.0,"turns":6.0},{"damage":7.0,"enemies":"Lots of Slimes","floor":5.0,"turns":9.0},{"damage":29.0,"enemies":"Lagavulin","floor":8.0,"turns":14.0},{"damage":13.0,"enemies":"3 Sentries","floor":10.0,"turns":6.0},{"damage":0.0,"enemies":"2 Fungi Beasts","floor":11.0,"turns":3.0},{"damage":0.0,"enemies":"Looter","floor":14.0,"turns":4.0},{"damage":0.0,"enemies":"Hexaghost","floor":16.0,"turns":9.0},{"damage":0.0,"enemies":"Spheric Guardian","floor":18.0,"turns":4.0},{"damage":0.0,"enemies":"Chosen","floor":20.0,"turns":6.0},{"damage":27.0,"enemies":"3 Cultists","floor":21.0,"turns":8.0},{"damage":0.0,"enemies":"Snake Plant","floor":22.0,"turns":6.0},{"damage":31.0,"enemies":"Gremlin Leader","floor":23.0,"turns":11.0},{"damage":2.0,"enemies":"Centurion and Healer","floor":24.0,"turns":11.0},{"damage":2.0,"enemies":"Slavers","floor":31.0,"turns":7.0},{"damage":6.0,"enemies":"Automaton","floor":33.0,"turns":16.0},{"damage":29.0,"enemies":"3 Shapes","floor":35.0,"turns":6.0},{"damage":0.0,"enemies":"3 Darklings","floor":36.0,"turns":6.0},{"damage":6.0,"enemies":"Jaw Worm Horde","floor":39.0,"turns":9.0},{"damage":0.0,"enemies":"Nemesis","floor":41.0,"turns":9.0},{"damage":11.0,"enemies":"Sphere and 2 Shapes","floor":42.0,"turns":7.0},{"damage":8.0,"enemies":"Spire Growth","floor":47.0,"turns":7.0},{"damage":8.0,"enemies":"Awakened One","floor":50.0,"turns":29.0},{"damage":75.0,"enemies":"Shield and Spear","floor":54.0,"turns":12.0},{"damage":64,"enemies":"The Heart","floor":55,"turns":5}],"seed_played":"4648393039655382632","potions_obtained":[{"floor":3.0,"key":"Block Potion"},{"floor":4.0,"key":"PowerPotion"},{"floor":11.0,"key":"Strength Potion"},{"floor":14.0,"key":"LiquidBronze"}],"is_trial":false,"path_per_floor":["M","?","M","M","M","R","?","E","T","E","M","$","?","M","R","B",null,"M","$","M","M","M","E","M","R","T","R","$","R","?","E","R","B",null,"M","M","$","?","M","R","E","M","T","R","T","$","M","T","R","B",null,"R","$","E","B"],"character_chosen":"THE_SILENT","items_purchased":["Fruit Juice","Caltrops","Leg Sweep","Footwork","Backflip+1","Backflip+1"],"campfire_rested":2,"item_purchase_floors":[12,12,19,19,37,53],"current_hp_per_floor":[60,60,60,59,52,52,52,23,23,10,10,15,15,15,15,15,70,70,70,70,43,43,12,10,31,31,31,31,31,31,29,29,23,70,41,41,41,41,35,35,35,24,24,45,45,45,37,37,37,29,70,70,70,35,0],"gold":168,"neow_bonus":"BOSS_RELIC","is_prod":false,"is_daily":false,"chose_seed":false,"campfire_upgraded":7,"win_rate":0,"timestamp":1566815657,"path_taken":["M","?","M","M","M","R","?","E","T","E","M","$","?","M","R","BOSS","M","$","M","M","M","E","M","R","T","R","?","R","?","E","R","BOSS","M","M","?","?","M","R","E","M","T","R","?","$","M","?","R","BOSS","R","$","E","BOSS"],"build_version":"2019-07-17","purchased_purges":4,"victory":false,"max_hp_per_floor":[70,70,70,70,70,70,65,65,65,65,65,70,70,70,70,70,70,70,70,70,70,70,70,70,70,70,70,70,70,70,70,70,70,70,70,70,70,70,70,70,70,70,70,70,70,70,70,70,70,70,70,70,70,70,70],"card_choices":[{"not_picked":["Outmaneuver","Slice"],"picked":"Footwork","floor":1.0},{"not_picked":["Prepared","Outmaneuver"],"picked":"Sucker Punch","floor":3.0},{"not_picked":["Blade Dance","Riddle With Holes"],"picked":"PiercingWail","floor":4.0},{"not_picked":["Dagger Throw","Quick Slash"],"picked":"All Out Attack","floor":5.0},{"not_picked":["Sucker Punch","Bane"],"picked":"Quick Slash","floor":8.0},{"not_picked":["Concentrate","PiercingWail"],"picked":"Backflip","floor":10.0},{"not_picked":["Outmaneuver","Finisher","Blade Dance"],"picked":"SKIP","floor":11.0},{"not_picked":["Masterful Stab","Tactician"],"picked":"Noxious Fumes","floor":14.0},{"not_picked":["Bullet Time","Doppelganger"],"picked":"Adrenaline","floor":16.0},{"not_picked":["Outmaneuver+1","PiercingWail","Blade Dance+1"],"picked":"SKIP","floor":18.0},{"not_picked":["Prepared+1","Terror"],"picked":"Catalyst","floor":20.0},{"not_picked":["Outmaneuver+1","Bane+1"],"picked":"PiercingWail","floor":21.0},{"not_picked":["Slice","Dagger Spray"],"picked":"Well Laid Plans+1","floor":22.0},{"not_picked":["Slice","Riddle With Holes+1","Phantasmal Killer"],"picked":"SKIP","floor":23.0},{"not_picked":["PiercingWail","Choke"],"picked":"Blur","floor":24.0},{"not_picked":["Caltrops","Predator+1"],"picked":"Blur","floor":31.0},{"not_picked":["Storm of Steel+1","Grand Finale"],"picked":"A Thousand Cuts","floor":33.0},{"not_picked":["Expertise+1","Catalyst+1","Terror+1"],"picked":"SKIP","floor":35.0},{"not_picked":["All Out Attack","Flechettes+1"],"picked":"Bouncing Flask+1","floor":36.0},{"not_picked":["Sucker Punch+1","Predator+1","Deadly Poison+1"],"picked":"SKIP","floor":39.0},{"not_picked":["Doppelganger+1","Sucker Punch+1"],"picked":"Flechettes+1","floor":41.0},{"not_picked":["Well Laid Plans","Prepared+1"],"picked":"Backflip+1","floor":42.0},{"not_picked":["Slice+1","Well Laid Plans+1","Blade Dance+1"],"picked":"SKIP","floor":47.0},{"not_picked":["Slice+1","Backflip+1"],"picked":"Blur+1","floor":54.0}],"player_experience":203507,"relics_obtained":[{"floor":8.0,"key":"Vajra"},{"floor":9.0,"key":"Juzu Bracelet"},{"floor":10.0,"key":"Oddly Smooth Stone"},{"floor":23.0,"key":"Shuriken"},{"floor":26.0,"key":"Tiny Chest"},{"floor":31.0,"key":"Toxic Egg 2"},{"floor":41.0,"key":"Tingsha"},{"floor":45.0,"key":"Molten Egg 2"},{"floor":48.0,"key":"Letter Opener"},{"floor":54.0,"key":"Pantograph"}],"event_choices":[{"cards_removed":["Strike_G"],"damage_healed":0.0,"max_hp_gain":0.0,"max_hp_loss":0.0,"gold_gain":0.0,"event_name":"Living Wall","player_choice":"Forget","floor":2.0,"gold_loss":0.0,"damage_taken":0.0},{"damage_healed":0.0,"max_hp_gain":0.0,"max_hp_loss":5.0,"gold_gain":0.0,"event_name":"Golden Idol","player_choice":"Lose Max HP","floor":7.0,"gold_loss":0.0,"damage_taken":0.0,"relics_obtained":["Golden Idol"]},{"cards_removed":["Strike_G"],"damage_healed":0.0,"max_hp_gain":0.0,"max_hp_loss":0.0,"gold_gain":0.0,"event_name":"Purifier","player_choice":"Purged","floor":13.0,"gold_loss":0.0,"damage_taken":0.0},{"damage_healed":0.0,"max_hp_gain":0.0,"max_hp_loss":0.0,"gold_gain":0.0,"event_name":"Match and Keep!","player_choice":"1 cards matched","floor":30.0,"gold_loss":0.0,"damage_taken":0.0,"cards_obtained":["Die Die Die"]},{"damage_healed":0.0,"max_hp_gain":0.0,"max_hp_loss":0.0,"gold_gain":0.0,"event_name":"Mysterious Sphere","player_choice":"Ignored","floor":38.0,"gold_loss":0.0,"damage_taken":0.0}],"is_beta":false,"boss_relics":[{"not_picked":["Ectoplasm","Fusion Hammer"],"picked":"Sozu"},{"not_picked":["Runic Pyramid","Pandora\u0027s Box"],"picked":"Astrolabe"}],"items_purged_floors":[12,19,28,37],"is_endless":false,"potions_floor_spawned":[3,4,11,14,20,22,23,31,35,36,42],"killed_by":"The Heart","ascension_level":4}