{"gold_per_floor":[115,125,78,90,103,134,134,134,134,134,150,175,213,213,213,339,339,357,19,34,34,48,48,72,93,93,93,93,113,113,134,134,134],"floor_reached":33,"playtime":2803,"items_purged":[],"score":261,"play_id":"65172b14-912d-46da-9b0a-67521f8ff95f","local_time":"20190724230022","is_ascension_mode":false,"campfire_choices":[{"floor":8.0,"key":"REST"},{"data":"After Image","floor":10.0,"key":"SMITH"},{"data":"Dash","floor":15,"key":"SMITH"},{"data":"Die Die Die","floor":23,"key":"SMITH"},{"floor":27,"key":"REST"},{"data":"Venomology","floor":30,"key":"SMITH"},{"floor":32,"key":"REST"}],"neow_cost":"TEN_PERCENT_HP_LOSS","seed_source_timestamp":3539664767685335,"circlet_count":0,"master_deck":["Strike_G","Strike_G","Strike_G","Strike_G","Strike_G","Defend_G","Defend_G","Defend_G","Defend_G","Defend_G","Survivor","Neutralize","Dagger Spray","Backflip","Prepared","Deadly Poison","Blur","After Image+1","Flying Knee","Dash+1","Leg Sweep","Die Die Die+1","Dagger Spray","Glass Knife","Slice+1","Deflect+1","Deadly Poison","Venomology+1","Finisher"],"special_seed":0,"relics":["Ring of the Snake","Pocketwatch","Bag of Preparation","Golden Idol","Matryoshka","Runic Pyramid","MealTicket","Strawberry","Ice Cream","Vajra","Pantograph"],"potions_floor_usage":[11,13,13,22,29,33],"damage_taken":[{"damage":0.0,"enemies":"Cultist","floor":1.0,"turns":5.0},{"damage":0.0,"enemies":"2 Louse","floor":2.0,"turns":2.0},{"damage":0.0,"enemies":"Small Slimes","floor":4.0,"turns":4.0},{"damage":11.0,"enemies":"Exordium Thugs","floor":5.0,"turns":8.0},{"damage":21.0,"enemies":"Lagavulin","floor":6.0,"turns":9.0},{"damage":0,"enemies":"Lots of Slimes","floor":11,"turns":1},{"damage":3,"enemies":"Blue Slaver","floor":12,"turns":4},{"damage":5,"enemies":"3 Sentries","floor":13,"turns":10},{"damage":1,"enemies":"The Guardian","floor":16,"turns":19},{"damage":1,"enemies":"3 Byrds","floor":18,"turns":5},{"damage":13,"enemies":"Spheric Guardian","floor":20,"turns":10},{"damage":6,"enemies":"Centurion and Healer","floor":22,"turns":8},{"damage":19,"enemies":"Snake Plant","floor":24,"turns":7},{"damage":4,"enemies":"Cultist and Chosen","floor":25,"turns":8},{"damage":16,"enemies":"3 Cultists","floor":29,"turns":7},{"damage":0,"enemies":"Snake Plant","floor":31,"turns":5},{"damage":77,"enemies":"Collector","floor":33,"turns":14}],"seed_played":"-7323827568101705369","potions_obtained":[{"floor":1.0,"key":"FearPotion"},{"floor":2.0,"key":"Strength Potion"},{"floor":6.0,"key":"Poison Potion"},{"floor":11,"key":"SpeedPotion"},{"floor":12,"key":"Poison Potion"},{"floor":20,"key":"Ancient Potion"},{"floor":29,"key":"Swift Potion"}],"is_trial":false,"path_per_floor":["M","M","$","M","M","E","?","R","T","R","M","M","E","?","R","B",null,"M","$","M","?","M","R","M","M","T","R","T","M","R","M","R","B"],"character_chosen":"THE_SILENT","items_purchased":["Prepared","Glass Knife","MealTicket"],"campfire_rested":3,"item_purchase_floors":[3,19,19],"current_hp_per_floor":[63,63,63,63,52,31,31,49,49,49,49,46,41,41,41,40,63,62,62,49,49,43,43,24,20,27,48,48,32,32,32,53,0],"gold":134,"neow_bonus":"ONE_RARE_RELIC","is_prod":false,"is_daily":false,"chose_seed":false,"campfire_upgraded":4,"win_rate":0,"timestamp":1564023622,"path_taken":["M","M","?","M","M","E","?","R","T","R","M","M","E","?","R","BOSS","M","$","M","?","M","R","M","M","T","R","?","M","R","M","R","BOSS"],"build_version":"2019-07-17","purchased_purges":0,"victory":false,"max_hp_per_floor":[63,63,63,63,63,63,63,63,63,63,63,63,63,63,63,63,63,63,63,63,63,63,63,63,63,70,70,70,70,70,70,70,70],"card_choices":[{"not_picked":["Skewer","Underhanded Strike"],"picked":"Dagger Spray","floor":1.0},{"not_picked":["Expertise","Deflect"],"picked":"Backflip","floor":2.0},{"not_picked":["Bane","Finisher"],"picked":"Deadly Poison","floor":4.0},{"not_picked":["Bane","Cloak And Dagger"],"picked":"Blur","floor":5.0},{"not_picked":["Dagger Throw","Distraction"],"picked":"After Image","floor":6.0},{"not_picked":["Backflip","Cloak And Dagger"],"picked":"Flying Knee","floor":11},{"not_picked":["PiercingWail","Eviscerate"],"picked":"Dash","floor":12},{"not_picked":["Choke","Bane"],"picked":"Leg Sweep","floor":13},{"not_picked":["Burst","Envenom"],"picked":"Die Die Die","floor":16},{"not_picked":["Prepared","Accuracy"],"picked":"Dagger Spray","floor":18},{"not_picked":["Blade Dance+1","Masterful Stab"],"picked":"Slice+1","floor":20},{"not_picked":["Dagger Spray+1","Slice"],"picked":"Deflect+1","floor":22},{"not_picked":["Blade Dance+1","Predator"],"picked":"Deadly Poison","floor":24},{"not_picked":["Slice","Prepared+1"],"picked":"Venomology","floor":25},{"not_picked":["Masterful Stab","PiercingWail"],"picked":"Finisher","floor":29},{"not_picked":["Skewer+1","Underhanded Strike","Choke+1"],"picked":"SKIP","floor":31}],"player_experience":471867,"relics_obtained":[{"floor":6.0,"key":"Bag of Preparation"},{"floor":13,"key":"Matryoshka"},{"floor":26,"key":"Strawberry"},{"floor":26,"key":"Ice Cream"},{"floor":28,"key":"Vajra"},{"floor":28,"key":"Pantograph"}],"event_choices":[{"damage_healed":0.0,"max_hp_gain":0.0,"max_hp_loss":0.0,"gold_gain":0.0,"event_name":"Golden Idol","player_choice":"Take Wound","floor":7.0,"gold_loss":0.0,"damage_taken":0.0,"relics_obtained":["Golden Idol"],"cards_obtained":["Injury"]},{"cards_removed":["Injury"],"damage_healed":0,"gold_gain":0,"player_choice":"Purged","damage_taken":0,"max_hp_gain":0,"max_hp_loss":0,"event_name":"Purifier","floor":14,"gold_loss":0},{"damage_healed":0,"gold_gain":0,"player_choice":"Ignored","damage_taken":0,"max_hp_gain":0,"max_hp_loss":0,"event_name":"Ghosts","floor":21,"gold_loss":0}],"is_beta":false,"boss_relics":[{"not_picked":["Ring of the Serpent","Runic Dome"],"picked":"Runic Pyramid"}],"items_purged_floors":[],"is_endless":false,"potions_floor_spawned":[1,2,6,11,12,20,29],"killed_by":"Collector","ascension_level":0}