{"gold_per_floor":[112,123,48,48,60,60,76,105,155,185,198,198,198,218,218,317,367,382,382,382,382,394,394,394,394,442,442,452,467,501,519,519,519],"floor_reached":33,"playtime":1362,"items_purged":["Strike_R"],"score":302,"play_id":"2ea08ed1-14dc-4c92-8850-94d2d343df35","local_time":"20180728225605","is_ascension_mode":false,"campfire_choices":[{"data":"Whirlwind","floor":6,"key":"SMITH"},{"data":"Anger","floor":13,"key":"SMITH"},{"data":"Bludgeon","floor":15,"key":"SMITH"},{"data":"Spot Weakness","floor":23,"key":"SMITH"},{"data":"Cleave","floor":25,"key":"SMITH"},{"floor":27,"key":"REST"},{"floor":32,"key":"REST"}],"neow_cost":"","seed_source_timestamp":272613860794156,"circlet_count":0,"master_deck":["Strike_R+1","Strike_R+1","Strike_R+1","Strike_R+1","Defend_R+1","Defend_R+1","Defend_R+1","Bash","Cleave+1","Whirlwind+1","Anger+1","Sword Boomerang","Twin Strike","Cleave","Bludgeon+1","Feed","Iron Wave","Anger","Anger","Spot Weakness+1","Iron Wave+1","Ghostly Armor+1","Ghostly Armor"],"relics":["Burning Blood","Paper Frog","Bag of Marbles","Juzu Bracelet","Tiny House","Centennial Puzzle","Prayer Wheel"],"potions_floor_usage":[16,28,28,28,28,30,30,33],"damage_taken":[{"damage":7,"enemies":"Small Slimes","floor":1,"turns":5},{"damage":3,"enemies":"Cultist","floor":2,"turns":3},{"damage":8,"enemies":"2 Louse","floor":5,"turns":3},{"damage":20,"enemies":"Lots of Slimes","floor":7,"turns":3},{"damage":22,"enemies":"Gremlin Nob","floor":8,"turns":4},{"damage":11,"enemies":"3 Sentries","floor":10,"turns":4},{"damage":5,"enemies":"Large Slime","floor":11,"turns":4},{"damage":20,"enemies":"Exordium Thugs","floor":14,"turns":3},{"damage":55,"enemies":"The Guardian","floor":16,"turns":6},{"damage":5,"enemies":"Chosen","floor":18,"turns":4},{"damage":22,"enemies":"2 Thieves","floor":22,"turns":3},{"damage":10,"enemies":"Cultist and Chosen","floor":28,"turns":3},{"damage":21,"enemies":"3 Cultists","floor":29,"turns":4},{"damage":32,"enemies":"Gremlin Leader","floor":30,"turns":4},{"damage":29,"enemies":"Centurion and Healer","floor":31,"turns":5},{"damage":68,"enemies":"Champ","floor":33,"turns":7}],"seed_played":"1204134382543993434","potions_obtained":[{"floor":7,"key":"Energy Potion"},{"floor":8,"key":"Strength Potion"},{"floor":10,"key":"SpeedPotion"},{"floor":17,"key":"Fruit Juice"},{"floor":18,"key":"EntropicBrew"},{"floor":31,"key":"Strength Potion"}],"is_trial":false,"path_per_floor":["M","M","$","?","M","R","M","E","T","E","M","?","R","M","R","B",null,"M","?","?","?","M","R","?","R","T","R","M","M","E","M","R"],"character_chosen":"IRONCLAD","items_purchased":[],"campfire_rested":2,"item_purchase_floors":[],"current_hp_per_floor":[79,80,80,80,78,78,64,48,48,43,44,80,80,66,66,17,85,85,85,85,85,69,69,53,53,53,80,84,69,43,23,53,0],"gold":519,"neow_bonus":"","is_prod":false,"is_daily":false,"chose_seed":false,"campfire_upgraded":5,"win_rate":0,"timestamp":1532832965,"path_taken":["M","M","$","?","M","R","?","E","T","E","M","?","R","M","R","BOSS","M","?","?","?","M","R","?","R","T","R","M","M","E","M","R","BOSS"],"build_version":"2018-07-26","purchased_purges":1,"victory":false,"max_hp_per_floor":[80,80,80,80,80,80,80,80,80,80,80,80,80,80,80,80,85,85,85,85,85,85,85,90,90,90,90,98,98,98,101,101,101],"card_choices":[{"not_picked":["Havoc","Dropkick"],"picked":"Metallicize","floor":1},{"not_picked":["Sentinel","Dual Wield"],"picked":"Cleave","floor":2},{"not_picked":["Twin Strike","Clothesline"],"picked":"Whirlwind","floor":5},{"not_picked":["Sword Boomerang","Clothesline"],"picked":"Anger","floor":7},{"not_picked":["Sever Soul","Rage"],"picked":"Sword Boomerang","floor":8},{"not_picked":["Heavy Blade","Combust"],"picked":"Twin Strike","floor":10},{"not_picked":["Warcry","Thunderclap"],"picked":"Cleave","floor":11},{"not_picked":["Pommel Strike","Perfected Strike"],"picked":"Bludgeon","floor":14},{"not_picked":["Impervious","Limit Break"],"picked":"Feed","floor":16},{"not_picked":["Clothesline","Perfected Strike"],"picked":"Iron Wave","floor":18},{"not_picked":["Metallicize","Armaments"],"picked":"Spot Weakness","floor":22},{"not_picked":["Pommel Strike","Reckless Charge","Twin Strike"],"picked":"SKIP","floor":28},{"not_picked":["Sword Boomerang+1","Rupture"],"picked":"Iron Wave+1","floor":29},{"not_picked":["Headbutt","Seeing Red"],"picked":"Ghostly Armor+1","floor":30},{"not_picked":["Corruption","Rage"],"picked":"Ghostly Armor","floor":31},{"not_picked":["Sword Boomerang+1","Hemokinesis+1","Armaments+1"],"picked":"SKIP","floor":31}],"player_experience":65285,"relics_obtained":[{"floor":8,"key":"Paper Frog"},{"floor":9,"key":"Bag of Marbles"},{"floor":10,"key":"Juzu Bracelet"},{"floor":26,"key":"Centennial Puzzle"},{"floor":30,"key":"Prayer Wheel"}],"event_choices":[{"event_name":"Transmorgrifier","player_choice":"Transform","floor":4,"damage_taken":0},{"event_name":"Bonfire Elementals","player_choice":"UNCOMMON","floor":12,"damage_taken":0},{"event_name":"Back to Basics","player_choice":"Simplicity","floor":19,"damage_taken":0},{"event_name":"Transmorgrifier","player_choice":"Transform","floor":20,"damage_taken":0},{"event_name":"The Library","player_choice":"Read","floor":21,"damage_taken":0},{"event_name":"Forgotten Altar","player_choice":"Shed Blood","floor":24,"damage_taken":0}],"is_beta":false,"boss_relics":[{"not_picked":["Runic Cube","White Beast Statue"],"picked":"Tiny House"}],"items_purged_floors":[3],"is_endless":false,"potions_floor_spawned":[7,8,10,18,22,31],"killed_by":"Champ","ascension_level":0}