{"gold_per_floor":[118,3,3,19,19,58,58,72,124,148,162,201,201,220,220,309,309,329,345,369,392,19,19,32,57,132,175,200,145,189,189,189,189],"floor_reached":33,"playtime":2074,"items_purged":[],"score":619,"play_id":"06ee6b00-6c87-4200-96c3-355cec76abd1","local_time":"20190904201049","is_ascension_mode":true,"campfire_choices":[{"data":"Cleave","floor":7.0,"key":"SMITH"},{"data":"Uppercut","floor":13.0,"key":"SMITH"},{"data":"Disarm","floor":15.0,"key":"SMITH"},{"data":"Flex","floor":23.0,"key":"SMITH"},{"data":"True Grit","floor":32.0,"key":"SMITH"}],"neow_cost":"NONE","seed_source_timestamp":370300832500,"circlet_count":0,"master_deck":["AscendersBane","Strike_R","Strike_R","Strike_R","Defend_R","Defend_R","Defend_R+1","Defend_R","Bash","Havoc","Cleave","Shrug It Off","Cleave+1","Power Through","Uppercut+1","Twin Strike","Armaments+1","Sever Soul","Disarm+1","Limit Break","True Grit+1","Shrug It Off","Intimidate","Spot Weakness","Flex+1","Headbutt","Whirlwind","Evolve"],"special_seed":0,"relics":["Burning Blood","NeowsBlessing","Golden Idol","Regal Pillow","Potion Belt","Meat on the Bone","Coffee Dripper","Self Forming Clay","Mercury Hourglass","Pantograph","Tiny Chest","War Paint"],"potions_floor_usage":[],"damage_taken":[{"damage":0.0,"enemies":"2 Louse","floor":1.0,"turns":1.0},{"damage":0.0,"enemies":"Small Slimes","floor":4.0,"turns":1.0},{"damage":0.0,"enemies":"Lagavulin","floor":6.0,"turns":1.0},{"damage":0.0,"enemies":"Jaw Worm","floor":8.0,"turns":3.0},{"damage":14.0,"enemies":"Red Slaver","floor":10.0,"turns":3.0},{"damage":13.0,"enemies":"3 Louse","floor":11.0,"turns":3.0},{"damage":20.0,"enemies":"3 Sentries","floor":12.0,"turns":8.0},{"damage":22.0,"enemies":"Large Slime","floor":14.0,"turns":7.0},{"damage":21.0,"enemies":"The Guardian","floor":16.0,"turns":11.0},{"damage":0.0,"enemies":"Spheric Guardian","floor":18.0,"turns":1.0},{"damage":26.0,"enemies":"Shell Parasite","floor":19.0,"turns":8.0},{"damage":21.0,"enemies":"Snake Plant","floor":20.0,"turns":7.0},{"damage":10.0,"enemies":"Centurion and Healer","floor":21.0,"turns":9.0},{"damage":17.0,"enemies":"3 Cultists","floor":24.0,"turns":6.0},{"damage":17.0,"enemies":"Shelled Parasite and Fungi","floor":25.0,"turns":6.0},{"damage":18.0,"enemies":"Book of Stabbing","floor":27.0,"turns":7.0},{"damage":6.0,"enemies":"Centurion and Healer","floor":28.0,"turns":7.0},{"damage":26.0,"enemies":"Slavers","floor":30.0,"turns":4.0},{"damage":67,"enemies":"Collector","floor":33,"turns":7}],"seed_played":"-2818129402014483345","potions_obtained":[{"floor":4.0,"key":"PowerPotion"},{"floor":16.0,"key":"SteroidPotion"},{"floor":21.0,"key":"SkillPotion"},{"floor":27.0,"key":"Ancient Potion"},{"floor":30.0,"key":"Fruit Juice"}],"is_trial":false,"path_per_floor":["M","$","?","M","?","E","R","M","T","M","M","E","R","M","R","B",null,"M","M","M","M","$","R","M","M","T","E","M","?","E","?","R","B"],"character_chosen":"IRONCLAD","items_purchased":["Cleave","Strength Potion","Self Forming Clay","Flex","AttackPotion"],"campfire_rested":0,"item_purchase_floors":[2,2,22,22,22],"current_hp_per_floor":[74,74,48,54,54,60,60,66,66,58,51,37,37,33,33,30,64,70,50,47,55,55,55,44,45,45,45,45,45,42,42,42,0],"gold":189,"neow_bonus":"THREE_ENEMY_KILL","is_prod":false,"is_daily":false,"chose_seed":false,"campfire_upgraded":5,"win_rate":0,"timestamp":1567653049,"path_taken":["M","$","?","M","?","E","R","M","T","M","M","E","R","M","R","BOSS","M","M","M","M","$","R","M","M","T","E","M","?","E","?","R","BOSS"],"build_version":"2019-07-17","purchased_purges":0,"victory":false,"max_hp_per_floor":[75,75,75,75,75,75,75,75,75,75,75,75,75,75,75,75,75,75,75,75,75,75,75,75,75,75,75,75,75,80,80,80,80],"card_choices":[{"not_picked":["Flex","Sentinel"],"picked":"Havoc","floor":1.0},{"not_picked":["Anger","Pommel Strike"],"picked":"Shrug It Off","floor":4.0},{"not_picked":["Seeing Red","Havoc"],"picked":"Power Through","floor":6.0},{"not_picked":["Flame Barrier","Sentinel"],"picked":"Uppercut","floor":8.0},{"not_picked":["Warcry","Body Slam"],"picked":"Twin Strike","floor":10.0},{"not_picked":["Rampage","Fire Breathing"],"picked":"Armaments","floor":11.0},{"not_picked":["Rampage","Twin Strike"],"picked":"Sever Soul","floor":12.0},{"not_picked":["Flex","True Grit"],"picked":"Disarm","floor":14.0},{"not_picked":["Double Tap","Offering"],"picked":"Limit Break","floor":16.0},{"not_picked":["Reckless Charge","Hemokinesis"],"picked":"True Grit","floor":18.0},{"not_picked":["Armaments","Clothesline+1"],"picked":"Shrug It Off","floor":19.0},{"not_picked":["Armaments","Thunderclap"],"picked":"Intimidate","floor":20.0},{"not_picked":["Cleave","Pommel Strike"],"picked":"Spot Weakness","floor":21.0},{"not_picked":["True Grit","Body Slam"],"picked":"Headbutt","floor":24.0},{"not_picked":["Offering","Pommel Strike"],"picked":"Whirlwind","floor":25.0},{"not_picked":["Twin Strike","Thunderclap","Clash"],"picked":"SKIP","floor":27.0},{"not_picked":["Warcry","Rage","Entrench"],"picked":"SKIP","floor":28.0},{"not_picked":["Shockwave","Blood for Blood"],"picked":"Evolve","floor":30.0}],"player_experience":811485,"relics_obtained":[{"floor":6.0,"key":"Regal Pillow"},{"floor":9.0,"key":"Potion Belt"},{"floor":12.0,"key":"Meat on the Bone"},{"floor":26.0,"key":"Mercury Hourglass"},{"floor":27.0,"key":"Pantograph"},{"floor":30.0,"key":"War Paint"}],"event_choices":[{"damage_healed":0.0,"max_hp_gain":0.0,"max_hp_loss":0.0,"gold_gain":0.0,"event_name":"Golden Idol","player_choice":"Take Damage","floor":3.0,"gold_loss":0.0,"damage_taken":26.0,"relics_obtained":["Golden Idol"]},{"damage_healed":0.0,"max_hp_gain":0.0,"max_hp_loss":0.0,"gold_gain":0.0,"cards_transformed":["Strike_R"],"event_name":"Living Wall","player_choice":"Change","floor":5.0,"gold_loss":0.0,"damage_taken":0.0,"cards_obtained":["Cleave"]},{"damage_healed":0.0,"max_hp_gain":0.0,"max_hp_loss":0.0,"gold_gain":0.0,"event_name":"Addict","player_choice":"Obtained Relic","floor":29.0,"gold_loss":85.0,"damage_taken":0.0,"relics_obtained":["Tiny Chest"]},{"cards_removed":["Strike_R"],"damage_healed":0.0,"max_hp_gain":0.0,"max_hp_loss":0.0,"gold_gain":0.0,"event_name":"Bonfire Elementals","player_choice":"Offered Basic","floor":31.0,"gold_loss":0.0,"damage_taken":0.0}],"is_beta":false,"boss_relics":[{"not_picked":["Astrolabe","Calling Bell"],"picked":"Coffee Dripper"}],"items_purged_floors":[],"is_endless":false,"potions_floor_spawned":[4,8,16,21,27,30],"killed_by":"Collector","ascension_level":18}