{"gold_per_floor":[360,80,96,96,96,96,119,133,157,182,182,182,205,223,223,353,353,377,49,63,63,88,88,132,157,229,148,162,180,180,180,180,309,309,330,330,330,330,345,345],"floor_reached":40,"playtime":3059,"items_purged":[],"score":450,"play_id":"128aaa39-1254-4b2b-8d89-18e269f762e9","local_time":"20190617215256","is_ascension_mode":false,"campfire_choices":[{"data":"Bouncing Flask","floor":6.0,"key":"SMITH"},{"data":"Footwork","floor":11.0,"key":"SMITH"},{"floor":15.0,"key":"REST"},{"data":"Footwork","floor":23.0,"key":"SMITH"},{"data":"Infinite Blades","floor":30.0,"key":"SMITH"},{"data":"Backflip","floor":32.0,"key":"SMITH"}],"neow_cost":"TEN_PERCENT_HP_LOSS","seed_source_timestamp":0,"circlet_count":0,"master_deck":["Defend_G","Defend_G","Defend_G","Defend_G","Survivor","Neutralize","Bouncing Flask+1","Corpse Explosion+1","Dodge and Roll+1","Injury","Deflect+1","Footwork+1","Deflect","Footwork+1","Finesse","Flying Knee","Backflip+1","All Out Attack+1","Terror+1","Infinite Blades+1","Quick Slash+1","Accuracy+1","Bite","Bite","Bite","Bite","Bite","A Thousand Cuts","Concentrate","Infinite Blades+1"],"special_seed":0,"relics":["Ring of the Snake","Regal Pillow","Golden Idol","War Paint","Runic Pyramid","Happy Flower","Lantern","Ninja Scroll","Busted Crown"],"potions_floor_usage":[],"damage_taken":[{"damage":0.0,"enemies":"2 Louse","floor":1.0,"turns":3.0},{"damage":3.0,"enemies":"Jaw Worm","floor":3.0,"turns":3.0},{"damage":0.0,"enemies":"Cultist","floor":7.0,"turns":3.0},{"damage":5.0,"enemies":"Looter","floor":8.0,"turns":4.0},{"damage":8.0,"enemies":"Lots of Slimes","floor":10.0,"turns":4.0},{"damage":2.0,"enemies":"3 Louse","floor":13.0,"turns":3.0},{"damage":9.0,"enemies":"Exordium Thugs","floor":14.0,"turns":4.0},{"damage":35.0,"enemies":"Hexaghost","floor":16.0,"turns":8.0},{"damage":0.0,"enemies":"Chosen","floor":18.0,"turns":7.0},{"damage":0.0,"enemies":"Spheric Guardian","floor":20.0,"turns":3.0},{"damage":1.0,"enemies":"Centurion and Healer","floor":22.0,"turns":5.0},{"damage":0.0,"enemies":"Gremlin Leader","floor":24.0,"turns":9.0},{"damage":0.0,"enemies":"Snake Plant","floor":25.0,"turns":4.0},{"damage":2.0,"enemies":"Shelled Parasite and Fungi","floor":28.0,"turns":6.0},{"damage":0.0,"enemies":"Cultist and Chosen","floor":29.0,"turns":5.0},{"damage":18.0,"enemies":"Collector","floor":33.0,"turns":10.0},{"damage":11.0,"enemies":"3 Shapes","floor":35.0,"turns":4.0},{"damage":0.0,"enemies":"3 Darklings","floor":39.0,"turns":1.0},{"damage":46,"enemies":"Nemesis","floor":40,"turns":5}],"seed_played":"8014589295357135220","potions_obtained":[{"floor":3.0,"key":"SneckoOil"},{"floor":10.0,"key":"Regen Potion"},{"floor":13.0,"key":"SkillPotion"},{"floor":18.0,"key":"SpeedPotion"},{"floor":22.0,"key":"Energy Potion"},{"floor":24.0,"key":"Poison Potion"},{"floor":28.0,"key":"AttackPotion"},{"floor":39.0,"key":"Fire Potion"}],"is_trial":false,"path_per_floor":["M","$","M","?","?","R","M","M","T","M","R","?","M","M","R","B",null,"M","$","M","?","M","R","E","M","T","$","M","M","R","?","R","B",null,"M","?","?","?","M","E"],"character_chosen":"THE_SILENT","items_purchased":["Corpse Explosion","Regal Pillow","Footwork","Finesse","Happy Flower","Infinite Blades"],"campfire_rested":1,"item_purchase_floors":[2,2,19,19,19,27],"current_hp_per_floor":[63,63,60,60,60,60,60,55,55,47,47,47,45,36,63,43,63,63,63,63,63,62,62,62,62,62,62,60,60,60,44,44,42,44,41,41,41,41,44,0],"gold":345,"neow_bonus":"TWO_FIFTY_GOLD","is_prod":false,"is_daily":false,"chose_seed":false,"campfire_upgraded":5,"win_rate":0,"timestamp":1560822776,"path_taken":["M","$","M","?","?","R","M","M","T","?","R","?","M","M","R","BOSS","M","?","M","?","M","R","E","M","T","$","M","?","R","?","R","BOSS","M","?","?","?","?","E"],"build_version":"2019-01-23","purchased_purges":0,"victory":false,"max_hp_per_floor":[63,63,63,63,63,63,63,63,63,63,63,63,63,63,63,63,63,63,63,63,63,63,63,63,63,63,63,63,63,63,44,44,44,44,44,44,44,44,44,44],"card_choices":[{"not_picked":["Deflect","Leg Sweep"],"picked":"Bouncing Flask","floor":1.0},{"not_picked":["Outmaneuver","Caltrops"],"picked":"Dodge and Roll","floor":3.0},{"not_picked":["Dodge and Roll","Eviscerate"],"picked":"Deflect","floor":7.0},{"not_picked":["Choke","Acrobatics"],"picked":"Footwork","floor":8.0},{"not_picked":["Glass Knife","Infinite Blades","Slice"],"picked":"SKIP","floor":10.0},{"not_picked":["Deflect","Poisoned Stab","Deadly Poison"],"picked":"SKIP","floor":13.0},{"not_picked":["Underhanded Strike","Choke","Slice"],"picked":"SKIP","floor":14.0},{"not_picked":["Terror","Bane"],"picked":"Deflect","floor":18.0},{"not_picked":["Quick Slash","Bane"],"picked":"Flying Knee","floor":20.0},{"not_picked":["Prepared","Deflect"],"picked":"Backflip","floor":22.0},{"not_picked":["Dodge and Roll","Backflip"],"picked":"All Out Attack+1","floor":24.0},{"not_picked":["Backflip","Phantasmal Killer"],"picked":"Terror+1","floor":25.0},{"not_picked":["PiercingWail","Slice"],"picked":"Quick Slash+1","floor":28.0},{"not_picked":["Quick Slash+1","Bane"],"picked":"Accuracy+1","floor":29.0},{"not_picked":["Die Die Die","Corpse Explosion"],"picked":"A Thousand Cuts","floor":33.0},{"not_picked":[],"picked":"Concentrate","floor":35.0},{"not_picked":[],"picked":"Infinite Blades+1","floor":39.0}],"player_experience":373197,"relics_obtained":[{"floor":9.0,"key":"War Paint"},{"floor":24.0,"key":"Lantern"},{"floor":26.0,"key":"Ninja Scroll"}],"event_choices":[{"damage_healed":0.0,"max_hp_gain":0.0,"max_hp_loss":0.0,"gold_gain":0.0,"event_name":"Golden Idol","player_choice":"Take Wound","floor":4.0,"gold_loss":0.0,"damage_taken":0.0,"relics_obtained":["Golden Idol"],"cards_obtained":["Injury"]},{"damage_healed":0.0,"max_hp_gain":0.0,"max_hp_loss":0.0,"gold_gain":0.0,"event_name":"Match and Keep!","player_choice":"0 cards matched","floor":5.0,"gold_loss":0.0,"damage_taken":0.0,"cards_obtained":[]},{"damage_healed":0.0,"max_hp_gain":0.0,"max_hp_loss":0.0,"gold_gain":0.0,"event_name":"Accursed Blacksmith","player_choice":"Forge","floor":12.0,"gold_loss":0.0,"damage_taken":0.0,"cards_upgraded":["Corpse Explosion"]},{"damage_healed":0.0,"max_hp_gain":0.0,"max_hp_loss":0.0,"gold_gain":0.0,"event_name":"Ghosts","player_choice":"Ignored","floor":21.0,"gold_loss":0.0,"damage_taken":0.0},{"damage_healed":0.0,"max_hp_gain":0.0,"max_hp_loss":19.0,"gold_gain":0.0,"event_name":"Vampires","player_choice":"Became a vampire","floor":31.0,"gold_loss":0.0,"damage_taken":0.0,"cards_obtained":["Bite","Bite","Bite","Bite","Bite"]},{"damage_healed":0.0,"max_hp_gain":0.0,"max_hp_loss":0.0,"gold_gain":0.0,"event_name":"Tomb of Lord Red Mask","player_choice":"Ignored","floor":36.0,"gold_loss":0.0,"damage_taken":0.0},{"cards_removed":["Defend_G"],"damage_healed":0.0,"max_hp_gain":0.0,"max_hp_loss":0.0,"gold_gain":0.0,"event_name":"Falling","player_choice":"Removed Skill","floor":37.0,"gold_loss":0.0,"damage_taken":0.0},{"damage_healed":0.0,"max_hp_gain":0.0,"max_hp_loss":0.0,"gold_gain":0.0,"event_name":"FaceTrader","player_choice":"Leave","floor":38.0,"gold_loss":0.0,"damage_taken":0.0}],"is_beta":false,"boss_relics":[{"not_picked":["Sozu","Snecko Eye"],"picked":"Runic Pyramid"},{"not_picked":["HoveringKite","Black Star"],"picked":"Busted Crown"}],"items_purged_floors":[],"is_endless":false,"potions_floor_spawned":[3,10,13,14,18,22,24,28,33,39],"killed_by":"Nemesis","ascension_level":0}