{"gold_per_floor":[115,131,145,145,145,145,164,194,248,262,273,291,291,13,13,112,112,126,126,136,150,165,165,20,55,55,55,69,80,80,140,140,140],"floor_reached":33,"playtime":2422,"items_purged":["Strike_B","Hello World"],"score":314,"play_id":"c7bdb1fe-95b3-4984-90f1-33b39547700b","local_time":"20190824181753","is_ascension_mode":true,"campfire_choices":[{"data":"Dualcast","floor":6.0,"key":"SMITH"},{"data":"Streamline","floor":13.0,"key":"SMITH"},{"floor":15.0,"key":"REST"},{"data":"Coolheaded","floor":23.0,"key":"SMITH"},{"data":"Redo","floor":27.0,"key":"SMITH"},{"floor":32.0,"key":"REST"}],"neow_cost":"NONE","seed_source_timestamp":796459722043300,"circlet_count":0,"master_deck":["Strike_B","Defend_B","Defend_B","Defend_B","Defend_B","Zap","Dualcast+1","Cold Snap","Rebound","Steam","Turbo","Streamline+1","Rebound","Coolheaded+1","Compile Driver","Leap+1","Ball Lightning","Go for the Eyes+1","Redo+1","Sweeping Beam","Redo","Redo","Ball Lightning+1"],"special_seed":0,"relics":["Cracked Core","Boot","Kunai","Bronze Scales","DataDisk","Frozen Eye","Nuclear Battery","Du-Vu Doll","Gremlin Horn","SsserpentHead"],"potions_floor_usage":[33,33],"damage_taken":[{"damage":4.0,"enemies":"2 Louse","floor":1.0,"turns":2.0},{"damage":2.0,"enemies":"Jaw Worm","floor":2.0,"turns":3.0},{"damage":0.0,"enemies":"Cultist","floor":3.0,"turns":3.0},{"damage":1.0,"enemies":"Looter","floor":7.0,"turns":3.0},{"damage":22.0,"enemies":"Gremlin Nob","floor":8.0,"turns":4.0},{"damage":7.0,"enemies":"Gremlin Gang","floor":10.0,"turns":3.0},{"damage":0.0,"enemies":"2 Fungi Beasts","floor":11.0,"turns":2.0},{"damage":1.0,"enemies":"Exordium Wildlife","floor":12.0,"turns":2.0},{"damage":15.0,"enemies":"Hexaghost","floor":16.0,"turns":9.0},{"damage":2.0,"enemies":"Spheric Guardian","floor":18.0,"turns":3.0},{"damage":0.0,"enemies":"3 Byrds","floor":20.0,"turns":3.0},{"damage":10.0,"enemies":"3 Cultists","floor":21.0,"turns":6.0},{"damage":24.0,"enemies":"Snake Plant","floor":22.0,"turns":3.0},{"damage":6.0,"enemies":"Book of Stabbing","floor":25.0,"turns":4.0},{"damage":13.0,"enemies":"Snecko","floor":28.0,"turns":4.0},{"damage":2.0,"enemies":"Centurion and Healer","floor":29.0,"turns":5.0},{"damage":7.0,"enemies":"3 Cultists","floor":31.0,"turns":3.0},{"damage":33,"enemies":"Automaton","floor":33,"turns":8}],"seed_played":"-9206580344771688052","potions_obtained":[{"floor":1.0,"key":"AttackPotion"},{"floor":2.0,"key":"Strength Potion"},{"floor":10.0,"key":"FocusPotion"},{"floor":12.0,"key":"Ancient Potion"},{"floor":22.0,"key":"SpeedPotion"},{"floor":25.0,"key":"FocusPotion"},{"floor":28.0,"key":"Explosive Potion"},{"floor":29.0,"key":"Dexterity Potion"},{"floor":31.0,"key":"SkillPotion"}],"is_trial":false,"path_per_floor":["M","M","M","?","?","R","M","E","T","M","M","M","R","$","R","B",null,"M","?","M","M","M","R","$","E","T","R","M","M","?","M","R","B"],"character_chosen":"DEFECT","items_purchased":["Frozen Eye","Redo"],"campfire_rested":2,"item_purchase_floors":[14,24],"current_hp_per_floor":[71,69,69,62,59,59,58,36,36,29,29,28,28,28,50,35,75,73,73,73,63,39,39,39,33,33,33,20,18,18,11,33,0],"gold":140,"neow_bonus":"RANDOM_COMMON_RELIC","is_prod":false,"is_daily":false,"chose_seed":false,"campfire_upgraded":4,"win_rate":0,"timestamp":1566663473,"path_taken":["M","M","M","?","?","R","M","E","T","M","M","M","R","?","R","BOSS","M","?","M","M","?","R","$","E","T","R","M","M","?","?","R","BOSS"],"build_version":"2019-07-17","purchased_purges":2,"victory":false,"max_hp_per_floor":[75,75,75,75,75,75,75,75,75,75,75,75,75,75,75,75,75,75,75,75,75,75,75,75,75,75,75,75,75,75,75,75,75],"card_choices":[{"not_picked":["Lockon","Stack"],"picked":"Cold Snap","floor":1.0},{"not_picked":["Ball Lightning","Compile Driver"],"picked":"Rebound","floor":2.0},{"not_picked":["Storm","Capacitor"],"picked":"Steam","floor":3.0},{"not_picked":["Tempest","Heatsinks"],"picked":"Turbo","floor":7.0},{"not_picked":["Storm","Compile Driver"],"picked":"Streamline","floor":8.0},{"not_picked":["Buffer","Melter"],"picked":"Rebound","floor":10.0},{"not_picked":["Glacier","Heatsinks"],"picked":"Coolheaded","floor":11.0},{"not_picked":["Turbo","Capacitor","Aggregate"],"picked":"SKIP","floor":12.0},{"not_picked":["Auto Shields","Rebound"],"picked":"Compile Driver","floor":18.0},{"not_picked":["Rip and Tear","Steam"],"picked":"Leap+1","floor":20.0},{"not_picked":["Doom and Gloom+1","Reinforced Body"],"picked":"Ball Lightning","floor":21.0},{"not_picked":["Ball Lightning","Steam"],"picked":"Go for the Eyes+1","floor":22.0},{"not_picked":["Consume","Static Discharge"],"picked":"Sweeping Beam","floor":25.0},{"not_picked":["Leap","Self Repair"],"picked":"Redo","floor":28.0},{"not_picked":["Loop+1","All For One"],"picked":"Redo","floor":29.0},{"not_picked":["Reprogram","Stack"],"picked":"Ball Lightning+1","floor":31.0}],"player_experience":184373,"relics_obtained":[{"floor":8.0,"key":"Bronze Scales"},{"floor":9.0,"key":"DataDisk"},{"floor":25.0,"key":"Du-Vu Doll"},{"floor":26.0,"key":"Gremlin Horn"}],"event_choices":[{"cards_removed":["Strike_B"],"damage_healed":0.0,"max_hp_gain":0.0,"max_hp_loss":0.0,"gold_gain":0.0,"event_name":"Golden Wing","player_choice":"Card Removal","floor":4.0,"gold_loss":0.0,"damage_taken":7.0},{"damage_healed":0.0,"max_hp_gain":0.0,"max_hp_loss":0.0,"gold_gain":0.0,"event_name":"Scrap Ooze","player_choice":"Success","floor":5.0,"gold_loss":0.0,"damage_taken":3.0,"relics_obtained":["Kunai"]},{"damage_healed":0.0,"max_hp_gain":0.0,"max_hp_loss":0.0,"gold_gain":0.0,"cards_transformed":["Strike_B"],"event_name":"Transmorgrifier","player_choice":"Transformed","floor":19.0,"gold_loss":0.0,"damage_taken":0.0,"cards_obtained":["Hello World"]},{"damage_healed":0.0,"max_hp_gain":0.0,"max_hp_loss":0.0,"gold_gain":0.0,"event_name":"FaceTrader","player_choice":"Trade","floor":30.0,"gold_loss":0.0,"damage_taken":0.0,"relics_obtained":["SsserpentHead"]}],"is_beta":false,"boss_relics":[{"not_picked":["Runic Dome","Pandora\u0027s Box"],"picked":"Nuclear Battery"}],"items_purged_floors":[14,24],"is_endless":false,"potions_floor_spawned":[1,2,10,12,22,25,28,29,31],"killed_by":"Automaton","ascension_level":3}