{"gold_per_floor":[109,109,284,234,255,255,273,273,273,21,42,42,61,96,96,225,225,194,214,249,249,16,16,34,34,34,34,34,34,34,50,50,175,175,191,7,31,45,65,65,65],"floor_reached":41,"playtime":5855,"items_purged":[],"score":430,"play_id":"2d29d563-4003-422f-8c9b-f8cc60b36b7b","local_time":"20180711234051","is_ascension_mode":true,"campfire_choices":[{"data":"Zap","floor":6,"key":"SMITH"},{"data":"Hello World","floor":8,"key":"SMITH"},{"data":"Dualcast","floor":12,"key":"SMITH"},{"floor":15,"key":"REST"},{"floor":23,"key":"REST"},{"floor":25,"key":"REST"},{"floor":28,"key":"REST"},{"data":"Buffer","floor":30,"key":"SMITH"},{"floor":32,"key":"REST"},{"floor":40,"key":"REST"}],"neow_cost":"","seed_source_timestamp":166092001326586,"circlet_count":0,"master_deck":["Strike_B+1","Strike_B+1","Strike_B+1","Strike_B+1","Defend_B+1","Defend_B+1","Defend_B+1","Defend_B+1","Zap+1","Dualcast+1","Hello World+1","Injury","Glacier","White Noise","Fission","Buffer+1","Conserve Battery+1","Double Energy+1","Fusion","Static Discharge","Sweeping Beam","Ball Lightning","Electrodynamics","Barrage","Enlightenment","Leap+1","Aggregate","Stack+1"],"relics":["Cracked Core","Golden Idol","Letter Opener","Symbiotic Virus","Strawberry","Lizard Tail","Runic Capacitor","Darkstone Periapt","Nloth\u0027s Gift","Fusion Hammer"],"potions_floor_usage":[14,16,16,19,39],"damage_taken":[{"damage":0,"enemies":"Cultist","floor":1,"turns":3},{"damage":0,"enemies":"2 Louse","floor":5,"turns":2},{"damage":0,"enemies":"Small Slimes","floor":7,"turns":2},{"damage":10,"enemies":"3 Louse","floor":11,"turns":3},{"damage":9,"enemies":"Red Slaver","floor":13,"turns":2},{"damage":16,"enemies":"Gremlin Nob","floor":14,"turns":5},{"damage":66,"enemies":"Slime Boss","floor":16,"turns":12},{"damage":35,"enemies":"2 Thieves","floor":18,"turns":5},{"damage":22,"enemies":"Spheric Guardian","floor":19,"turns":4},{"damage":47,"floor":20,"turns":8},{"damage":16,"enemies":"Chosen and Byrds","floor":24,"turns":8},{"damage":17,"enemies":"Centurion and Healer","floor":31,"turns":7},{"damage":56,"enemies":"Collector","floor":33,"turns":12},{"damage":33,"enemies":"3 Darklings","floor":35,"turns":6},{"damage":11,"enemies":"3 Shapes","floor":37,"turns":4},{"damage":25,"enemies":"Maw","floor":38,"turns":9},{"damage":0,"enemies":"3 Darklings","floor":39,"turns":4},{"damage":40,"enemies":"Sphere and 2 Shapes","floor":41,"turns":4}],"seed_played":"-8450774223061030378","potions_obtained":[{"floor":1,"key":"FearPotion"},{"floor":11,"key":"Poison Potion"},{"floor":14,"key":"GamblersBrew"},{"floor":18,"key":"PowerPotion"},{"floor":38,"key":"PowerPotion"},{"floor":39,"key":"Strength Potion"}],"is_trial":false,"path_per_floor":["M","?","?","?","M","R","M","R","T","$","M","R","M","E","R","B",null,"M","M","?","?","$","R","M","R","T","$","R","?","R","M","R","B",null,"M","$","M","M","M","R"],"character_chosen":"DEFECT","items_purchased":["Symbiotic Virus","Runic Capacitor","Static Discharge","Enlightenment"],"campfire_rested":6,"item_purchase_floors":[10,22,22,36],"current_hp_per_floor":[75,75,75,75,75,75,75,75,75,75,65,65,56,47,71,5,82,47,25,21,21,21,45,29,53,53,53,77,77,77,60,82,26,82,49,49,38,13,13,37,0],"gold":65,"neow_bonus":"","is_prod":false,"is_daily":false,"chose_seed":false,"campfire_upgraded":4,"win_rate":0,"timestamp":1531323651,"path_taken":["M","?","?","?","M","R","M","R","T","$","?","R","M","E","R","BOSS","M","M","?","?","?","R","M","R","T","$","R","?","R","?","R","BOSS","M","$","M","M","M","R","M"],"build_version":"2018-07-05","purchased_purges":0,"victory":false,"max_hp_per_floor":[75,75,75,75,75,75,75,75,75,75,75,75,75,82,82,82,82,82,82,82,82,82,82,82,82,82,82,82,82,82,82,82,82,82,82,82,82,82,82,82,82],"card_choices":[{"not_picked":["Lockon","Turbo"],"picked":"Hello World","floor":1},{"not_picked":["Turbo","Rebound","Steam"],"picked":"SKIP","floor":5},{"not_picked":["Tempest","Storm"],"picked":"Glacier","floor":7},{"not_picked":["Stack","Go for the Eyes","Leap"],"picked":"SKIP","floor":11},{"not_picked":["Fusion","Coolheaded"],"picked":"White Noise","floor":13},{"not_picked":["Sweeping Beam","Compile Driver"],"picked":"Fission","floor":14},{"not_picked":["Fission","Amplify"],"picked":"Buffer","floor":16},{"not_picked":["Stack","Compile Driver"],"picked":"Conserve Battery+1","floor":18},{"not_picked":["Cold Snap","Hologram"],"picked":"Double Energy+1","floor":19},{"not_picked":["Recycle","Auto Shields"],"picked":"Fusion","floor":20},{"not_picked":["Hologram+1","Rip and Tear"],"picked":"Sweeping Beam","floor":24},{"not_picked":["Hologram","Leap"],"picked":"Ball Lightning","floor":31},{"not_picked":["Biased Cognition","Thunder Strike"],"picked":"Electrodynamics","floor":33},{"not_picked":["Turbo","Melter+1"],"picked":"Barrage","floor":35},{"not_picked":["Heatsinks+1","Turbo"],"picked":"Leap+1","floor":37},{"not_picked":["Heatsinks","Capacitor+1"],"picked":"Aggregate","floor":38},{"not_picked":["Aggregate","Conserve Battery"],"picked":"Stack+1","floor":39}],"player_experience":636396,"relics_obtained":[{"floor":9,"key":"Letter Opener"},{"floor":14,"key":"Strawberry"},{"floor":20,"key":"Red Mask"},{"floor":26,"key":"Darkstone Periapt"}],"event_choices":[{"event_name":"Golden Idol","player_choice":"Take Wound","floor":2,"damage_taken":0},{"event_name":"Liars Game","player_choice":"agreed","floor":3,"damage_taken":0},{"event_name":"The Cleric","player_choice":"Card Removal","floor":4,"damage_taken":0},{"event_name":"Masked Bandits","player_choice":"Fought over 214 gold","floor":20,"damage_taken":0},{"event_name":"Back to Basics","player_choice":"Simplicity","floor":21,"damage_taken":0},{"event_name":"N\u0027loth","player_choice":"Traded a Red Mask","floor":29,"damage_taken":0}],"boss_relics":[{"not_picked":["Orrery","Astrolabe"],"picked":"Lizard Tail"},{"not_picked":["Empty Cage","Black Star"],"picked":"Fusion Hammer"}],"items_purged_floors":[],"is_endless":false,"potions_floor_spawned":[1,11,14,18,38,39],"killed_by":"Sphere and 2 Shapes","ascension_level":2}