{"gold_per_floor":[219,219,144,94,105,136,136,149,174,174,74,74,84,97,97,198,198,215,215,215],"floor_reached":20,"playtime":532,"items_purged":["Regret","Defend_R"],"score":215,"play_id":"27697ea2-350b-4805-87c0-f2de632c2ab2","local_time":"20180908212230","is_ascension_mode":true,"campfire_choices":[{"floor":10,"key":"REST"},{"floor":12,"key":"REST"},{"floor":15,"key":"REST"}],"neow_cost":"NONE","seed_source_timestamp":165585262495762,"circlet_count":0,"master_deck":["Strike_R","Strike_R","Strike_R","Strike_R","Strike_R","Defend_R","Bash","Cleave","Rampage","Clash","Clash","Inflame+1","Demon Form+1","Injury","Heavy Blade+1","RitualDagger"],"relics":["Burning Blood","Dream Catcher","Frozen Egg 2","Omamori","Calling Bell","Pen Nib","Kunai","StoneCalendar"],"potions_floor_usage":[16,20],"damage_taken":[{"damage":11,"enemies":"2 Louse","floor":1,"turns":3},{"damage":12,"enemies":"Jaw Worm","floor":5,"turns":3},{"damage":55,"enemies":"3 Sentries","floor":6,"turns":8},{"damage":6,"enemies":"Cultist","floor":8,"turns":3},{"damage":21,"enemies":"Exordium Thugs","floor":13,"turns":3},{"damage":11,"enemies":"Looter","floor":14,"turns":2},{"damage":48,"enemies":"The Guardian","floor":16,"turns":7},{"damage":49,"enemies":"Shell Parasite","floor":18,"turns":4},{"damage":33,"enemies":"Spheric Guardian","floor":20,"turns":3}],"seed_played":"-819771237530255111","potions_obtained":[{"floor":13,"key":"Block Potion"},{"floor":14,"key":"BloodPotion"},{"floor":18,"key":"SpeedPotion"}],"is_trial":false,"path_per_floor":["M","?","$","?","M","E","?","M","T","R","$","R","M","M","R","B",null,"M","?"],"character_chosen":"IRONCLAD","items_purchased":[],"campfire_rested":3,"item_purchase_floors":[],"current_hp_per_floor":[75,75,75,75,69,20,20,20,20,44,44,68,53,48,72,30,68,25,19,0],"gold":215,"neow_bonus":"HUNDRED_GOLD","is_prod":false,"is_daily":false,"chose_seed":false,"campfire_upgraded":0,"win_rate":0,"timestamp":1536456150,"path_taken":["M","?","$","?","M","E","?","M","T","R","$","R","M","M","R","BOSS","M","?","M"],"build_version":"2018-09-06","purchased_purges":2,"victory":false,"max_hp_per_floor":[80,80,80,80,80,80,80,80,80,80,80,80,80,80,80,80,80,80,80,80],"card_choices":[{"not_picked":["Iron Wave","Armaments","Sentinel"],"picked":"SKIP","floor":1},{"not_picked":["Sword Boomerang","Hemokinesis"],"picked":"Cleave","floor":5},{"not_picked":["Evolve","Sword Boomerang"],"picked":"Rampage","floor":6},{"not_picked":["Heavy Blade","Pommel Strike","Corruption+1"],"picked":"SKIP","floor":8},{"not_picked":["Heavy Blade","Intimidate"],"picked":"Clash","floor":12},{"not_picked":["Heavy Blade","Uppercut","Iron Wave"],"picked":"SKIP","floor":13},{"not_picked":["Flex","Fire Breathing+1"],"picked":"Clash","floor":14},{"not_picked":["Anger","Barricade+1"],"picked":"Inflame+1","floor":15},{"not_picked":["Barricade+1","Exhume"],"picked":"Demon Form+1","floor":16},{"not_picked":["Battle Trance","Dropkick"],"picked":"Heavy Blade+1","floor":18}],"player_experience":204613,"relics_obtained":[{"floor":6,"key":"Frozen Egg 2"},{"floor":9,"key":"Omamori"},{"floor":17,"key":"Pen Nib"},{"floor":17,"key":"Kunai"},{"floor":17,"key":"StoneCalendar"}],"event_choices":[{"event_name":"Big Fish","player_choice":"Box","floor":2,"damage_taken":0},{"event_name":"The Cleric","player_choice":"Card Removal","floor":4,"damage_taken":0},{"event_name":"Purifier","player_choice":"One Purge","floor":7,"damage_taken":0},{"event_name":"Nest","player_choice":"Joined the Cult","floor":19,"damage_taken":0}],"is_beta":false,"boss_relics":[{"not_picked":["White Beast Statue","Runic Dome"],"picked":"Calling Bell"}],"items_purged_floors":[3,11],"is_endless":false,"potions_floor_spawned":[13,14,18],"killed_by":"Spheric Guardian","ascension_level":5}