{"gold_per_floor":[112,112,112,131,151,151,162,162,162,197,215,286,37,53,53,152,152,162,162,162,87,102,102,17,17,17,17,17,32,32,45,45,45],"floor_reached":33,"playtime":1989,"items_purged":["Writhe"],"score":294,"play_id":"6f5be6ba-1165-4fd0-bd42-b096d7fb2ed9","local_time":"20190912223935","is_ascension_mode":true,"campfire_choices":[{"floor":6,"key":"RECALL"},{"data":"Cloak And Dagger","floor":8,"key":"SMITH"},{"floor":15,"key":"REST"},{"floor":23,"key":"REST"},{"data":"Poisoned Stab","floor":25,"key":"SMITH"},{"floor":32,"key":"REST"}],"neow_cost":"NONE","seed_source_timestamp":108400026644000,"circlet_count":0,"master_deck":["Strike_G","Strike_G","Strike_G","Strike_G","Strike_G","Defend_G","Defend_G","Defend_G","Defend_G","Defend_G","Survivor","Neutralize","Cloak And Dagger+1","Finisher","Slice","Poisoned Stab+1","Dash","Reflex","Flechettes","After Image","Backflip+1","Deadly Poison+1","Backflip","After Image","Slice"],"relics":["Ring of the Snake","NeowsBlessing","Nunchaku","Happy Flower","Bottled Lightning","Runic Dome","Centennial Puzzle","Meat on the Bone","The Courier"],"potions_floor_usage":[16,16,16,16,16,31,33,33],"damage_taken":[{"damage":0,"enemies":"Cultist","floor":1,"turns":1},{"damage":0,"enemies":"Small Slimes","floor":4,"turns":1},{"damage":0,"enemies":"2 Louse","floor":5,"turns":1},{"damage":3,"enemies":"Large Slime","floor":7,"turns":6},{"damage":38,"enemies":"Gremlin Nob","floor":10,"turns":5},{"damage":10,"enemies":"3 Louse","floor":11,"turns":4},{"damage":0,"enemies":"Blue Slaver","floor":14,"turns":2},{"damage":35,"enemies":"The Guardian","floor":16,"turns":18},{"damage":13,"enemies":"3 Byrds","floor":18,"turns":6},{"damage":13,"enemies":"2 Thieves","floor":22,"turns":4},{"damage":29,"enemies":"Sentry and Sphere","floor":29,"turns":6},{"damage":9,"enemies":"Centurion and Healer","floor":31,"turns":12},{"damage":68,"enemies":"Champ","floor":33,"turns":17}],"seed_played":"-1849614276660430822","potions_obtained":[{"floor":10,"key":"GamblersBrew"},{"floor":11,"key":"EntropicBrew"},{"floor":16,"key":"Regen Potion"},{"floor":22,"key":"EssenceOfSteel"},{"floor":29,"key":"FearPotion"},{"floor":31,"key":"Strength Potion"}],"is_trial":false,"path_per_floor":["M","?","?","M","M","R","M","R","T","E","M","?","$","M","R","B",null,"M","?","?","$","M","R","?","R","T","$","?","M","?","M","R","B"],"character_chosen":"THE_SILENT","items_purchased":["Bottled Lightning"],"campfire_rested":3,"item_purchase_floors":[13],"current_hp_per_floor":[70,67,67,67,67,67,64,64,64,26,16,16,16,16,37,2,70,57,57,57,57,44,65,65,65,65,65,65,36,36,42,63,0],"gold":45,"neow_bonus":"THREE_ENEMY_KILL","is_prod":false,"is_daily":false,"chose_seed":false,"campfire_upgraded":2,"win_rate":0,"timestamp":1568345975,"path_taken":["M","?","?","M","M","R","M","R","T","E","M","?","$","M","R","BOSS","M","?","?","$","M","R","?","R","T","?","?","?","?","M","R","BOSS"],"build_version":"2019-07-17","purchased_purges":1,"victory":false,"max_hp_per_floor":[70,70,70,70,70,70,70,70,70,70,70,70,70,70,70,70,70,70,70,70,70,70,70,70,70,70,70,70,70,70,70,70,70],"card_choices":[{"not_picked":["Acrobatics","Finisher"],"picked":"Cloak And Dagger","floor":1},{"not_picked":["Underhanded Strike","Dodge and Roll"],"picked":"Finisher","floor":4},{"not_picked":["Well Laid Plans","Sucker Punch"],"picked":"Slice","floor":5},{"not_picked":["Flying Knee","Dodge and Roll"],"picked":"Poisoned Stab","floor":7},{"not_picked":["Tactician","Dodge and Roll"],"picked":"Dash","floor":10},{"not_picked":["Flying Knee","Prepared"],"picked":"Reflex","floor":11},{"not_picked":["Heel Hook","PiercingWail"],"picked":"Flechettes","floor":14},{"not_picked":["Phantasmal Killer","Unload"],"picked":"After Image","floor":16},{"not_picked":["Deflect","Prepared"],"picked":"Backflip+1","floor":18},{"not_picked":["Distraction","Underhanded Strike+1"],"picked":"Deadly Poison+1","floor":22},{"not_picked":["Poisoned Stab","Slice"],"picked":"After Image","floor":29},{"not_picked":["Masterful Stab","Sucker Punch+1"],"picked":"Slice","floor":31}],"player_experience":372068,"relics_obtained":[{"floor":10,"key":"Happy Flower"},{"floor":26,"key":"The Courier"}],"event_choices":[{"damage_healed":0,"gold_gain":0,"player_choice":"Success","damage_taken":3,"relics_obtained":["Nunchaku"],"max_hp_gain":0,"max_hp_loss":0,"event_name":"Scrap Ooze","floor":2,"gold_loss":0},{"damage_healed":0,"gold_gain":0,"player_choice":"Leave","damage_taken":0,"max_hp_gain":0,"max_hp_loss":0,"event_name":"The Cleric","floor":3,"gold_loss":0},{"damage_healed":0,"gold_gain":71,"player_choice":"Gained Gold","damage_taken":0,"max_hp_gain":0,"max_hp_loss":0,"event_name":"Golden Wing","floor":12,"gold_loss":0},{"damage_healed":0,"gold_gain":0,"player_choice":"Ignored","damage_taken":0,"max_hp_gain":0,"max_hp_loss":0,"event_name":"Vampires","floor":19,"gold_loss":0},{"damage_healed":0,"gold_gain":0,"player_choice":"Opened","damage_taken":0,"relics_obtained":["Centennial Puzzle"],"max_hp_gain":0,"max_hp_loss":0,"event_name":"The Mausoleum","floor":20,"gold_loss":0,"cards_obtained":["Writhe"]},{"damage_healed":0,"gold_gain":0,"player_choice":"Obtained Relic","damage_taken":0,"relics_obtained":["Meat on the Bone"],"max_hp_gain":0,"max_hp_loss":0,"event_name":"Addict","floor":24,"gold_loss":85},{"damage_healed":0,"gold_gain":0,"player_choice":"Read","damage_taken":0,"max_hp_gain":0,"max_hp_loss":0,"event_name":"The Library","floor":28,"gold_loss":0,"cards_obtained":["Backflip"]},{"damage_healed":0,"gold_gain":0,"player_choice":"Ignored","damage_taken":0,"max_hp_gain":0,"max_hp_loss":0,"event_name":"N\u0027loth","floor":30,"gold_loss":0}],"is_beta":false,"boss_relics":[{"not_picked":["Tiny House","Ectoplasm"],"picked":"Runic Dome"}],"items_purged_floors":[21],"is_endless":false,"potions_floor_spawned":[10,11,16,22,29,31],"killed_by":"Champ","ascension_level":4}