{"gold_per_floor":[112,123,123,48,66,66,36,36,36,47,47,47,47,47,47,47],"floor_reached":16,"playtime":686,"items_purged":["Strike_B"],"score":106,"play_id":"3e729231-af31-4845-a11d-79ebd0393821","local_time":"20180812011231","is_ascension_mode":true,"campfire_choices":[{"floor":6,"key":"REST"},{"floor":8,"key":"REST"},{"data":"Zap","floor":12,"key":"SMITH"},{"floor":15,"key":"REST"}],"neow_cost":"NONE","seed_source_timestamp":304236213039382,"circlet_count":0,"master_deck":["Strike_B","Strike_B","Defend_B","Defend_B","Zap+1","Dualcast","Defragment","Sunder","Heatsinks","Normality"],"relics":["Empty Cage","Mercury Hourglass","Ginger","Calipers","Pantograph"],"potions_floor_usage":[16,16],"damage_taken":[{"damage":19,"enemies":"Jaw Worm","floor":1,"turns":4},{"damage":0,"enemies":"Small Slimes","floor":2,"turns":2},{"damage":2,"enemies":"2 Louse","floor":5,"turns":3},{"damage":14,"enemies":"Red Slaver","floor":10,"turns":3},{"damage":81,"enemies":"Hexaghost","floor":16,"turns":7}],"seed_played":"1456644715014180886","potions_obtained":[{"floor":5,"key":"Weak Potion"},{"floor":7,"key":"Weak Potion"},{"floor":7,"key":"Swift Potion"},{"floor":10,"key":"Poison Potion"}],"is_trial":false,"path_per_floor":["M","M","?","$","M","R","?","R","T","M","?","R","?","?","R"],"character_chosen":"DEFECT","items_purchased":[],"campfire_rested":3,"item_purchase_floors":[],"current_hp_per_floor":[56,56,44,44,42,64,64,75,75,61,61,61,61,61,75,0],"gold":47,"neow_bonus":"BOSS_RELIC","is_prod":false,"is_daily":false,"chose_seed":false,"campfire_upgraded":1,"win_rate":0,"timestamp":1534007551,"path_taken":["M","M","?","$","?","R","?","R","T","M","?","R","?","?","R","BOSS"],"build_version":"2018-08-09","purchased_purges":1,"victory":false,"max_hp_per_floor":[75,75,75,75,75,75,75,75,75,75,75,75,75,75,75,75],"card_choices":[{"not_picked":["Stack","Ball Lightning","Sweeping Beam"],"picked":"SKIP","floor":1},{"not_picked":["Stack","Go for the Eyes"],"picked":"Defragment","floor":2},{"not_picked":["Force Field","Double Energy"],"picked":"Sunder","floor":5},{"not_picked":["Hologram","Turbo"],"picked":"Heatsinks","floor":10}],"player_experience":872042,"relics_obtained":[{"floor":9,"key":"Ginger"}],"event_choices":[{"event_name":"Scrap Ooze","player_choice":"success","floor":3,"damage_taken":12},{"event_name":"The Woman in Blue","player_choice":"Bought 2 Potions","floor":7,"damage_taken":0},{"event_name":"Accursed Blacksmith","player_choice":"Rummage","floor":11,"damage_taken":0},{"event_name":"WeMeetAgain","player_choice":"Potion","floor":13,"damage_taken":0},{"event_name":"Purifier","player_choice":"One Purge","floor":14,"damage_taken":0}],"is_beta":false,"boss_relics":[],"items_purged_floors":[4],"is_endless":false,"potions_floor_spawned":[5,10],"killed_by":"Hexaghost","ascension_level":4}