{"gold_per_floor":[119,136,148,158,176,176,196,196,222,69,86,86,113,130,130,229,279,295,119,131,144,157,157,157,157,234,78,91,91,91,136,136,241,241,256,256,256,131,151,151,151],"floor_reached":41,"playtime":1507,"items_purged":["Strike_R","Strike_R","Defend_R"],"score":395,"play_id":"b1c9e25f-44a8-4621-a08a-2430936beb70","local_time":"20180728220056","is_ascension_mode":false,"campfire_choices":[{"data":"Cleave","floor":6,"key":"SMITH"},{"data":"Cleave","floor":8,"key":"SMITH"},{"data":"Inflame","floor":15,"key":"SMITH"},{"floor":23,"key":"REST"},{"data":"Twin Strike","floor":25,"key":"SMITH"},{"data":"Twin Strike","floor":29,"key":"SMITH"},{"floor":32,"key":"REST"},{"floor":40,"key":"REST"}],"neow_cost":"NONE","seed_source_timestamp":269163435585798,"circlet_count":0,"master_deck":["Strike_R","Strike_R+1","Strike_R","Defend_R+1","Defend_R","Bash","Twin Strike","Iron Wave","Pommel Strike","Cleave+1","Cleave+1","Clash","Flex+1","Iron Wave","Twin Strike+1","Inflame+1","Rage","Rampage","Blood for Blood","Flex+1","Inflame","Metallicize+1","Twin Strike+1","Seeing Red","Clash","Impervious","Anger","Madness","Madness","Inflame","Anger+1"],"relics":["Burning Blood","Dream Catcher","Ornamental Fan","Nloth\u0027s Gift","Tiny Chest","War Paint","Anchor","Velvet Choker"],"potions_floor_usage":[14,14,16,33,33,33,33,33,35,41,41],"damage_taken":[{"damage":0,"enemies":"Small Slimes","floor":1,"turns":3},{"damage":6,"enemies":"Cultist","floor":2,"turns":3},{"damage":0,"enemies":"2 Louse","floor":3,"turns":2},{"damage":17,"enemies":"Exordium Thugs","floor":4,"turns":5},{"damage":16,"enemies":"Blue Slaver","floor":5,"turns":5},{"damage":0,"enemies":"3 Louse","floor":7,"turns":1},{"damage":0,"enemies":"2 Fungi Beasts","floor":11,"turns":2},{"damage":11,"enemies":"Gremlin Nob","floor":13,"turns":3},{"damage":7,"enemies":"Exordium Wildlife","floor":14,"turns":3},{"damage":35,"enemies":"Hexaghost","floor":16,"turns":8},{"damage":16,"enemies":"Spheric Guardian","floor":18,"turns":4},{"damage":23,"enemies":"Shell Parasite","floor":20,"turns":5},{"damage":23,"enemies":"Snake Plant","floor":21,"turns":4},{"damage":21,"enemies":"Cultist and Chosen","floor":22,"turns":5},{"damage":12,"enemies":"3 Cultists","floor":28,"turns":4},{"damage":49,"enemies":"Champ","floor":33,"turns":12},{"damage":31,"enemies":"3 Darklings","floor":35,"turns":4},{"damage":30,"enemies":"3 Shapes","floor":39,"turns":4},{"damage":52,"enemies":"Nemesis","floor":41,"turns":6}],"seed_played":"110338071474253141","potions_obtained":[{"floor":4,"key":"Regen Potion"},{"floor":5,"key":"EssenceOfSteel"},{"floor":7,"key":"Dexterity Potion"},{"floor":13,"key":"BloodPotion"},{"floor":17,"key":"EntropicBrew"},{"floor":18,"key":"Energy Potion"},{"floor":28,"key":"SteroidPotion"},{"floor":33,"key":"Energy Potion"},{"floor":35,"key":"PowerPotion"},{"floor":39,"key":"Weak Potion"}],"is_trial":false,"path_per_floor":["M","M","M","M","M","R","M","R","T","$","M","$","E","M","R","B",null,"M","$","M","M","M","R","?","R","T","$","M","R","$","T","R","B",null,"M","?","?","$","M","R"],"character_chosen":"IRONCLAD","items_purchased":["Flex","Iron Wave","Blood for Blood","War Paint"],"campfire_rested":3,"item_purchase_floors":[10,10,19,27],"current_hp_per_floor":[80,80,80,69,59,59,65,65,65,65,71,71,66,78,78,49,85,75,75,58,41,26,51,51,51,51,51,45,45,45,45,70,39,85,60,60,49,49,25,50,0],"gold":151,"neow_bonus":"TRANSFORM_CARD","is_prod":false,"is_daily":false,"chose_seed":false,"campfire_upgraded":5,"win_rate":0,"timestamp":1532829656,"path_taken":["M","M","M","M","M","R","M","R","T","$","M","$","E","M","R","BOSS","M","$","M","M","M","R","?","R","T","?","M","R","$","?","R","BOSS","M","?","?","$","M","R","E"],"build_version":"2018-07-26","purchased_purges":3,"victory":false,"max_hp_per_floor":[80,80,80,80,80,80,80,80,80,80,80,80,80,80,80,80,85,85,85,85,85,85,85,85,85,85,85,85,85,85,85,85,85,85,85,85,85,85,85,85,85],"card_choices":[{"not_picked":["Warcry","True Grit","Armaments"],"picked":"SKIP","floor":1},{"not_picked":["Perfected Strike","Shrug It Off"],"picked":"Iron Wave","floor":2},{"not_picked":["True Grit","Power Through"],"picked":"Pommel Strike","floor":3},{"not_picked":["Bloodletting","Ghostly Armor"],"picked":"Cleave","floor":4},{"not_picked":["Rupture","True Grit"],"picked":"Cleave","floor":5},{"not_picked":["Wild Strike","Battle Trance"],"picked":"Clash","floor":7},{"not_picked":["Armaments","Hemokinesis","Perfected Strike"],"picked":"SKIP","floor":11},{"not_picked":["Shrug It Off","Sword Boomerang"],"picked":"Twin Strike","floor":13},{"not_picked":["Second Wind","Body Slam"],"picked":"Inflame","floor":14},{"not_picked":["Sword Boomerang","Uppercut"],"picked":"Rage","floor":17},{"not_picked":["Perfected Strike","Feel No Pain"],"picked":"Rampage","floor":18},{"not_picked":["Pommel Strike+1","Headbutt+1"],"picked":"Flex+1","floor":20},{"not_picked":["Offering","Twin Strike"],"picked":"Inflame","floor":21},{"not_picked":["Warcry+1","Flame Barrier"],"picked":"Metallicize+1","floor":22},{"not_picked":["True Grit","Bloodletting"],"picked":"Twin Strike","floor":23},{"not_picked":["Twin Strike","Ghostly Armor"],"picked":"Seeing Red","floor":28},{"not_picked":["Rage","Havoc"],"picked":"Clash","floor":32},{"not_picked":["Juggernaut","Fiend Fire"],"picked":"Impervious","floor":33},{"not_picked":["Thunderclap","Power Through"],"picked":"Anger","floor":35},{"not_picked":["Headbutt","Perfected Strike"],"picked":"Inflame","floor":39},{"not_picked":["Rupture","Shrug It Off+1"],"picked":"Anger+1","floor":40}],"player_experience":61894,"relics_obtained":[{"floor":9,"key":"Dream Catcher"},{"floor":13,"key":"Ornamental Fan"},{"floor":26,"key":"Tiny Chest"},{"floor":31,"key":"Anchor"}],"event_choices":[{"event_name":"N\u0027loth","player_choice":"Traded a Tiny House","floor":24,"damage_taken":0},{"event_name":"Tomb of Lord Red Mask","player_choice":"Ignored","floor":36,"damage_taken":0},{"event_name":"Winding Halls","player_choice":"Embrace Madness","floor":37,"damage_taken":0}],"is_beta":false,"boss_relics":[{"not_picked":["White Beast Statue","Mark of Pain"],"picked":"Tiny House"},{"not_picked":["Philosopher\u0027s Stone","Snecko Eye"],"picked":"Velvet Choker"}],"items_purged_floors":[10,19,38],"is_endless":false,"potions_floor_spawned":[4,5,7,13,18,28,33,35,39],"killed_by":"Nemesis","ascension_level":0}