{"path_per_floor":["M","?","M","M","M","R","M","M","T","R","E","M","R","M","R"],"character_chosen":"IRONCLAD","items_purchased":[],"gold_per_floor":[115,115,135,147,132,132,143,160,160,160,192,209,209,226,226],"floor_reached":16,"campfire_rested":0,"playtime":2761,"current_hp_per_floor":[80,47,53,59,54,54,54,55,55,55,36,24,24,30,30],"items_purged":[],"gold":226,"play_id":"4e243ebc-2f69-4b8a-824b-ddf4dcbc38bd","is_prod":false,"is_daily":false,"is_ascension_mode":false,"campfire_upgraded":4,"path_taken":["M","?","M","M","M","R","M","M","T","R","E","M","R","M","R","BOSS"],"build_version":"2018-01-25-PROD3","purchased_purges":0,"victory":false,"master_deck":["Strike_R","Strike_R","Strike_R","Strike_R","Strike_R","Defend_R","Defend_R","Defend_R","Defend_R","Bash","Writhe","Double Tap","Shrug It Off+1","Immolate+1","Evolve+1","Power Through+1","Dual Wield","Flex","Anger","Fiend Fire"],"max_hp_per_floor":[80,80,80,80,80,80,80,80,80,80,80,80,80,80,80],"relics":["Burning Blood","Oddly Smooth Stone","Matryoshka","Lantern"],"card_choices":[{"not_picked":["Fiend Fire","Berserk"],"picked":"Double Tap"},{"not_picked":["Perfected Strike","True Grit"],"picked":"Shrug It Off"},{"not_picked":["Reckless Charge","True Grit"],"picked":"Immolate"},{"not_picked":["Uppercut","Sever Soul"],"picked":"Evolve"},{"not_picked":["Twin Strike","Metallicize"],"picked":"Power Through"},{"not_picked":["Reckless Charge","Armaments"],"picked":"Dual Wield"},{"not_picked":["True Grit","Heavy Blade"],"picked":"Flex"},{"not_picked":["Cleave","Disarm"],"picked":"Anger"},{"not_picked":["Rage","Sword Boomerang"],"picked":"Fiend Fire"}],"player_experience":65822,"potions_floor_usage":[5,11,16],"damage_taken":[{"damage":6,"enemies":"Jaw Worm","floor":1,"turns":3},{"damage":0,"enemies":"2 Louse","floor":3,"turns":4},{"damage":0,"enemies":"Small Slimes","floor":4,"turns":4},{"damage":11,"enemies":"Exordium Thugs","floor":5,"turns":5},{"damage":6,"enemies":"2 Fungi Beasts","floor":7,"turns":6},{"damage":5,"enemies":"Large Slime","floor":8,"turns":6},{"damage":25,"enemies":"Lagavulin","floor":11,"turns":8},{"damage":18,"enemies":"Gremlin Gang","floor":12,"turns":4},{"damage":0,"enemies":"Looter","floor":14,"turns":4},{"damage":32,"enemies":"Hexaghost","floor":16,"turns":9}],"event_choices":[{"event_name":"Scrap Ooze","player_choice":"success","floor":2,"damage_taken":33}],"boss_relics":[],"potions_floor_spawned":[3,4,5,11],"seed_played":"4624298725419263728","killed_by":"Hexaghost","ascension_level":0,"is_trial":false}