{"gold_per_floor":[109,109,121,47,222,250,250,275,275,275,275,275,275,288,288,388,388,407,407],"floor_reached":19,"playtime":1431,"items_purged":[],"score":238,"play_id":"7fc11754-c6c6-4500-b856-f621340eecb5","local_time":"20181006153345","is_ascension_mode":true,"campfire_choices":[{"data":"Zap","floor":7,"key":"SMITH"},{"floor":10,"key":"REST"},{"data":"Dualcast","floor":12,"key":"SMITH"},{"floor":15,"key":"REST"}],"neow_cost":"NONE","seed_source_timestamp":552345980566219,"circlet_count":0,"master_deck":["Strike_B","Strike_B","Strike_B","Strike_B","Defend_B","Defend_B","Defend_B","Defend_B","Zap+1","Dualcast+1","Loop","Hello World","Doubt","Redo","Heatsinks","Coolheaded","Seek","Chill","Fusion","Darkness","Skim","Machine Learning","Rebound"],"relics":["Cracked Core","NeowsBlessing","Mummified Hand","Ornamental Fan","StoneCalendar","Shuriken","Cables","Mango","Orrery"],"potions_floor_usage":[16,19,19],"damage_taken":[{"damage":0,"enemies":"2 Louse","floor":1,"turns":1},{"damage":0,"enemies":"Small Slimes","floor":3,"turns":1},{"damage":0,"enemies":"3 Sentries","floor":6,"turns":1},{"damage":60,"enemies":"Gremlin Nob","floor":8,"turns":5},{"damage":12,"enemies":"Jaw Worm","floor":14,"turns":3},{"damage":11,"enemies":"The Guardian","floor":16,"turns":7},{"damage":20,"enemies":"Chosen","floor":18,"turns":5},{"damage":29,"enemies":"Colosseum Slavers","floor":19,"turns":5},{"damage":49,"enemies":"Colosseum Nobs","floor":19,"turns":3}],"seed_played":"-1571562407167861339","potions_obtained":[{"floor":14,"key":"PowerPotion"},{"floor":16,"key":"FearPotion"},{"floor":18,"key":"Ancient Potion"}],"is_trial":false,"path_per_floor":["M","?","M","$","?","E","R","E","T","R","?","R","T","M","R","B",null,"M"],"character_chosen":"DEFECT","items_purchased":["Hello World"],"campfire_rested":2,"item_purchase_floors":[4],"current_hp_per_floor":[75,72,72,72,72,72,72,12,12,34,34,34,48,36,62,51,89,69,0],"gold":407,"neow_bonus":"THREE_ENEMY_KILL","is_prod":false,"is_daily":false,"chose_seed":false,"campfire_upgraded":2,"win_rate":0,"timestamp":1538811225,"path_taken":["M","?","M","$","?","E","R","E","T","R","?","R","?","M","R","BOSS","M","?"],"build_version":"2018-10-04v2","purchased_purges":0,"victory":false,"max_hp_per_floor":[75,75,75,75,75,75,75,75,75,75,75,75,89,89,89,89,89,89,89],"card_choices":[{"not_picked":["Leap","Barrage"],"picked":"Sweeping Beam","floor":1},{"not_picked":["Streamline","Ball Lightning"],"picked":"Loop","floor":3},{"not_picked":["Steam","Ball Lightning"],"picked":"Redo","floor":6},{"not_picked":["Gash","Compile Driver"],"picked":"Heatsinks","floor":8},{"not_picked":["Sweeping Beam","Conserve Battery"],"picked":"Coolheaded","floor":14},{"not_picked":["Thunder Strike","Hyperbeam"],"picked":"Seek","floor":16},{"not_picked":["Compile Driver","Stack"],"picked":"Chill","floor":17},{"not_picked":["Conserve Battery","Redo"],"picked":"Fusion","floor":17},{"not_picked":["Ball Lightning","Coolheaded"],"picked":"Darkness","floor":17},{"not_picked":["Barrage","Conserve Battery"],"picked":"Skim","floor":17},{"not_picked":["Leap","Ball Lightning"],"picked":"Machine Learning","floor":17},{"not_picked":["Redo","Glacier+1"],"picked":"Rebound","floor":18}],"player_experience":986999,"relics_obtained":[{"floor":6,"key":"Ornamental Fan"},{"floor":8,"key":"StoneCalendar"},{"floor":9,"key":"Shuriken"},{"floor":13,"key":"Mango"}],"event_choices":[{"event_name":"Scrap Ooze","player_choice":"success","floor":2,"damage_taken":3},{"event_name":"Liars Game","player_choice":"agreed","floor":5,"damage_taken":0},{"event_name":"WeMeetAgain","player_choice":"Card","floor":11,"damage_taken":0},{"event_name":"Colosseum","player_choice":"Fight","floor":19,"damage_taken":0},{"event_name":"Colosseum","player_choice":"Fought Nobs","floor":19,"damage_taken":0}],"is_beta":false,"boss_relics":[{"not_picked":["Velvet Choker","Empty Cage"],"picked":"Orrery"}],"items_purged_floors":[],"is_endless":false,"potions_floor_spawned":[14,16,18,19],"killed_by":"Colosseum Nobs","ascension_level":4}