{"path_per_floor":["M","M","M","M","?","R","M","R","T","M","?","M","R","M","R","B",null,"M","$","M","?","?","R","M","R","T","M","M","R","M","M","R"],"character_chosen":"IRONCLAD","items_purchased":["Secret Weapon","Uppercut","Perfected Strike"],"gold_per_floor":[113,131,150,163,232,232,248,248,248,262,262,276,276,295,295,394,394,407,31,43,43,43,43,53,53,122,141,153,153,169,185,185],"floor_reached":33,"campfire_rested":5,"playtime":6249,"current_hp_per_floor":[62,68,66,56,56,80,55,55,55,53,53,49,73,67,80,21,80,63,63,69,56,56,56,49,49,49,11,24,40,16,16,32],"items_purged":["Pain"],"gold":185,"play_id":"ee9c3aec-2680-404f-abd6-fe5c155238cc","is_prod":false,"is_daily":false,"is_ascension_mode":false,"campfire_upgraded":3,"path_taken":["M","M","M","?","?","R","?","R","T","M","?","M","R","M","R","BOSS","M","$","M","?","?","R","M","R","T","M","M","R","M","M","R","BOSS"],"build_version":"2018-01-25-PROD3","purchased_purges":1,"victory":false,"master_deck":["Defend_R","Defend_R","Defend_R","Defend_R","Bash+1","Perfected Strike+1","Clothesline","Iron Wave","Flame Barrier","Twin Strike+1","Inflame","Cleave","Battle Trance","Berserk","Parasite","Anger+1","Secret Weapon","Uppercut","Perfected Strike+1","Sever Soul","Bite_R","Bite_R","Bite_R","Bite_R","Bite_R","Twin Strike+1","Rampage","Bloodletting","Shockwave","Sword Boomerang"],"max_hp_per_floor":[80,80,80,80,80,80,80,80,80,80,80,80,80,80,80,80,80,80,80,80,56,56,56,56,56,56,56,56,56,56,56,56],"relics":["Burning Blood","Charon\u0027s Ashes","Calling Bell","Red Skull","Letter Opener","Orichalcum","Darkstone Periapt"],"card_choices":[{"not_picked":["Flex","Armaments"],"picked":"Perfected Strike"},{"not_picked":["Whirlwind","Headbutt"],"picked":"Clothesline"},{"not_picked":["Bloodletting","Shrug It Off"],"picked":"Iron Wave"},{"not_picked":["Combust","Body Slam"],"picked":"Flame Barrier"},{"not_picked":["Iron Wave","Sword Boomerang"],"picked":"Twin Strike"},{"not_picked":["True Grit","Fire Breathing"],"picked":"Inflame"},{"not_picked":["Fire Breathing","Flame Barrier"],"picked":"Cleave"},{"not_picked":["Clothesline","Fire Breathing"],"picked":"Battle Trance"},{"not_picked":["Barricade","Juggernaut"],"picked":"Berserk"},{"not_picked":["Sword Boomerang","Twin Strike"],"picked":"Anger"},{"not_picked":["Body Slam","Cleave"],"picked":"Sever Soul"},{"not_picked":["Body Slam","True Grit"],"picked":"Twin Strike"},{"not_picked":["Battle Trance","Anger"],"picked":"Rampage"},{"not_picked":["Infernal Blade","Iron Wave"],"picked":"Bloodletting"},{"not_picked":["Disarm","Twin Strike"],"picked":"Shockwave"},{"not_picked":["Rupture","Armaments"],"picked":"Sword Boomerang"}],"player_experience":690,"potions_floor_usage":[28,28],"damage_taken":[{"damage":24.0,"enemies":"Blue Slaver","floor":1.0,"turns":3.0},{"damage":0.0,"enemies":"Cultist","floor":2.0,"turns":2.0},{"damage":8.0,"enemies":"Jaw Worm","floor":3.0,"turns":3.0},{"damage":16.0,"enemies":"Large Slime","floor":4.0,"turns":7.0},{"damage":31.0,"enemies":"Red Slaver","floor":7.0,"turns":6.0},{"damage":8,"enemies":"2 Fungi Beasts","floor":10,"turns":3},{"damage":10,"enemies":"Looter","floor":12,"turns":2},{"damage":12,"enemies":"3 Louse","floor":14,"turns":3},{"damage":65,"enemies":"The Guardian","floor":16,"turns":8},{"damage":23,"enemies":"Spheric Guardian","floor":18,"turns":4},{"damage":0,"enemies":"Chosen","floor":20,"turns":4},{"damage":15,"enemies":"Snake Plant","floor":24,"turns":3},{"damage":50,"enemies":"3 Cultists","floor":27,"turns":6},{"damage":3,"enemies":"Chosen and Byrds","floor":28,"turns":5},{"damage":38,"enemies":"Slaver and Parasite","floor":30,"turns":5},{"damage":16,"enemies":"Centurion and Healer","floor":31,"turns":6},{"damage":50,"enemies":"Champ","floor":33,"turns":9}],"event_choices":[{"event_name":"Golden Wing","player_choice":"Gained Gold","floor":5.0,"damage_taken":0.0},{"event_name":"Living Wall","player_choice":"Grow","floor":11,"damage_taken":0},{"event_name":"Vampires","player_choice":"Became a vampire","floor":21,"damage_taken":0},{"event_name":"Purifier","player_choice":"One Purge","floor":22,"damage_taken":0}],"boss_relics":[{"not_picked":["Tiny House","Runic Pyramid"],"picked":"Calling Bell"}],"potions_floor_spawned":[1,3,14,18,20,27],"seed_played":"2980139905512140205","killed_by":"Champ","ascension_level":0,"is_trial":false}