{"gold_per_floor":[115,125,125,144,157,184,184,184,207,207,207,225,241,261,261,360,360,376,389,11,28,28,63,63,63,63,83,83,8,25,45,45,149,149,166,176,176,176,176],"floor_reached":39,"playtime":1532,"items_purged":[],"score":405,"play_id":"b83c10b3-9f54-4aa9-8592-f5b9999311b9","local_time":"20180831225437","is_ascension_mode":false,"campfire_choices":[{"floor":7.0,"key":"REST"},{"data":"Demon Form","floor":10.0,"key":"SMITH"},{"floor":15.0,"key":"REST"},{"floor":24.0,"key":"REST"},{"floor":28.0,"key":"REST"},{"floor":32.0,"key":"REST"}],"neow_cost":"NONE","seed_source_timestamp":187964576136613,"circlet_count":0,"master_deck":["Strike_R","Strike_R+1","Strike_R","Strike_R+1","Defend_R+1","Defend_R+1","Defend_R+1","Bash","Infernal Blade","Flex","Demon Form+1","Clash","Rampage","Heavy Blade","Feed","Double Tap","Demon Form+1","Double Tap","Headbutt+1","Cleave+1","Limit Break","Cleave"],"special_seed":0,"relics":["Burning Blood","Regal Pillow","Self Forming Clay","Ginger","Unceasing Top","Art of War","Sozu","War Paint","Whetstone","Kunai","Eternal Feather"],"potions_floor_usage":[],"damage_taken":[{"damage":10.0,"enemies":"Jaw Worm","floor":1.0,"turns":4.0},{"damage":7.0,"enemies":"2 Louse","floor":2.0,"turns":3.0},{"damage":5.0,"enemies":"Small Slimes","floor":4.0,"turns":2.0},{"damage":11.0,"enemies":"Exordium Wildlife","floor":5.0,"turns":4.0},{"damage":28.0,"enemies":"Lagavulin","floor":6.0,"turns":7.0},{"damage":10.0,"enemies":"Looter","floor":12.0,"turns":2.0},{"damage":11.0,"enemies":"Large Slime","floor":13.0,"turns":3.0},{"damage":9.0,"enemies":"2 Fungi Beasts","floor":14.0,"turns":3.0},{"damage":42.0,"enemies":"Hexaghost","floor":16.0,"turns":6.0},{"damage":23.0,"enemies":"2 Thieves","floor":18.0,"turns":4.0},{"damage":7.0,"enemies":"Chosen","floor":19.0,"turns":4.0},{"damage":15.0,"enemies":"Snecko","floor":21.0,"turns":4.0},{"damage":22.0,"enemies":"Colosseum Slavers","floor":22.0,"turns":3.0},{"damage":36.0,"enemies":"Slavers","floor":23.0,"turns":6.0},{"damage":39.0,"enemies":"Sentry and Sphere","floor":27.0,"turns":5.0},{"damage":15.0,"enemies":"Snake Plant","floor":30.0,"turns":3.0},{"damage":16.0,"enemies":"Chosen and Byrds","floor":31.0,"turns":6.0},{"damage":37.0,"enemies":"Champ","floor":33.0,"turns":7.0},{"damage":50.0,"enemies":"3 Darklings","floor":35.0,"turns":5.0},{"damage":14.0,"enemies":"Orb Walker","floor":36.0,"turns":3.0},{"damage":70,"enemies":"Transient","floor":39,"turns":5}],"seed_played":"-4288077264347129744","potions_obtained":[{"floor":2.0,"key":"FearPotion"},{"floor":12.0,"key":"Explosive Potion"},{"floor":13.0,"key":"BloodPotion"}],"is_trial":false,"path_per_floor":["M","M","?","M","M","E","R","T","T","R","?","M","M","M","R","B",null,"M","M","$","M","?","E","R","?","T","M","R","?","M","M","R","B",null,"M","M","?","?"],"character_chosen":"IRONCLAD","items_purchased":["Double Tap","Demon Form","War Paint"],"campfire_rested":5,"item_purchase_floors":[20,20,20],"current_hp_per_floor":[76,75,72,73,68,46,80,80,80,80,64,60,55,52,80,44,80,66,65,65,59,54,27,69,69,69,36,78,78,72,65,98,67,98,54,46,46,46,0],"gold":176,"neow_bonus":"RANDOM_COMMON_RELIC","is_prod":false,"is_daily":false,"chose_seed":false,"campfire_upgraded":1,"win_rate":0,"timestamp":1535770477,"path_taken":["M","M","?","M","M","E","R","?","T","R","?","M","M","M","R","BOSS","M","M","$","M","?","E","R","?","T","M","R","?","M","M","R","BOSS","M","M","?","?","M"],"build_version":"2018-08-30","purchased_purges":0,"victory":false,"max_hp_per_floor":[80,80,80,80,80,80,80,80,80,80,80,80,80,80,80,80,80,83,83,83,86,89,92,92,92,92,92,92,92,95,98,98,98,98,98,98,98,93,93],"card_choices":[{"not_picked":["True Grit","Anger"],"picked":"Infernal Blade","floor":1.0},{"not_picked":["Hemokinesis","Uppercut"],"picked":"Flex","floor":2.0},{"not_picked":["Sword Boomerang","Iron Wave"],"picked":"Demon Form","floor":4.0},{"not_picked":["Pommel Strike","Anger"],"picked":"Clash","floor":5.0},{"not_picked":["Corruption","Shrug It Off"],"picked":"Rampage","floor":6.0},{"not_picked":["Warcry","Perfected Strike"],"picked":"Heavy Blade","floor":12.0},{"not_picked":["Dropkick","Headbutt","Wild Strike"],"picked":"SKIP","floor":13.0},{"not_picked":["Iron Wave","Havoc","Power Through"],"picked":"SKIP","floor":14.0},{"not_picked":["Offering","Dark Embrace"],"picked":"Feed","floor":16.0},{"not_picked":["Warcry","Thunderclap","Twin Strike"],"picked":"SKIP","floor":18.0},{"not_picked":["Disarm","Armaments","Intimidate"],"picked":"SKIP","floor":19.0},{"not_picked":["Shrug It Off","Reckless Charge","Anger"],"picked":"SKIP","floor":21.0},{"not_picked":["Headbutt","Warcry","Wild Strike"],"picked":"SKIP","floor":23.0},{"not_picked":["Body Slam","Rage"],"picked":"Double Tap","floor":27.0},{"not_picked":["Perfected Strike+1","Sever Soul"],"picked":"Headbutt+1","floor":30.0},{"not_picked":["Body Slam","Headbutt+1"],"picked":"Cleave+1","floor":31.0},{"not_picked":["Berserk","Feed"],"picked":"Limit Break","floor":33.0},{"not_picked":["Shockwave+1","Spot Weakness","Armaments"],"picked":"SKIP","floor":35.0},{"not_picked":["Cleave","Uppercut","Perfected Strike+1"],"picked":"SKIP","floor":36.0},{"not_picked":["Uppercut","Perfected Strike+1"],"picked":"Cleave","floor":36.0}],"player_experience":198907,"relics_obtained":[{"floor":6.0,"key":"Ginger"},{"floor":8.0,"key":"Unceasing Top"},{"floor":9.0,"key":"Art of War"},{"floor":23.0,"key":"Whetstone"},{"floor":26.0,"key":"Kunai"}],"event_choices":[{"event_name":"Scrap Ooze","player_choice":"success","floor":3.0,"damage_taken":3.0},{"event_name":"Shining Light","player_choice":"Entered Light","floor":11.0,"damage_taken":0.0},{"event_name":"Colosseum","player_choice":"Fight","floor":22.0,"damage_taken":0.0},{"event_name":"Colosseum","player_choice":"Fled From Nobs","floor":22.0,"damage_taken":0.0},{"event_name":"Accursed Blacksmith","player_choice":"Forge","floor":25.0,"damage_taken":0.0},{"event_name":"Beggar","player_choice":"Gave Gold","floor":29.0,"damage_taken":0.0},{"event_name":"Falling","player_choice":"Removed Attack","floor":37.0,"damage_taken":0.0},{"event_name":"Winding Halls","player_choice":"Max HP","floor":38.0,"damage_taken":0.0}],"is_beta":false,"boss_relics":[{"not_picked":["Philosopher\u0027s Stone","Runic Dome"],"picked":"Sozu"},{"not_picked":["Empty Cage","Astrolabe"],"picked":"Eternal Feather"}],"items_purged_floors":[],"is_endless":false,"potions_floor_spawned":[2,12,13,18,23,27,30,36],"killed_by":"Transient","ascension_level":0}