{"gold_per_floor":[112,112,131,150,161,193,193,210,259,259,273,273,273,14,14,117,117,134,82,101,117,117,117,117,117,142,74,88,119,44,143,143,143],"floor_reached":33,"playtime":1143,"items_purged":["Injury"],"score":290,"play_id":"cb00d150-1fc9-49a8-94b7-5d6281ce8378","local_time":"20180819001827","is_ascension_mode":false,"campfire_choices":[{"floor":7,"key":"REST"},{"data":"Flying Knee","floor":12,"key":"SMITH"},{"floor":15,"key":"REST"},{"floor":23,"key":"REST"},{"data":"Cloak And Dagger","floor":25,"key":"SMITH"},{"floor":32,"key":"REST"}],"neow_cost":"NONE","seed_source_timestamp":345486367086282,"circlet_count":0,"master_deck":["Defend_G","Defend_G","Defend_G","Defend_G","Defend_G","Strike_G","Strike_G","Survivor","Neutralize","Flying Knee+1","Dagger Spray+1","Dagger Spray+1","Endless Agony+1","Dagger Throw+1","Outmaneuver","Slice+1","All Out Attack+1","Doppelganger+1","Dagger Spray+1","Eviscerate+1","Flying Knee+1","Cloak And Dagger+1","Dagger Spray+1","Sucker Punch+1","Necronomicurse","Backstab+1","Outmaneuver+1","Backstab+1"],"relics":["Calling Bell","Bag of Marbles","Darkstone Periapt","StoneCalendar","Molten Egg 2","Dodecahedron","Pen Nib","Anchor","Astrolabe","Juzu Bracelet","Necronomicon","Centennial Puzzle","Orichalcum"],"potions_floor_usage":[16,16,16,21,29],"damage_taken":[{"damage":5,"enemies":"Small Slimes","floor":1,"turns":5},{"damage":6,"enemies":"Cultist","floor":3,"turns":6},{"damage":0,"enemies":"Jaw Worm","floor":4,"turns":6},{"damage":4,"enemies":"Red Slaver","floor":5,"turns":4},{"damage":31,"enemies":"3 Sentries","floor":6,"turns":7},{"damage":15,"enemies":"3 Louse","floor":8,"turns":3},{"damage":16,"enemies":"Exordium Thugs","floor":11,"turns":3},{"damage":50,"enemies":"The Guardian","floor":16,"turns":7},{"damage":5,"enemies":"Spheric Guardian","floor":18,"turns":3},{"damage":0,"enemies":"3 Byrds","floor":20,"turns":3},{"damage":12,"enemies":"Shelled Parasite and Fungi","floor":21,"turns":4},{"damage":9,"enemies":"Snake Plant","floor":28,"turns":3},{"damage":16,"enemies":"Book of Stabbing","floor":29,"turns":4},{"damage":59,"enemies":"Collector","floor":33,"turns":7}],"seed_played":"-1596731220488150526","potions_obtained":[{"floor":6,"key":"EssenceOfSteel"},{"floor":8,"key":"Explosive Potion"},{"floor":11,"key":"Fire Potion"},{"floor":16,"key":"Swift Potion"},{"floor":20,"key":"Strength Potion"},{"floor":21,"key":"Poison Potion"}],"is_trial":false,"path_per_floor":["M","?","M","M","M","E","R","M","T","?","M","R","?","$","R","B",null,"M","$","M","M","?","R","?","R","T","$","M","E","?","?","R"],"character_chosen":"THE_SILENT","items_purchased":["Anchor","All Out Attack+1","Cloak And Dagger","Backstab+1"],"campfire_rested":4,"item_purchase_floors":[14,14,19,27],"current_hp_per_floor":[65,65,59,59,55,24,45,30,30,70,54,54,47,47,68,18,70,65,65,65,53,53,70,60,60,60,60,51,35,35,35,57,0],"gold":143,"neow_bonus":"BOSS_RELIC","is_prod":false,"is_daily":false,"chose_seed":false,"campfire_upgraded":2,"win_rate":0.0,"timestamp":1534652307,"path_taken":["M","?","M","?","M","E","R","M","T","?","M","R","?","$","R","BOSS","M","?","M","M","?","R","?","R","T","$","M","E","?","?","R","BOSS"],"build_version":"2018-08-16","purchased_purges":1,"victory":false,"max_hp_per_floor":[70,70,70,70,70,70,70,70,70,70,70,70,70,70,70,70,70,70,70,70,70,70,70,76,76,76,76,76,76,76,76,76,76],"card_choices":[{"not_picked":["Flechettes","Caltrops"],"picked":"Flying Knee","floor":1},{"not_picked":["Quick Slash+1","Deadly Poison"],"picked":"Dagger Spray+1","floor":3},{"not_picked":["Infinite Blades","Backstab+1"],"picked":"Dagger Spray+1","floor":4},{"not_picked":["Noxious Fumes","Wraith Form v2"],"picked":"Endless Agony+1","floor":5},{"not_picked":["PiercingWail","Deadly Poison"],"picked":"Dagger Throw+1","floor":6},{"not_picked":["Backflip","Catalyst"],"picked":"Outmaneuver","floor":8},{"not_picked":["Acrobatics","Outmaneuver"],"picked":"Slice+1","floor":11},{"not_picked":["Caltrops","Dagger Throw+1"],"picked":"Flying Knee+1","floor":18},{"not_picked":["Backflip","Acrobatics"],"picked":"Dagger Spray+1","floor":20},{"not_picked":["Underhanded Strike+1","Prepared"],"picked":"Sucker Punch+1","floor":21},{"not_picked":["Prepared","Envenom"],"picked":"Outmaneuver+1","floor":28},{"not_picked":["Caltrops","Flechettes+1"],"picked":"Backstab+1","floor":29}],"player_experience":164700,"relics_obtained":[{"floor":0,"key":"Bag of Marbles"},{"floor":0,"key":"Darkstone Periapt"},{"floor":0,"key":"StoneCalendar"},{"floor":6,"key":"Dodecahedron"},{"floor":9,"key":"Pen Nib"},{"floor":24,"key":"Necronomicon"},{"floor":26,"key":"Centennial Puzzle"},{"floor":29,"key":"Orichalcum"}],"event_choices":[{"event_name":"Accursed Blacksmith","player_choice":"Rummage","floor":2,"damage_taken":0},{"event_name":"Wheel of Change","player_choice":"Full Heal","floor":10,"damage_taken":0},{"event_name":"Golden Wing","player_choice":"Card Removal","floor":13,"damage_taken":0},{"event_name":"WeMeetAgain","player_choice":"Potion","floor":22,"damage_taken":0},{"event_name":"Cursed Tome","player_choice":"Obtained Book","floor":24,"damage_taken":0},{"event_name":"Beggar","player_choice":"Gave Gold","floor":30,"damage_taken":0},{"event_name":"Nest","player_choice":"Stole From Cult","floor":31,"damage_taken":0}],"is_beta":false,"boss_relics":[{"not_picked":["Snecko Eye","Lizard Tail"],"picked":"Astrolabe"}],"items_purged_floors":[14],"is_endless":false,"potions_floor_spawned":[6,8,11,16,20,21],"killed_by":"Collector","ascension_level":0}