{"gold_per_floor":[119,135,310,310,321,321,338,371,371,387,461,461,416],"floor_reached":13,"playtime":984,"items_purged":[],"score":94,"play_id":"7bd89a34-7f51-4cbc-a432-431184bebd32","local_time":"20180711220252","is_ascension_mode":true,"campfire_choices":[{"data":"Zap","floor":6,"key":"SMITH"},{"floor":12,"key":"REST"}],"neow_cost":"NONE","seed_source_timestamp":165079780232327,"circlet_count":0,"master_deck":["Strike_B","Strike_B","Strike_B+1","Strike_B","Defend_B","Defend_B","Defend_B","Defend_B","Zap+1","Dualcast","Creative AI+1","Doom and Gloom","Heatsinks"],"relics":["Cracked Core","Omamori","Bird Faced Urn","Girya"],"potions_floor_usage":[5],"damage_taken":[{"damage":0,"enemies":"Small Slimes","floor":1,"turns":3},{"damage":2,"enemies":"2 Louse","floor":2,"turns":3},{"damage":1,"enemies":"Cultist","floor":5,"turns":4},{"damage":6,"enemies":"2 Fungi Beasts","floor":7,"turns":3},{"damage":36,"enemies":"Gremlin Nob","floor":8,"turns":5},{"damage":19,"enemies":"Blue Slaver","floor":10,"turns":4},{"damage":30,"enemies":"Exordium Thugs","floor":13,"turns":3}],"seed_played":"-269962108123128640","potions_obtained":[{"floor":1,"key":"SteroidPotion"},{"floor":10,"key":"Strength Potion"}],"is_trial":false,"path_per_floor":["M","M","?","?","M","R","M","E","T","M","?","R"],"character_chosen":"DEFECT","items_purchased":[],"campfire_rested":1,"item_purchase_floors":[],"current_hp_per_floor":[75,73,73,58,57,57,51,15,15,2,2,24,0],"gold":416,"neow_bonus":"RANDOM_COMMON_RELIC","is_prod":false,"is_daily":false,"chose_seed":false,"campfire_upgraded":1,"win_rate":0,"timestamp":1531317772,"path_taken":["M","M","?","?","M","R","M","E","T","M","?","R","M"],"build_version":"2018-07-05","purchased_purges":0,"victory":false,"max_hp_per_floor":[75,75,75,75,75,75,75,75,75,75,75,75,75],"card_choices":[{"not_picked":["Compile Driver","Leap","Rebound"],"picked":"SKIP","floor":1},{"not_picked":["Leap","Beam Cell"],"picked":"Creative AI","floor":2},{"not_picked":["FTL","Turbo","Coolheaded"],"picked":"SKIP","floor":5},{"not_picked":["Cold Snap","Capacitor"],"picked":"Doom and Gloom","floor":7},{"not_picked":["Stack","Chaos"],"picked":"Heatsinks","floor":8},{"not_picked":["Go for the Eyes","Sweeping Beam","Leap"],"picked":"SKIP","floor":10}],"player_experience":635412,"relics_obtained":[{"floor":8,"key":"Bird Faced Urn"},{"floor":9,"key":"Girya"}],"event_choices":[{"event_name":"Liars Game","player_choice":"agreed","floor":3,"damage_taken":0},{"event_name":"Shining Light","player_choice":"Entered Light","floor":4,"damage_taken":0},{"event_name":"Golden Wing","player_choice":"Gained Gold","floor":11,"damage_taken":0}],"boss_relics":[],"items_purged_floors":[],"is_endless":false,"potions_floor_spawned":[1,10],"killed_by":"Exordium Thugs","ascension_level":2}