{"gold_per_floor":[110,126,143,93,109,109,109,109,109,127,156,156,191,202,202,202],"floor_reached":16,"playtime":706,"items_purged":[],"score":112,"play_id":"9b0c5ea7-7a1e-46c9-b1f7-9a066bbed86d","local_time":"20190909235804","is_ascension_mode":false,"campfire_choices":[{"data":"Pummel","floor":7.0,"key":"SMITH"},{"floor":12,"key":"REST"},{"data":"Flame Barrier","floor":15,"key":"SMITH"}],"neow_cost":"TEN_PERCENT_HP_LOSS","seed_source_timestamp":2032544585508400,"circlet_count":0,"master_deck":["Strike_R","Strike_R","Strike_R","Strike_R","Defend_R","Defend_R","Defend_R","Defend_R","Bash","Pummel+1","Inflame+1","Barricade","Flex","Flame Barrier+1"],"special_seed":0,"relics":["Burning Blood","Bird Faced Urn","The Courier","Magic Flower","Bag of Preparation"],"potions_floor_usage":[11,13],"damage_taken":[{"damage":5.0,"enemies":"Small Slimes","floor":1.0,"turns":3.0},{"damage":10.0,"enemies":"Cultist","floor":2.0,"turns":4.0},{"damage":1.0,"enemies":"Jaw Worm","floor":3.0,"turns":4.0},{"damage":8.0,"enemies":"Blue Slaver","floor":5.0,"turns":6.0},{"damage":10.0,"enemies":"Exordium Thugs","floor":10.0,"turns":4.0},{"damage":42,"enemies":"Lagavulin","floor":11,"turns":8},{"damage":22,"enemies":"3 Sentries","floor":13,"turns":7},{"damage":16,"enemies":"3 Louse","floor":14,"turns":3},{"damage":48,"enemies":"Hexaghost","floor":16,"turns":9}],"seed_played":"5877563750739550710","potions_obtained":[{"floor":1.0,"key":"Explosive Potion"},{"floor":2.0,"key":"Explosive Potion"},{"floor":10.0,"key":"Block Potion"}],"is_trial":false,"path_per_floor":["M","M","M","?","M","?","R","$","T","M","E","R","E","M","R","B"],"character_chosen":"IRONCLAD","items_purchased":[],"campfire_rested":1,"item_purchase_floors":[],"current_hp_per_floor":[72,68,72,72,70,70,70,70,70,68,36,57,47,43,43,0],"gold":202,"neow_bonus":"ONE_RARE_RELIC","is_prod":false,"is_daily":false,"chose_seed":false,"campfire_upgraded":2,"win_rate":0,"timestamp":1568087884,"path_taken":["M","M","M","?","M","?","R","$","T","M","E","R","E","M","R","BOSS"],"build_version":"2019-07-17","purchased_purges":0,"victory":false,"max_hp_per_floor":[72,72,72,72,72,72,72,72,72,72,72,72,72,72,72,72],"card_choices":[{"not_picked":["Hemokinesis","Headbutt"],"picked":"Pummel","floor":1.0},{"not_picked":["Havoc","Heavy Blade","Sword Boomerang"],"picked":"SKIP","floor":2.0},{"not_picked":["Rage","Second Wind","Heavy Blade"],"picked":"SKIP","floor":3.0},{"not_picked":["Entrench","Perfected Strike"],"picked":"Inflame","floor":5.0},{"not_picked":["Warcry","Perfected Strike"],"picked":"Barricade","floor":10.0},{"not_picked":["Anger","Sentinel","Wild Strike"],"picked":"SKIP","floor":11},{"not_picked":["True Grit","Reckless Charge"],"picked":"Flex","floor":13},{"not_picked":["Clash","Iron Wave"],"picked":"Flame Barrier","floor":14}],"player_experience":604678,"relics_obtained":[{"floor":9.0,"key":"The Courier"},{"floor":11,"key":"Magic Flower"},{"floor":13,"key":"Bag of Preparation"}],"event_choices":[{"cards_removed":["Strike_R"],"damage_healed":0.0,"max_hp_gain":0.0,"max_hp_loss":0.0,"gold_gain":0.0,"event_name":"The Cleric","player_choice":"Card Removal","floor":4.0,"gold_loss":50.0,"damage_taken":0.0},{"damage_healed":0.0,"max_hp_gain":0.0,"max_hp_loss":0.0,"gold_gain":0.0,"event_name":"Accursed Blacksmith","player_choice":"Forge","floor":6.0,"gold_loss":0.0,"damage_taken":0.0,"cards_upgraded":["Inflame"]}],"is_beta":false,"boss_relics":[],"items_purged_floors":[],"is_endless":false,"potions_floor_spawned":[1,2,10],"killed_by":"Hexaghost","ascension_level":0}