{"gold_per_floor":[115,129,147,147,147,147,166,178,178,178,54,74,74,88,88,209,209,227,227,24,34,59,59,79,79,125,140,140,37,60,60,60,188,188,212,545,181,195,195,195,220,220,220,220,232,232,232,251,251,251],"floor_reached":51,"playtime":4060,"items_purged":["Regret","Strike_G"],"score":668,"play_id":"ec730ee4-beeb-4518-b9e6-b50c894fdca9","local_time":"20190615120229","is_ascension_mode":false,"campfire_choices":[{"data":"Neutralize","floor":6.0,"key":"SMITH"},{"data":"Noxious Fumes","floor":13,"key":"SMITH"},{"data":"Footwork","floor":15,"key":"SMITH"},{"data":"Die Die Die","floor":23,"key":"SMITH"},{"floor":25,"key":"REST"},{"floor":28,"key":"REST"},{"data":"Footwork","floor":32,"key":"SMITH"},{"data":"Catalyst","floor":40,"key":"SMITH"},{"data":"After Image","floor":42,"key":"SMITH"},{"data":"Dodge and Roll","floor":44,"key":"SMITH"},{"data":"Noxious Fumes","floor":46,"key":"SMITH"},{"floor":49,"key":"REST"}],"neow_cost":"NONE","seed_source_timestamp":129370566053884,"circlet_count":0,"master_deck":["Defend_G","Defend_G","Defend_G","Defend_G","Defend_G","Strike_G","Strike_G","Strike_G","Strike_G","Survivor","Neutralize+1","Flying Knee","Flying Knee","Leg Sweep","Noxious Fumes+1","Injury","Deadly Poison","Footwork+1","Die Die Die+1","Dodge and Roll+1","Quick Slash","Prepared","Catalyst+1","Clumsy","Poisoned Stab","Footwork+1","After Image+1","Predator+1","Noxious Fumes+1","Quick Slash+1","Purity","Backflip"],"special_seed":0,"relics":["Ring of the Snake","Oddly Smooth Stone","Bag of Preparation","StoneCalendar","Bottled Flame","Cursed Key","Membership Card","Boot","Lantern","Snecko Eye","Ornamental Fan","Frozen Eye","Bronze Scales","Blood Vial","Pantograph","Spirit Poop"],"potions_floor_usage":[7,18,18,33,33,50,50,50,50,50,50],"damage_taken":[{"damage":0.0,"enemies":"Jaw Worm","floor":1.0,"turns":5.0},{"damage":0.0,"enemies":"Small Slimes","floor":2.0,"turns":5.0},{"damage":0.0,"enemies":"Cultist","floor":3.0,"turns":4.0},{"damage":1,"enemies":"Looter","floor":7,"turns":3},{"damage":0,"enemies":"Exordium Wildlife","floor":8,"turns":3},{"damage":0,"enemies":"Blue Slaver","floor":12,"turns":5},{"damage":0,"enemies":"Large Slime","floor":14,"turns":5},{"damage":12,"enemies":"Hexaghost","floor":16,"turns":9},{"damage":0,"enemies":"3 Byrds","floor":18,"turns":3},{"damage":17,"enemies":"2 Thieves","floor":21,"turns":5},{"damage":7,"enemies":"Snecko","floor":22,"turns":6},{"damage":13,"enemies":"Snake Plant","floor":24,"turns":5},{"damage":5,"enemies":"Cultist and Chosen","floor":27,"turns":7},{"damage":15,"enemies":"Sentry and Sphere","floor":30,"turns":7},{"damage":28,"enemies":"Automaton","floor":33,"turns":8},{"damage":0,"enemies":"3 Shapes","floor":35,"turns":7},{"damage":0,"enemies":"Orb Walker","floor":38,"turns":6},{"damage":8,"enemies":"Giant Head","floor":41,"turns":7},{"damage":6,"enemies":"3 Darklings","floor":45,"turns":7},{"damage":4,"enemies":"Sphere and 2 Shapes","floor":48,"turns":7},{"damage":41,"enemies":"Donu and Deca","floor":50,"turns":9}],"seed_played":"-4824245680305428584","potions_obtained":[{"floor":1.0,"key":"Explosive Potion"},{"floor":3.0,"key":"Strength Potion"},{"floor":12,"key":"Fire Potion"},{"floor":22,"key":"Poison Potion"},{"floor":24,"key":"GhostInAJar"},{"floor":35,"key":"EntropicBrew"},{"floor":38,"key":"FearPotion"},{"floor":45,"key":"SteroidPotion"}],"is_trial":false,"path_per_floor":["M","M","M","?","?","R","M","M","T","?","$","M","R","M","R","B",null,"M","?","$","M","M","R","M","R","T","M","R","$","M","?","R","B",null,"M","?","$","M","?","R","E","R","T","R","M","R","?","M","R","B",null],"character_chosen":"THE_SILENT","items_purchased":["Deadly Poison","Membership Card","Lantern","Poisoned Stab","Ornamental Fan","Frozen Eye","Bronze Scales","Noxious Fumes"],"campfire_rested":3,"item_purchase_floors":[11,20,29,29,37,37,37,37],"current_hp_per_floor":[70,70,70,70,58,58,57,57,57,57,57,57,57,57,57,45,70,70,70,70,53,46,46,33,54,54,49,70,70,55,55,55,27,70,70,70,70,70,70,70,62,62,62,62,58,58,58,56,70,29],"gold":251,"neow_bonus":"RANDOM_COMMON_RELIC","is_prod":false,"is_daily":false,"chose_seed":false,"campfire_upgraded":9,"win_rate":0,"timestamp":1560614549,"path_taken":["M","M","M","?","?","R","M","M","T","?","$","M","R","M","R","BOSS","M","?","$","M","M","R","M","R","T","M","R","$","M","?","R","BOSS","M","?","$","M","?","R","E","R","T","R","M","R","?","M","R","BOSS"],"build_version":"2019-01-23","purchased_purges":2,"victory":true,"max_hp_per_floor":[70,70,70,70,70,70,70,70,70,70,70,70,70,70,70,70,70,70,70,70,70,70,70,70,70,70,70,70,70,70,70,70,70,70,70,70,70,70,70,70,70,70,70,70,70,70,70,70,70,70],"card_choices":[{"not_picked":["Blade Dance","Reflex","Endless Agony"],"picked":"SKIP","floor":1.0},{"not_picked":["Masterful Stab","Sucker Punch"],"picked":"Flying Knee","floor":2.0},{"not_picked":["Bane","Prepared"],"picked":"Flying Knee","floor":3.0},{"not_picked":["Catalyst","Tools of the Trade"],"picked":"Leg Sweep","floor":7},{"not_picked":["Dodge and Roll","Dash"],"picked":"Noxious Fumes","floor":8},{"not_picked":["Distraction","PiercingWail","Flying Knee"],"picked":"SKIP","floor":12},{"not_picked":["Sucker Punch","Deadly Poison"],"picked":"Footwork","floor":14},{"not_picked":["Storm of Steel","Doppelganger"],"picked":"Die Die Die","floor":16},{"not_picked":["Caltrops","Finisher"],"picked":"Dodge and Roll","floor":18},{"not_picked":["Acrobatics","Deadly Poison"],"picked":"Quick Slash","floor":21},{"not_picked":["Quick Slash","Escape Plan"],"picked":"Prepared","floor":22},{"not_picked":["Backflip","Heel Hook"],"picked":"Catalyst","floor":24},{"not_picked":["Underhanded Strike","Caltrops","Distraction"],"picked":"SKIP","floor":27},{"not_picked":["Outmaneuver+1","All Out Attack"],"picked":"Footwork","floor":30},{"not_picked":["Bullet Time","Unload"],"picked":"After Image","floor":33},{"not_picked":["Acrobatics","Footwork"],"picked":"Predator+1","floor":35},{"not_picked":["Deadly Poison","Prepared"],"picked":"Quick Slash+1","floor":38},{"not_picked":["Sadistic Nature","Chrysalis"],"picked":"Purity","floor":39},{"not_picked":["PiercingWail","Masterful Stab+1","Quick Slash"],"picked":"SKIP","floor":41},{"not_picked":["Predator","Poisoned Stab+1","Deflect"],"picked":"SKIP","floor":45},{"not_picked":["Slice+1","Outmaneuver+1"],"picked":"Backflip","floor":48}],"player_experience":358770,"relics_obtained":[{"floor":9,"key":"Bottled Flame"},{"floor":26,"key":"Boot"},{"floor":41,"key":"Blood Vial"},{"floor":43,"key":"Pantograph"}],"event_choices":[{"damage_healed":0.0,"max_hp_gain":0.0,"max_hp_loss":0.0,"gold_gain":0.0,"event_name":"Big Fish","player_choice":"Box","floor":4.0,"gold_loss":0.0,"damage_taken":0.0,"relics_obtained":["Bag of Preparation"],"cards_obtained":["Regret"]},{"damage_healed":0.0,"max_hp_gain":0.0,"max_hp_loss":0.0,"gold_gain":0.0,"event_name":"Scrap Ooze","player_choice":"Success","floor":5.0,"gold_loss":0.0,"damage_taken":12.0,"relics_obtained":["StoneCalendar"]},{"damage_healed":0,"gold_gain":0,"player_choice":"Take Wound","damage_taken":0,"relics_obtained":["Golden Idol"],"max_hp_gain":0,"max_hp_loss":0,"event_name":"Golden Idol","floor":10,"gold_loss":0,"cards_obtained":["Injury"]},{"damage_healed":0,"gold_gain":0,"player_choice":"Ignored","damage_taken":0,"max_hp_gain":0,"max_hp_loss":0,"event_name":"Ghosts","floor":19,"gold_loss":0},{"damage_healed":0,"gold_gain":0,"player_choice":"Ignored","damage_taken":0,"max_hp_gain":0,"max_hp_loss":0,"event_name":"Beggar","floor":31,"gold_loss":0},{"damage_healed":0,"gold_gain":333,"player_choice":"Gave Idol","damage_taken":0,"max_hp_gain":0,"max_hp_loss":0,"event_name":"The Moai Head","floor":36,"relics_lost":["Golden Idol"],"gold_loss":0},{"damage_healed":0,"gold_gain":0,"player_choice":"Memory 1","damage_taken":0,"max_hp_gain":0,"max_hp_loss":0,"event_name":"SensoryStone","floor":39,"gold_loss":0},{"cards_removed":["Normality"],"damage_healed":0,"gold_gain":0,"player_choice":"Offered Curse","damage_taken":0,"relics_obtained":["Spirit Poop"],"max_hp_gain":0,"max_hp_loss":0,"event_name":"Bonfire Elementals","floor":47,"gold_loss":0}],"is_beta":false,"boss_relics":[{"not_picked":["Runic Dome","HoveringKite"],"picked":"Cursed Key"},{"not_picked":["White Beast Statue","Black Star"],"picked":"Snecko Eye"}],"items_purged_floors":[11,37],"is_endless":false,"potions_floor_spawned":[1,3,12,22,24,35,38,45],"ascension_level":0}