{"path_per_floor":["M","M","$","M","?","R","M","R","T","R","$","?","?","M","R","B",null,"M","M","$","?"],"character_chosen":"IRONCLAD","items_purchased":["Apotheosis","Metallicize"],"gold_per_floor":[216,234,43,60,60,60,81,81,105,105,30,30,30,54,54,182,182,197,215,43,43],"floor_reached":22,"campfire_rested":1,"playtime":9804,"current_hp_per_floor":[73,79,79,80,60,60,66,66,73,73,73,48,53,54,81,81,92,58,25,25,55],"items_purged":["Defend_R","Defend_R"],"gold":43,"score":174,"play_id":"5c9fbebe-2ab2-412e-8f30-c06a5913d910","is_prod":false,"is_daily":false,"is_ascension_mode":false,"campfire_upgraded":3,"path_taken":["M","M","?","M","?","R","?","R","T","R","$","?","?","M","R","BOSS","M","?","$","?","M"],"build_version":"2018-02-08-PROD1","purchased_purges":2,"victory":false,"master_deck":["Strike_R","Strike_R","Strike_R","Strike_R","Strike_R","Defend_R","Defend_R","Bash","Apotheosis+1","Shrug It Off+1","Perfected Strike+1","Wild Strike+1","Barricade","Flex","Inflame","Blood for Blood+1","Burning Pact","Rampage+1","Headbutt+1","Anger+1","Metallicize"],"max_hp_per_floor":[80,80,80,80,80,80,80,80,87,87,87,87,92,92,92,92,92,92,92,92,92],"relics":["Burning Blood","Golden Idol","Strawberry","Molten Egg 2","Orrery"],"card_choices":[{"not_picked":["Warcry","Headbutt"],"picked":"Shrug It Off"},{"not_picked":["Armaments","Body Slam"],"picked":"Perfected Strike"},{"not_picked":["Perfected Strike","Body Slam"],"picked":"Wild Strike"},{"not_picked":["Juggernaut","Impervious"],"picked":"Barricade"},{"not_picked":["Armaments","Clash"],"picked":"Flex"},{"not_picked":["Fire Breathing","Whirlwind"],"picked":"Inflame"},{"not_picked":["Evolve","Twin Strike"],"picked":"Blood for Blood"},{"not_picked":["Warcry","Twin Strike"],"picked":"Burning Pact"},{"not_picked":["Second Wind","Clash"],"picked":"Rampage"},{"not_picked":["Second Wind","Flex"],"picked":"Headbutt"},{"not_picked":["Clothesline","Body Slam"],"picked":"Anger"}],"player_experience":212270,"potions_floor_usage":[16,18,22,22],"damage_taken":[{"damage":13,"enemies":"Blue Slaver","floor":1,"turns":8},{"damage":0,"enemies":"2 Louse","floor":2,"turns":4},{"damage":0,"enemies":"Small Slimes","floor":4,"turns":4},{"damage":0,"enemies":"2 Fungi Beasts","floor":7,"turns":4},{"damage":5,"enemies":"Exordium Wildlife","floor":14,"turns":6},{"damage":6,"enemies":"Slime Boss","floor":16,"turns":11},{"damage":40,"enemies":"Shell Parasite","floor":18,"turns":5},{"damage":39,"enemies":"3 Byrds","floor":19,"turns":7},{"damage":79,"enemies":"Cultist and Chosen","floor":22,"turns":5}],"event_choices":[{"event_name":"Golden Idol","player_choice":"Take Damage","floor":5,"damage_taken":0},{"event_name":"Scrap Ooze","player_choice":"success","floor":12,"damage_taken":25},{"event_name":"Big Fish","player_choice":"Donut","floor":13,"damage_taken":0},{"event_name":"The Library","player_choice":"Heal","floor":21,"damage_taken":0}],"boss_relics":[{"not_picked":["Runic Cube","Ectoplasm"],"picked":"Orrery"}],"potions_floor_spawned":[1,14,16,19],"seed_played":"-4257850344772513747","killed_by":"Cultist and Chosen","ascension_level":0,"is_trial":false}