{"gold_per_floor":[119,131,144,319,338,357,385,447,525,525,525],"floor_reached":11,"playtime":396,"items_purged":[],"score":75,"play_id":"f05e3b1b-ea37-48c6-b262-e585ca12083f","local_time":"20190815234104","is_ascension_mode":false,"campfire_choices":[],"neow_cost":"NONE","seed_source_timestamp":9057799489100,"circlet_count":0,"master_deck":["Strike_R","Strike_R","Strike_R","Strike_R","Strike_R","Defend_R","Defend_R","Defend_R","Defend_R","Bash","Cleave","Uppercut","Doubt","Carnage","Disarm","Perfected Strike"],"special_seed":0,"relics":["Burning Blood","Kunai","StoneCalendar","Ornamental Fan"],"potions_floor_usage":[8],"damage_taken":[{"damage":10.0,"enemies":"Jaw Worm","floor":1.0,"turns":5.0},{"damage":0.0,"enemies":"Small Slimes","floor":2.0,"turns":3.0},{"damage":1.0,"enemies":"Cultist","floor":3.0,"turns":3.0},{"damage":7.0,"enemies":"Looter","floor":5.0,"turns":3.0},{"damage":0.0,"enemies":"Large Slime","floor":6.0,"turns":5.0},{"damage":19.0,"enemies":"Gremlin Nob","floor":7.0,"turns":6.0},{"damage":56,"enemies":"Lagavulin Event","floor":8,"turns":9}],"seed_played":"2945591155159868880","potions_obtained":[{"floor":0.0,"key":"SpeedPotion"},{"floor":0.0,"key":"PowerPotion"},{"floor":0.0,"key":"SneckoOil"},{"floor":5.0,"key":"Block Potion"},{"floor":7.0,"key":"Dexterity Potion"}],"is_trial":false,"path_per_floor":["M","M","M","?","M","M","E","?","T","?","?"],"character_chosen":"IRONCLAD","items_purchased":[],"campfire_rested":0,"item_purchase_floors":[],"current_hp_per_floor":[76,80,80,80,79,80,67,17,17,5,0],"gold":525,"neow_bonus":"THREE_SMALL_POTIONS","is_prod":false,"is_daily":false,"chose_seed":false,"campfire_upgraded":0,"win_rate":0,"timestamp":1565926864,"path_taken":["M","M","M","?","M","M","E","?","T","?","?"],"build_version":"2019-07-17","purchased_purges":0,"victory":false,"max_hp_per_floor":[80,80,80,80,80,80,80,80,80,80,80],"card_choices":[{"not_picked":["Feel No Pain","Twin Strike"],"picked":"Cleave","floor":1.0},{"not_picked":["Reckless Charge","Hemokinesis"],"picked":"Uppercut","floor":2.0},{"not_picked":["Sever Soul","Cleave","Sentinel"],"picked":"SKIP","floor":3.0},{"not_picked":["Evolve","Warcry"],"picked":"Carnage","floor":5.0},{"not_picked":["Body Slam","True Grit"],"picked":"Disarm","floor":6.0},{"not_picked":["Anger","Feed"],"picked":"Perfected Strike","floor":7.0}],"player_experience":541342,"relics_obtained":[{"floor":7.0,"key":"Kunai"},{"floor":8,"key":"StoneCalendar"},{"floor":9,"key":"Ornamental Fan"}],"event_choices":[{"damage_healed":0.0,"max_hp_gain":0.0,"max_hp_loss":0.0,"gold_gain":175.0,"event_name":"Liars Game","player_choice":"AGREE","floor":4.0,"gold_loss":0.0,"damage_taken":0.0,"cards_obtained":["Doubt"]},{"damage_healed":0,"gold_gain":0,"player_choice":"Searched \u00272\u0027 times","damage_taken":0,"max_hp_gain":0,"max_hp_loss":0,"event_name":"Dead Adventurer","floor":8,"gold_loss":0},{"damage_healed":0,"gold_gain":0,"player_choice":"Fled","damage_taken":12,"max_hp_gain":0,"max_hp_loss":0,"event_name":"Scrap Ooze","floor":10,"gold_loss":0}],"is_beta":false,"boss_relics":[],"items_purged_floors":[],"is_endless":false,"potions_floor_spawned":[3,5,6,7],"ascension_level":0}