{"gold_per_floor":[212,212,212,231,244,264,264,264,264,278,278,311,330,355,355,478,478,497,520,556,430,430,430,446,446,446,460,474,474,489,2,2,133,133,147,147,147,166,388,388,488,488,526,28,28,8,8,23,23,23],"floor_reached":51,"playtime":2937,"items_purged":["Strike_R","Strike_R","Strike_R"],"score":647,"play_id":"58c3a863-2364-4711-8afc-6728c37b94ac","local_time":"20190913181337","is_ascension_mode":false,"campfire_choices":[{"data":"Uppercut","floor":7,"key":"SMITH"},{"data":"Rampage","floor":11,"key":"SMITH"},{"floor":15,"key":"REST"},{"data":"True Grit","floor":23,"key":"SMITH"},{"floor":29,"key":"REST"},{"data":"True Grit","floor":32,"key":"SMITH"},{"data":"Whirlwind","floor":40,"key":"SMITH"},{"data":"Mayhem","floor":45,"key":"SMITH"},{"data":"Power Through","floor":47,"key":"SMITH"},{"floor":49,"key":"REST"}],"neow_cost":"NONE","seed_source_timestamp":13630191618123,"circlet_count":0,"master_deck":["Strike_R","Defend_R","Defend_R","Defend_R+1","Defend_R","Bash","Rampage+1","Whirlwind+1","Uppercut+1","Headbutt","Dual Wield","Intimidate","Battle Trance+1","Inflame","Warcry+1","Entrench+1","True Grit+1","Power Through+1","Parasite","Inflame","True Grit+1","Demon Form","Spot Weakness","Armaments+1","Shockwave","Rupture+1","Clumsy","Mayhem+1","Dramatic Entrance","Evolve","Inflame"],"relics":["Burning Blood","Torii","Golden Idol","Self Forming Clay","Juzu Bracelet","Cursed Key","Red Mask","Bronze Scales","Membership Card","StoneCalendar","Orrery","MawBank","Ancient Tea Set","Bag of Marbles","ClockworkSouvenir","War Paint"],"potions_floor_usage":[20,28,30,30,32,33,50,50],"damage_taken":[{"damage":8,"enemies":"Jaw Worm","floor":1,"turns":4},{"damage":1,"enemies":"Small Slimes","floor":4,"turns":3},{"damage":7,"enemies":"2 Louse","floor":5,"turns":2},{"damage":10,"enemies":"Red Slaver","floor":6,"turns":4},{"damage":2,"enemies":"Looter","floor":10,"turns":3},{"damage":22,"enemies":"Lagavulin","floor":12,"turns":6},{"damage":14,"enemies":"3 Louse","floor":13,"turns":6},{"damage":15,"enemies":"Exordium Thugs","floor":14,"turns":6},{"damage":13,"enemies":"Hexaghost","floor":16,"turns":8},{"damage":15,"enemies":"2 Thieves","floor":18,"turns":3},{"damage":18,"enemies":"Spheric Guardian","floor":19,"turns":4},{"damage":12,"enemies":"Masked Bandits","floor":20,"turns":3},{"damage":16,"enemies":"Centurion and Healer","floor":24,"turns":5},{"damage":16,"enemies":"Shelled Parasite and Fungi","floor":27,"turns":6},{"damage":12,"enemies":"3 Cultists","floor":28,"turns":2},{"damage":7,"enemies":"Cultist and Chosen","floor":30,"turns":6},{"damage":47,"enemies":"Collector","floor":33,"turns":9},{"damage":1,"enemies":"3 Darklings","floor":35,"turns":4},{"damage":6,"enemies":"Orb Walker","floor":38,"turns":5},{"damage":17,"enemies":"Writhing Mass","floor":48,"turns":7},{"damage":57,"enemies":"Donu and Deca","floor":50,"turns":8}],"seed_played":"9047486641144517182","potions_obtained":[{"floor":1,"key":"BloodPotion"},{"floor":6,"key":"SneckoOil"},{"floor":16,"key":"Poison Potion"},{"floor":27,"key":"Fire Potion"}],"is_trial":false,"path_per_floor":["M","?","?","M","M","M","R","?","T","M","R","E","M","M","R","B",null,"M","M","?","$","?","R","M","?","T","M","M","R","M","$","R","B",null,"M","?","?","M","?","R","?","?","T","$","R","$","R","M","R","B",null],"character_chosen":"IRONCLAD","items_purchased":["True Grit","Membership Card","StoneCalendar","Energy Potion","Fruit Juice","Bag of Marbles","ClockworkSouvenir","Mayhem","War Paint","Dramatic Entrance","Strength Potion","SkillPotion","Evolve"],"campfire_rested":3,"item_purchase_floors":[21,31,31,31,31,44,44,44,44,44,44,44,46],"current_hp_per_floor":[78,66,66,71,70,66,66,66,66,70,70,54,46,37,61,54,80,71,59,53,53,53,53,43,43,43,33,47,71,70,70,75,34,85,85,85,85,85,85,85,85,85,85,85,85,85,85,74,85,34],"gold":23,"neow_bonus":"HUNDRED_GOLD","is_prod":false,"is_daily":false,"chose_seed":false,"campfire_upgraded":7,"win_rate":0,"timestamp":1568369617,"path_taken":["M","?","?","M","M","M","R","?","T","M","R","E","M","M","R","BOSS","M","M","?","$","?","R","M","?","T","M","M","R","M","?","R","BOSS","M","?","?","M","?","R","?","?","T","$","R","?","R","M","R","BOSS"],"build_version":"2019-07-17","purchased_purges":3,"victory":true,"max_hp_per_floor":[80,80,80,80,80,80,80,80,80,80,80,80,80,80,80,80,80,80,80,80,80,80,80,80,80,80,80,80,80,80,80,85,85,85,85,85,85,85,85,85,85,85,85,85,85,85,85,85,85,85],"card_choices":[{"not_picked":["Power Through","Disarm"],"picked":"Rampage","floor":1},{"not_picked":["Fire Breathing","Hemokinesis"],"picked":"Whirlwind","floor":4},{"not_picked":["Sword Boomerang","Twin Strike"],"picked":"Uppercut","floor":5},{"not_picked":["Rampage","Twin Strike"],"picked":"Headbutt","floor":6},{"not_picked":["Sword Boomerang","Feel No Pain"],"picked":"Dual Wield","floor":10},{"not_picked":["Sword Boomerang","Hemokinesis"],"picked":"Intimidate","floor":12},{"not_picked":["Sword Boomerang","Headbutt"],"picked":"Battle Trance","floor":13},{"not_picked":["Pummel","Flex"],"picked":"Inflame","floor":14},{"not_picked":["Limit Break","Exhume"],"picked":"Immolate","floor":16},{"not_picked":["Rampage","Clothesline+1"],"picked":"Warcry+1","floor":18},{"not_picked":["Sword Boomerang","Pommel Strike"],"picked":"Entrench+1","floor":19},{"not_picked":["Thunderclap","Perfected Strike"],"picked":"Power Through","floor":24},{"not_picked":["Battle Trance","Wild Strike"],"picked":"Inflame","floor":27},{"not_picked":["Sever Soul","Entrench"],"picked":"True Grit","floor":28},{"not_picked":["Rupture","Heavy Blade","Battle Trance"],"picked":"SKIP","floor":30},{"not_picked":["Berserk","Feed"],"picked":"Demon Form","floor":33},{"not_picked":["Intimidate","Twin Strike"],"picked":"Spot Weakness","floor":34},{"not_picked":["Corruption","Headbutt+1"],"picked":"Armaments+1","floor":34},{"not_picked":["True Grit+1","Thunderclap"],"picked":"Sentinel+1","floor":34},{"not_picked":["Pommel Strike","Sword Boomerang"],"picked":"Shockwave","floor":34},{"not_picked":["Fire Breathing","Battle Trance+1","Rampage"],"picked":"SKIP","floor":35},{"not_picked":["Hemokinesis+1","Pommel Strike+1"],"picked":"Rupture+1","floor":38},{"not_picked":["Wild Strike","Brutality"],"picked":"Inflame","floor":48}],"player_experience":360324,"relics_obtained":[{"floor":9,"key":"Self Forming Clay"},{"floor":12,"key":"Juzu Bracelet"},{"floor":20,"key":"Red Mask"},{"floor":26,"key":"Bronze Scales"},{"floor":43,"key":"Ancient Tea Set"}],"event_choices":[{"damage_healed":0,"gold_gain":0,"player_choice":"Success","damage_taken":12,"relics_obtained":["Torii"],"max_hp_gain":0,"max_hp_loss":0,"event_name":"Scrap Ooze","floor":2,"gold_loss":0},{"damage_healed":0,"gold_gain":0,"player_choice":"Take Wound","damage_taken":0,"relics_obtained":["Golden Idol"],"max_hp_gain":0,"max_hp_loss":0,"event_name":"Golden Idol","floor":3,"gold_loss":0,"cards_obtained":["Injury"]},{"cards_removed":["Injury"],"damage_healed":0,"gold_gain":0,"player_choice":"Removed Curses","damage_taken":0,"max_hp_gain":0,"max_hp_loss":0,"event_name":"Fountain of Cleansing","floor":8,"gold_loss":0},{"damage_healed":0,"gold_gain":0,"player_choice":"Fought Bandits","damage_taken":0,"max_hp_gain":0,"max_hp_loss":0,"event_name":"Masked Bandits","floor":20,"gold_loss":0},{"cards_removed":["Strike_R"],"damage_healed":0,"gold_gain":0,"player_choice":"Elegance","damage_taken":0,"max_hp_gain":0,"max_hp_loss":0,"event_name":"Back to Basics","floor":22,"gold_loss":0},{"damage_healed":0,"gold_gain":0,"player_choice":"Ignored","damage_taken":0,"max_hp_gain":0,"max_hp_loss":0,"event_name":"Ghosts","floor":25,"gold_loss":0},{"cards_removed":["Immolate"],"damage_healed":0,"gold_gain":0,"player_choice":"Removed Attack","damage_taken":0,"max_hp_gain":0,"max_hp_loss":0,"event_name":"Falling","floor":36,"gold_loss":0},{"damage_healed":0,"gold_gain":0,"player_choice":"Ignored","damage_taken":0,"max_hp_gain":0,"max_hp_loss":0,"event_name":"Mysterious Sphere","floor":37,"gold_loss":0},{"damage_healed":0,"gold_gain":222,"player_choice":"Wore Mask","damage_taken":0,"max_hp_gain":0,"max_hp_loss":0,"event_name":"Tomb of Lord Red Mask","floor":39,"gold_loss":0},{"damage_healed":0,"gold_gain":100,"player_choice":"Pray","damage_taken":0,"max_hp_gain":0,"max_hp_loss":0,"event_name":"Golden Shrine","floor":41,"gold_loss":0},{"cards_removed":["Sentinel"],"damage_healed":0,"gold_gain":0,"player_choice":"Gave Card","damage_taken":0,"relics_obtained":["MawBank"],"max_hp_gain":0,"max_hp_loss":0,"event_name":"WeMeetAgain","floor":42,"gold_loss":0}],"is_beta":false,"boss_relics":[{"not_picked":["Eternal Feather","Ectoplasm"],"picked":"Cursed Key"},{"not_picked":["Runic Pyramid","Velvet Choker"],"picked":"Orrery"}],"items_purged_floors":[21,31,44],"is_endless":false,"potions_floor_spawned":[1,6,16,18,27],"ascension_level":0}