{"gold_per_floor":[113,388,402,73,87,87,115,115,115,146,146,146,157,157],"floor_reached":14,"playtime":521,"items_purged":["Regret"],"score":113,"play_id":"ac44c7a3-93a8-439d-978f-33cb885a7f20","local_time":"20190826170955","is_ascension_mode":true,"campfire_choices":[{"data":"Dualcast","floor":6,"key":"SMITH"},{"data":"Dualcast","floor":11,"key":"SMITH"}],"neow_cost":"NONE","seed_source_timestamp":967301344981200,"circlet_count":0,"master_deck":["Strike_B","Strike_B","Strike_B","Strike_B","Defend_B","Defend_B","Defend_B","Defend_B","Zap","Dualcast+1","Loop","Redo","Dualcast+1","Coolheaded","Doom and Gloom","Melter","Rebound","Glacier"],"relics":["Cracked Core","DollysMirror","Meat on the Bone","Anchor","Question Card","Cables"],"potions_floor_usage":[14],"damage_taken":[{"damage":10,"enemies":"Small Slimes","floor":1,"turns":3},{"damage":3,"enemies":"Cultist","floor":3,"turns":4},{"damage":1,"enemies":"2 Louse","floor":5,"turns":2},{"damage":22,"enemies":"Gremlin Nob","floor":7,"turns":4},{"damage":27,"enemies":"Lagavulin","floor":10,"turns":8},{"damage":0,"enemies":"2 Fungi Beasts","floor":13,"turns":4},{"damage":55,"enemies":"Gremlin Nob","floor":14,"turns":6}],"seed_played":"-4846665154128086855","potions_obtained":[{"floor":1,"key":"SpeedPotion"},{"floor":7,"key":"Swift Potion"},{"floor":12,"key":"Energy Potion"}],"is_trial":false,"path_per_floor":["M","?","M","$","M","R","E","?","T","E","R","?","M","E"],"character_chosen":"DEFECT","items_purchased":["DollysMirror","Coolheaded"],"campfire_rested":0,"item_purchase_floors":[4,4],"current_hp_per_floor":[72,72,69,69,68,68,46,39,39,24,24,24,36,0],"gold":157,"neow_bonus":"TEN_PERCENT_HP_BONUS","is_prod":false,"is_daily":false,"chose_seed":false,"campfire_upgraded":2,"win_rate":0,"timestamp":1566832195,"path_taken":["M","?","?","$","M","R","E","?","T","E","R","?","M","E"],"build_version":"2019-07-17","purchased_purges":1,"victory":false,"max_hp_per_floor":[82,82,82,82,82,82,82,82,82,82,82,82,82,82],"card_choices":[{"not_picked":["Hologram","Ball Lightning"],"picked":"Loop","floor":1},{"not_picked":["Ball Lightning","Tempest"],"picked":"Redo","floor":3},{"not_picked":["Rip and Tear","Reprogram"],"picked":"Doom and Gloom","floor":5},{"not_picked":["Tempest","Rebound"],"picked":"Melter","floor":7},{"not_picked":["Beam Cell","Melter","Consume"],"picked":"Rebound","floor":10},{"not_picked":["Capacitor","Storm","Barrage"],"picked":"Glacier","floor":13}],"player_experience":214435,"relics_obtained":[{"floor":7,"key":"Meat on the Bone"},{"floor":9,"key":"Question Card"},{"floor":10,"key":"Cables"}],"event_choices":[{"damage_healed":0,"gold_gain":275,"player_choice":"Desecrate","damage_taken":0,"max_hp_gain":0,"max_hp_loss":0,"event_name":"Golden Shrine","floor":2,"gold_loss":0,"cards_obtained":["Regret"]},{"damage_healed":0,"gold_gain":0,"player_choice":"Success","damage_taken":7,"relics_obtained":["Anchor"],"max_hp_gain":0,"max_hp_loss":0,"event_name":"Scrap Ooze","floor":8,"gold_loss":0},{"damage_healed":0,"gold_gain":0,"player_choice":"Got Potions","damage_taken":0,"max_hp_gain":0,"max_hp_loss":0,"event_name":"Lab","floor":12,"gold_loss":0}],"is_beta":false,"boss_relics":[],"items_purged_floors":[4],"is_endless":false,"potions_floor_spawned":[1,7],"killed_by":"Gremlin Nob","ascension_level":3}