{"gold_per_floor":[119,119,132,132,143,143,163,189,189,252,11,23,23,36,36,132,132,142,152,152,164,164,189,209,209,209,235,160,170,44,57,57,158,158,170,170,45,45,56,56,85,138,138,138,138,18,18,47,47,47],"floor_reached":51,"playtime":2017,"items_purged":["Defend_R","Defend_R","Defend_R","Defend_R"],"score":793,"play_id":"b01cb827-9f3f-4ab6-9b15-fea60c91b960","local_time":"20181118205221","is_ascension_mode":false,"campfire_choices":[{"data":"Cleave","floor":6.0,"key":"SMITH"},{"data":"Cleave","floor":13.0,"key":"SMITH"},{"floor":15.0,"key":"REST"},{"data":"Flex","floor":25.0,"key":"SMITH"},{"floor":32.0,"key":"REST"},{"data":"Seeing Red","floor":40.0,"key":"SMITH"},{"data":"Inflame","floor":47.0,"key":"SMITH"},{"floor":49.0,"key":"REST"}],"neow_cost":"NONE","seed_source_timestamp":417091943090864,"circlet_count":0,"master_deck":["Strike_R","Strike_R","Strike_R","Strike_R","Strike_R","Bash+1","Cleave+1","Anger+1","Cleave+1","Shrug It Off","Flex+1","Flex","Sword Boomerang+1","Perfected Strike+1","Limit Break","Perfected Strike+1","Twin Strike+1","Perfected Strike+1","Anger+1","Thunderclap+1","Seeing Red+1","Pommel Strike+1","Dropkick+1","Reaper+1","Perfected Strike+1","Feed+1","Inflame+1","Heavy Blade+1"],"special_seed":0,"relics":["Burning Blood","PreservedInsect","Regal Pillow","Thread and Needle","Molten Egg 2","Sundial","Shuriken","Black Star","Question Card","Matryoshka","Letter Opener","Ancient Tea Set","Ginger","Gambling Chip","Bird Faced Urn","Orrery","Paper Frog","Bottled Tornado","Champion Belt","Whetstone","Mercury Hourglass","The Courier","Toxic Egg 2","Pantograph"],"potions_floor_usage":[50,50,50],"damage_taken":[{"damage":10.0,"enemies":"Jaw Worm","floor":1.0,"turns":4.0},{"damage":7.0,"enemies":"Small Slimes","floor":3.0,"turns":3.0},{"damage":3.0,"enemies":"2 Louse","floor":5.0,"turns":3.0},{"damage":6.0,"enemies":"Exordium Wildlife","floor":7.0,"turns":2.0},{"damage":23.0,"enemies":"3 Sentries","floor":8.0,"turns":5.0},{"damage":25.0,"enemies":"Lagavulin Event","floor":10.0,"turns":5.0},{"damage":0.0,"enemies":"Lots of Slimes","floor":12.0,"turns":2.0},{"damage":9.0,"enemies":"Red Slaver","floor":14.0,"turns":2.0},{"damage":19.0,"enemies":"Slime Boss","floor":16.0,"turns":8.0},{"damage":0.0,"enemies":"3 Byrds","floor":18.0,"turns":3.0},{"damage":6.0,"enemies":"Spheric Guardian","floor":19.0,"turns":3.0},{"damage":11.0,"enemies":"Snake Plant","floor":21.0,"turns":4.0},{"damage":9.0,"enemies":"Gremlin Leader","floor":23.0,"turns":2.0},{"damage":6.0,"enemies":"Sentry and Sphere","floor":24.0,"turns":3.0},{"damage":20.0,"enemies":"Slavers","floor":27.0,"turns":3.0},{"damage":0.0,"enemies":"Snecko","floor":29.0,"turns":3.0},{"damage":17.0,"enemies":"Snake Plant","floor":31.0,"turns":2.0},{"damage":61.0,"enemies":"Champ","floor":33.0,"turns":6.0},{"damage":6.0,"enemies":"Orb Walker","floor":35.0,"turns":2.0},{"damage":11.0,"enemies":"3 Darklings","floor":39.0,"turns":5.0},{"damage":19.0,"enemies":"Giant Head","floor":41.0,"turns":5.0},{"damage":52.0,"enemies":"2 Orb Walkers","floor":42.0,"turns":4.0},{"damage":58.0,"enemies":"Nemesis","floor":48.0,"turns":3.0},{"damage":64,"enemies":"Donu and Deca","floor":50,"turns":6}],"seed_played":"-8997793113212055228","potions_obtained":[{"floor":7.0,"key":"Energy Potion"},{"floor":12.0,"key":"Poison Potion"},{"floor":16.0,"key":"PowerPotion"},{"floor":18.0,"key":"PowerPotion"},{"floor":24.0,"key":"LiquidBronze"},{"floor":31.0,"key":"SteroidPotion"},{"floor":33.0,"key":"PowerPotion"}],"is_trial":false,"path_per_floor":["M","?","M","?","M","R","M","E","T","?","$","M","R","M","R","B",null,"M","M","?","M","?","E","M","R","T","E","$","M","$","M","R","B",null,"M","?","$","?","M","R","E","?","T","$","T","$","R","E","R","B",null],"character_chosen":"IRONCLAD","items_purchased":["Shuriken","Pommel Strike+1"],"campfire_rested":3,"item_purchase_floors":[11,30],"current_hp_per_floor":[76,64,63,68,71,71,71,54,54,35,35,41,41,38,78,65,85,85,85,85,80,80,77,77,77,77,63,63,69,69,58,85,30,85,85,85,85,85,80,80,81,60,60,60,60,60,60,25,65,27],"gold":47,"neow_bonus":"RANDOM_COMMON_RELIC","is_prod":false,"is_daily":false,"chose_seed":false,"campfire_upgraded":5,"win_rate":0,"timestamp":1542592341,"path_taken":["M","?","M","?","M","R","M","E","T","?","?","?","R","M","R","BOSS","M","M","?","M","?","E","M","R","T","E","$","?","?","M","R","BOSS","M","?","$","?","?","R","E","?","T","$","?","$","R","E","R","BOSS"],"build_version":"2018-11-15","purchased_purges":4,"victory":true,"max_hp_per_floor":[80,80,80,85,85,85,85,85,85,85,85,85,85,85,85,85,85,85,85,85,85,85,85,85,85,85,85,85,85,85,85,85,85,85,85,85,85,85,85,85,85,85,85,85,85,85,85,85,85,85],"card_choices":[{"not_picked":["Wild Strike","Body Slam"],"picked":"Cleave","floor":1.0},{"not_picked":["Heavy Blade","Uppercut"],"picked":"Anger","floor":3.0},{"not_picked":["Havoc","True Grit"],"picked":"Cleave","floor":5.0},{"not_picked":["Headbutt","Burning Pact"],"picked":"Shrug It Off","floor":7.0},{"not_picked":["Battle Trance","Intimidate"],"picked":"Flex","floor":8.0},{"not_picked":["Havoc","Berserk"],"picked":"Flex","floor":10.0},{"not_picked":["True Grit","Armaments"],"picked":"Sword Boomerang+1","floor":12.0},{"not_picked":["Headbutt+1","Flex"],"picked":"Perfected Strike+1","floor":14.0},{"not_picked":["Impervious","Fiend Fire+1"],"picked":"Limit Break","floor":16.0},{"not_picked":["Hemokinesis+1","Iron Wave+1"],"picked":"Perfected Strike+1","floor":18.0},{"not_picked":["Blood for Blood+1","Rampage+1","Intimidate"],"picked":"SKIP","floor":19.0},{"not_picked":["Shrug It Off","Cleave+1","Warcry"],"picked":"Twin Strike+1","floor":21.0},{"not_picked":["Feel No Pain+1","Body Slam+1","Brutality","True Grit"],"picked":"SKIP","floor":23.0},{"not_picked":["Sever Soul+1","Warcry","Second Wind+1"],"picked":"Anger+1","floor":24.0},{"not_picked":["Metallicize+1","Battle Trance","Combust"],"picked":"Thunderclap+1","floor":27.0},{"not_picked":["Headbutt+1","Clothesline+1","Burning Pact"],"picked":"Seeing Red","floor":29.0},{"not_picked":["Sentinel","Infernal Blade","Body Slam+1"],"picked":"Dropkick+1","floor":31.0},{"not_picked":["Juggernaut","Brutality","Demon Form"],"picked":"Reaper+1","floor":33.0},{"not_picked":["Clothesline+1","Havoc","Clash+1"],"picked":"Perfected Strike+1","floor":34.0},{"not_picked":["Clothesline+1","Thunderclap+1","Sentinel+1"],"picked":"Feed+1","floor":34.0},{"not_picked":["Iron Wave+1","Warcry+1","Shrug It Off+1"],"picked":"Inflame","floor":35.0},{"not_picked":["Entrench","Body Slam+1","Dark Embrace","Armaments+1"],"picked":"SKIP","floor":39.0},{"not_picked":["Metallicize+1","Pommel Strike+1","Body Slam+1"],"picked":"Heavy Blade+1","floor":41.0},{"not_picked":["Warcry","Second Wind+1","Iron Wave+1","Pummel+1"],"picked":"SKIP","floor":48.0}],"player_experience":208609,"relics_obtained":[{"floor":8.0,"key":"Thread and Needle"},{"floor":9.0,"key":"Molten Egg 2"},{"floor":10.0,"key":"Sundial"},{"floor":23.0,"key":"Matryoshka"},{"floor":23.0,"key":"Letter Opener"},{"floor":26.0,"key":"Ancient Tea Set"},{"floor":26.0,"key":"Ginger"},{"floor":27.0,"key":"Gambling Chip"},{"floor":27.0,"key":"Bird Faced Urn"},{"floor":41.0,"key":"Paper Frog"},{"floor":41.0,"key":"Bottled Tornado"},{"floor":42.0,"key":"Champion Belt"},{"floor":43.0,"key":"Whetstone"},{"floor":43.0,"key":"Mercury Hourglass"},{"floor":45.0,"key":"The Courier"},{"floor":48.0,"key":"Toxic Egg 2"},{"floor":48.0,"key":"Pantograph"}],"event_choices":[{"damage_healed":0.0,"max_hp_gain":0.0,"max_hp_loss":0.0,"gold_gain":0.0,"event_name":"Scrap Ooze","player_choice":"Success","floor":2.0,"gold_loss":0.0,"damage_taken":12.0,"relics_obtained":["Regal Pillow"]},{"damage_healed":0.0,"max_hp_gain":5.0,"max_hp_loss":0.0,"gold_gain":0.0,"event_name":"Big Fish","player_choice":"Donut","floor":4.0,"gold_loss":0.0,"damage_taken":0.0},{"damage_healed":0.0,"max_hp_gain":0.0,"max_hp_loss":0.0,"gold_gain":0.0,"event_name":"Dead Adventurer","player_choice":"Searched \u00271\u0027 times","floor":10.0,"gold_loss":0.0,"damage_taken":0.0},{"damage_healed":0.0,"max_hp_gain":0.0,"max_hp_loss":0.0,"gold_gain":0.0,"event_name":"The Mausoleum","player_choice":"Opened","floor":20.0,"gold_loss":0.0,"damage_taken":0.0,"relics_obtained":["Question Card"]},{"damage_healed":0.0,"max_hp_gain":0.0,"max_hp_loss":0.0,"gold_gain":0.0,"event_name":"Duplicator","player_choice":"Copied","floor":22.0,"gold_loss":0.0,"damage_taken":0.0,"cards_obtained":["Perfected Strike"]},{"damage_healed":0.0,"max_hp_gain":0.0,"max_hp_loss":0.0,"gold_gain":0.0,"event_name":"Tomb of Lord Red Mask","player_choice":"Ignored","floor":36.0,"gold_loss":0.0,"damage_taken":0.0},{"damage_healed":0.0,"max_hp_gain":0.0,"max_hp_loss":0.0,"gold_gain":0.0,"event_name":"NoteForYourself","player_choice":"Ignored","floor":38.0,"gold_loss":0.0,"damage_taken":0.0},{"damage_healed":0.0,"max_hp_gain":0.0,"max_hp_loss":0.0,"gold_gain":0.0,"event_name":"Mysterious Sphere","player_choice":"Fight","floor":42.0,"gold_loss":0.0,"damage_taken":0.0}],"is_beta":false,"boss_relics":[{"not_picked":["Snecko Eye","Empty Cage"],"picked":"Black Star"},{"not_picked":["Philosopher\u0027s Stone","Coffee Dripper"],"picked":"Orrery"}],"items_purged_floors":[28,30,37,46],"is_endless":false,"potions_floor_spawned":[7,12,16,18,21,24,31,33,35,39,48],"ascension_level":0}