{"gold_per_floor":[115,126,93,268,268,268,285,314,393,404,404,420,420,435,435,534,534,547,49,63,63,0,0,14,14,14,14,114,114,126,137,137,232,232,248,261,278,278,203,203,219,219,219,40,40,55,87,87,87,87],"floor_reached":51,"playtime":2149,"items_purged":["Seeing Red"],"score":727,"play_id":"64b2eceb-eeb8-4d7a-8b73-702f41e27ec5","local_time":"20190718193402","is_ascension_mode":false,"campfire_choices":[{"data":"Searing Blow","floor":6.0,"key":"SMITH"},{"floor":13.0,"key":"REST"},{"data":"Searing Blow+1","floor":15.0,"key":"SMITH"},{"data":"Searing Blow+2","floor":23.0,"key":"SMITH"},{"data":"Searing Blow+3","floor":25.0,"key":"SMITH"},{"data":"Searing Blow+4","floor":27.0,"key":"SMITH"},{"data":"Searing Blow+5","floor":32.0,"key":"SMITH"},{"data":"Searing Blow+6","floor":40.0,"key":"SMITH"},{"data":"Searing Blow+7","floor":42.0,"key":"SMITH"},{"data":"Searing Blow+8","floor":45.0,"key":"SMITH"},{"data":"Searing Blow+9","floor":49,"key":"SMITH"}],"neow_cost":"PERCENT_DAMAGE","seed_source_timestamp":3009445775129264,"circlet_count":0,"master_deck":["Strike_R+1","Strike_R+1","Strike_R+1","Strike_R+1","Strike_R+1","Defend_R+1","Defend_R+1","Defend_R+1","Defend_R+1","Bash","Shrug It Off","Shrug It Off","Searing Blow+10","Demon Form","Double Tap","Heavy Blade","Twin Strike+1","Flame Barrier+1","Demon Form","Spot Weakness+1","Clothesline+1","The Bomb","Battle Trance+1"],"special_seed":0,"relics":["Burning Blood","Omamori","Snecko Eye","Matryoshka","MealTicket","Bottled Lightning","Incense Burner","Darkstone Periapt","Coffee Dripper","Dream Catcher","Dodecahedron","Nunchaku"],"potions_floor_usage":[50,50,50],"damage_taken":[{"damage":6.0,"enemies":"Cultist","floor":1.0,"turns":3.0},{"damage":2.0,"enemies":"Small Slimes","floor":2.0,"turns":4.0},{"damage":13.0,"enemies":"Jaw Worm","floor":7.0,"turns":4.0},{"damage":59.0,"enemies":"3 Sentries","floor":8.0,"turns":13.0},{"damage":11.0,"enemies":"2 Fungi Beasts","floor":10.0,"turns":4.0},{"damage":0.0,"enemies":"Exordium Wildlife","floor":12.0,"turns":4.0},{"damage":8.0,"enemies":"Large Slime","floor":14.0,"turns":8.0},{"damage":22.0,"enemies":"Slime Boss","floor":16.0,"turns":9.0},{"damage":17.0,"enemies":"2 Thieves","floor":18.0,"turns":4.0},{"damage":12.0,"enemies":"Shell Parasite","floor":20.0,"turns":4.0},{"damage":13.0,"enemies":"Snake Plant","floor":24.0,"turns":3.0},{"damage":13.0,"enemies":"Colosseum Slavers","floor":28.0,"turns":3.0},{"damage":0.0,"enemies":"Colosseum Nobs","floor":28.0,"turns":3.0},{"damage":0.0,"enemies":"Centurion and Healer","floor":30.0,"turns":3.0},{"damage":18.0,"enemies":"3 Cultists","floor":31.0,"turns":4.0},{"damage":34.0,"enemies":"Collector","floor":33.0,"turns":5.0},{"damage":18.0,"enemies":"3 Shapes","floor":35.0,"turns":5.0},{"damage":2.0,"enemies":"3 Darklings","floor":36.0,"turns":4.0},{"damage":8.0,"enemies":"Spire Growth","floor":37.0,"turns":4.0},{"damage":7.0,"enemies":"4 Shapes","floor":41.0,"turns":6.0},{"damage":12.0,"enemies":"Maw","floor":46.0,"turns":5.0},{"damage":9,"enemies":"Giant Head","floor":47,"turns":4},{"damage":86,"enemies":"Donu and Deca","floor":50,"turns":7}],"seed_played":"993508481453482409","potions_obtained":[{"floor":2.0,"key":"Swift Potion"},{"floor":8.0,"key":"SteroidPotion"},{"floor":16.0,"key":"Strength Potion"},{"floor":24.0,"key":"Explosive Potion"},{"floor":28.0,"key":"Fire Potion"},{"floor":35.0,"key":"Explosive Potion"},{"floor":41.0,"key":"BloodPotion"},{"floor":47,"key":"Strength Potion"}],"is_trial":false,"path_per_floor":["M","M","$","?","?","R","M","E","T","M","?","M","R","M","R","B",null,"M","$","M","?","?","R","M","R","T","R","?","?","M","M","R","B",null,"M","M","M","?","$","R","M","R","T","$","R","M","E","?","R","B",null],"character_chosen":"IRONCLAD","items_purchased":["Searing Blow","Matryoshka","Heavy Blade","MealTicket","The Bomb"],"campfire_rested":1,"item_purchase_floors":[3,19,19,19,44],"current_hp_per_floor":[72,76,76,76,81,81,74,21,21,16,9,15,45,43,43,27,101,90,90,84,84,84,84,77,77,77,77,76,101,101,89,89,61,101,89,93,91,91,101,101,100,100,100,101,101,95,92,92,92,37],"gold":87,"neow_bonus":"TWENTY_PERCENT_HP_BONUS","is_prod":false,"is_daily":false,"chose_seed":false,"campfire_upgraded":10,"win_rate":0,"timestamp":1563492842,"path_taken":["M","?","$","?","?","R","M","E","T","M","?","M","R","?","R","BOSS","M","$","M","?","?","R","M","R","T","R","?","?","?","M","R","BOSS","M","?","M","?","$","R","M","R","T","$","R","M","E","?","R","BOSS"],"build_version":"2019-07-17","purchased_purges":1,"victory":true,"max_hp_per_floor":[96,96,96,96,101,101,101,101,101,101,101,101,101,101,101,101,101,101,101,101,101,101,101,101,101,101,101,101,101,101,101,101,101,101,101,101,101,101,101,101,101,101,101,101,101,101,101,101,101,101],"card_choices":[{"not_picked":["Cleave","True Grit"],"picked":"Shrug It Off","floor":1.0},{"not_picked":["Twin Strike","Wild Strike"],"picked":"Shrug It Off","floor":2.0},{"not_picked":["Clash","Headbutt","Thunderclap"],"picked":"SKIP","floor":7.0},{"not_picked":["Rupture","Pommel Strike","Intimidate"],"picked":"SKIP","floor":8.0},{"not_picked":["Clash","Thunderclap","Perfected Strike"],"picked":"SKIP","floor":10.0},{"not_picked":["Clash","Evolve","Uppercut"],"picked":"SKIP","floor":12.0},{"not_picked":["Infernal Blade","Rupture"],"picked":"Demon Form","floor":14.0},{"not_picked":["Feed","Brutality"],"picked":"Double Tap","floor":16.0},{"not_picked":["Cleave","Pummel","Hemokinesis"],"picked":"SKIP","floor":18.0},{"not_picked":["Carnage","Corruption","Clash"],"picked":"SKIP","floor":20.0},{"not_picked":["Sever Soul","Armaments","Havoc+1"],"picked":"SKIP","floor":24.0},{"not_picked":["Wild Strike+1","Clothesline+1"],"picked":"Seeing Red","floor":28.0},{"not_picked":["Rage+1","Flex"],"picked":"Twin Strike+1","floor":30.0},{"not_picked":["Havoc","Burning Pact+1"],"picked":"Flame Barrier+1","floor":31.0},{"not_picked":["Brutality","Fiend Fire"],"picked":"Demon Form","floor":33.0},{"not_picked":["Sentinel","Rampage"],"picked":"Spot Weakness+1","floor":35.0},{"not_picked":["Wild Strike","Armaments","Iron Wave"],"picked":"SKIP","floor":36.0},{"not_picked":["Twin Strike","Clothesline+1","Warcry+1"],"picked":"SKIP","floor":37.0},{"not_picked":["Seeing Red","Armaments"],"picked":"Clothesline+1","floor":41.0},{"not_picked":["Shrug It Off","Sentinel+1","Bloodletting"],"picked":"SKIP","floor":46.0},{"not_picked":["Shrug It Off","Flex+1"],"picked":"Battle Trance+1","floor":47}],"player_experience":445307,"relics_obtained":[{"floor":8.0,"key":"Omamori"},{"floor":26.0,"key":"Bottled Lightning"},{"floor":28.0,"key":"Incense Burner"},{"floor":28.0,"key":"Darkstone Periapt"},{"floor":43.0,"key":"Dream Catcher"},{"floor":43.0,"key":"Dodecahedron"},{"floor":47,"key":"Nunchaku"}],"event_choices":[{"damage_healed":0.0,"max_hp_gain":0.0,"max_hp_loss":0.0,"gold_gain":175.0,"event_name":"Liars Game","player_choice":"AGREE","floor":4.0,"gold_loss":0.0,"damage_taken":0.0,"cards_obtained":["Doubt"]},{"damage_healed":0.0,"max_hp_gain":5.0,"max_hp_loss":0.0,"gold_gain":0.0,"event_name":"Big Fish","player_choice":"Donut","floor":5.0,"gold_loss":0.0,"damage_taken":0.0},{"cards_removed":["Doubt"],"damage_healed":0.0,"max_hp_gain":0.0,"max_hp_loss":0.0,"gold_gain":0.0,"event_name":"Golden Wing","player_choice":"Card Removal","floor":11.0,"gold_loss":0.0,"damage_taken":7.0},{"damage_healed":0.0,"max_hp_gain":0.0,"max_hp_loss":0.0,"gold_gain":0.0,"event_name":"Back to Basics","player_choice":"Simplicity","floor":21.0,"gold_loss":0.0,"damage_taken":0.0,"cards_upgraded":["Strike_R","Strike_R","Strike_R","Strike_R","Strike_R","Defend_R","Defend_R","Defend_R","Defend_R"]},{"damage_healed":0.0,"max_hp_gain":0.0,"max_hp_loss":0.0,"gold_gain":0.0,"event_name":"Masked Bandits","player_choice":"Paid Fearfully","floor":22.0,"gold_loss":63.0,"damage_taken":0.0},{"damage_healed":0.0,"max_hp_gain":0.0,"max_hp_loss":0.0,"gold_gain":0.0,"event_name":"Colosseum","player_choice":"Fight","floor":28.0,"gold_loss":0.0,"damage_taken":0.0},{"damage_healed":0.0,"max_hp_gain":0.0,"max_hp_loss":0.0,"gold_gain":0.0,"event_name":"Colosseum","player_choice":"Fought Nobs","floor":28.0,"gold_loss":0.0,"damage_taken":0.0},{"damage_healed":33.0,"max_hp_gain":0.0,"max_hp_loss":0.0,"gold_gain":0.0,"event_name":"The Library","player_choice":"Heal","floor":29.0,"gold_loss":0.0,"damage_taken":0.0},{"damage_healed":0.0,"max_hp_gain":0.0,"max_hp_loss":0.0,"gold_gain":0.0,"event_name":"Tomb of Lord Red Mask","player_choice":"Ignored","floor":38.0,"gold_loss":0.0,"damage_taken":0.0},{"damage_healed":0,"gold_gain":0,"player_choice":"0 cards matched","damage_taken":0,"max_hp_gain":0,"max_hp_loss":0,"event_name":"Match and Keep!","floor":48,"gold_loss":0,"cards_obtained":[]}],"is_beta":false,"boss_relics":[{"not_picked":["Ectoplasm","Runic Cube"],"picked":"Snecko Eye"},{"not_picked":["Busted Crown","Eternal Feather"],"picked":"Coffee Dripper"}],"items_purged_floors":[39],"is_endless":false,"potions_floor_spawned":[2,8,16,24,28,33,35,41,47],"ascension_level":0}