{"gold_per_floor":[110,110,127,127,127,160,160,39,89,89,44,54,71,85,85,186,186,205,205,215,62,82,82,113,125,184,196,208,238,266,288,300,312],"floor_reached":33,"playtime":1921,"items_purged":["Defend_R","Strike_R"],"score":267,"play_id":"8399c249-2bf6-404c-be40-09885e96e234","local_time":"20180724220845","is_ascension_mode":false,"campfire_choices":[{"floor":7,"key":"REST"},{"floor":10,"key":"REST"},{"data":"Flex","floor":15,"key":"SMITH"},{"floor":23,"key":"REST"},{"floor":25,"key":"REST"},{"floor":32,"key":"REST"}],"neow_cost":"NONE","seed_source_timestamp":2058369611172,"circlet_count":0,"master_deck":["Strike_R","Defend_R","Bash","Battle Trance","Rampage","Anger","Shrug It Off","Flex+1","Cleave","Heavy Blade","Headbutt","Double Tap","Cleave","Anger","Armaments","Pommel Strike","Cleave","Clothesline","Flex","Armaments","Heavy Blade+1"],"relics":["Burning Blood","Unceasing Top","Ice Cream","Ancient Tea Set","Runic Pyramid","MawBank","Boot"],"potions_floor_usage":[20,33,33,33],"damage_taken":[{"damage":2,"enemies":"Small Slimes","floor":1,"turns":4},{"damage":10,"enemies":"Jaw Worm","floor":3,"turns":5},{"damage":36,"enemies":"Lagavulin","floor":6,"turns":6},{"damage":0,"enemies":"Cultist","floor":12,"turns":2},{"damage":8,"enemies":"Red Slaver","floor":13,"turns":2},{"damage":0,"enemies":"Large Slime","floor":14,"turns":3},{"damage":31,"enemies":"Slime Boss","floor":16,"turns":9},{"damage":20,"enemies":"Spheric Guardian","floor":18,"turns":5},{"damage":32,"enemies":"Shell Parasite","floor":20,"turns":4},{"damage":19,"enemies":"Centurion and Healer","floor":22,"turns":4},{"damage":36,"enemies":"Gremlin Leader","floor":24,"turns":5},{"damage":0,"enemies":"Chosen and Byrds","floor":29,"turns":4},{"damage":23,"enemies":"Snake Plant","floor":30,"turns":4},{"damage":30,"enemies":"Centurion and Healer","floor":31,"turns":7},{"damage":51,"enemies":"Collector","floor":33,"turns":5}],"seed_played":"-2440988007083130747","potions_obtained":[{"floor":6,"key":"Weak Potion"},{"floor":12,"key":"Dexterity Potion"},{"floor":13,"key":"Strength Potion"},{"floor":16,"key":"AttackPotion"},{"floor":22,"key":"Energy Potion"}],"is_trial":false,"path_per_floor":["M","?","M","?","?","E","R","$","T","R","$","M","M","M","R","B",null,"M","?","M","$","M","R","E","R","T","?","?","M","M","M","R"],"character_chosen":"IRONCLAD","items_purchased":["Shrug It Off","Flex","Armaments"],"campfire_rested":5,"item_purchase_floors":[8,11,21],"current_hp_per_floor":[80,55,51,51,44,14,38,38,38,62,62,68,66,72,72,47,80,66,66,40,40,27,51,21,45,45,45,45,51,34,10,34,0],"gold":312,"neow_bonus":"REMOVE_CARD","is_prod":false,"is_daily":false,"chose_seed":false,"campfire_upgraded":1,"win_rate":0,"timestamp":1532484525,"path_taken":["M","?","?","?","?","E","R","$","T","R","$","?","M","M","R","BOSS","M","?","M","?","M","R","E","R","T","?","?","M","M","?","R","BOSS"],"build_version":"2018-07-19v2","purchased_purges":2,"victory":false,"max_hp_per_floor":[80,80,80,80,80,80,80,80,80,80,80,80,80,80,80,80,80,80,80,80,80,80,80,80,80,80,80,80,80,80,80,80,80],"card_choices":[{"not_picked":["Headbutt","Battle Trance","Hemokinesis"],"picked":"SKIP","floor":1},{"not_picked":["Headbutt","Hemokinesis"],"picked":"Battle Trance","floor":1},{"not_picked":["Bloodletting","Body Slam"],"picked":"Rampage","floor":3},{"not_picked":["Reckless Charge","True Grit"],"picked":"Anger","floor":6},{"not_picked":["Armaments","Headbutt"],"picked":"Cleave","floor":12},{"not_picked":["Disarm","Fire Breathing"],"picked":"Heavy Blade","floor":13},{"not_picked":["Clothesline","Warcry"],"picked":"Headbutt","floor":14},{"not_picked":["Berserk","Offering"],"picked":"Double Tap","floor":16},{"not_picked":["True Grit","Uppercut+1"],"picked":"Cleave","floor":18},{"not_picked":["Clash","Reckless Charge"],"picked":"Anger","floor":20},{"not_picked":["True Grit","Bloodletting"],"picked":"Pommel Strike","floor":22},{"not_picked":["Power Through+1","Entrench"],"picked":"Cleave","floor":24},{"not_picked":["Limit Break","Twin Strike"],"picked":"Flex","floor":29},{"not_picked":["Inflame","Twin Strike"],"picked":"Armaments","floor":30},{"not_picked":["Bloodletting","Body Slam"],"picked":"Heavy Blade+1","floor":31}],"player_experience":32020,"relics_obtained":[{"floor":6,"key":"Ice Cream"},{"floor":9,"key":"Ancient Tea Set"},{"floor":24,"key":"MawBank"},{"floor":26,"key":"Boot"}],"event_choices":[{"event_name":"Scrap Ooze","player_choice":"success","floor":2,"damage_taken":25},{"event_name":"Living Wall","player_choice":"Forget","floor":4,"damage_taken":0},{"event_name":"Golden Wing","player_choice":"Card Removal","floor":5,"damage_taken":0},{"event_name":"Purifier","player_choice":"One Purge","floor":19,"damage_taken":0},{"event_name":"Transmorgrifier","player_choice":"Transform","floor":27,"damage_taken":0},{"event_name":"Ghosts","player_choice":"Ignored","floor":28,"damage_taken":0}],"is_beta":false,"boss_relics":[{"not_picked":["Calling Bell","Tiny House"],"picked":"Runic Pyramid"}],"items_purged_floors":[8,21],"is_endless":false,"potions_floor_spawned":[6,12,13,16,18,22,29],"killed_by":"Collector","ascension_level":0}