{"gold_per_floor":[11,29,29,304,324,358,368,368,439,439,17,32,47,47,47,178,178,202,202,222,238,337,377,377,411,411,424,442,442,9,30,30,153,153,171,446,0,21,46,86,109,130,206,206,0,14,14,27,27,27],"floor_reached":51,"playtime":5272,"items_purged":["Regret","Normality","Regret"],"score":823,"play_id":"1e209cd3-3424-4417-954e-6a70edbd9044","local_time":"20190814150220","is_ascension_mode":false,"campfire_choices":[{"data":"Zap","floor":8,"key":"SMITH"},{"data":"Fusion","floor":10,"key":"SMITH"},{"floor":15,"key":"REST"},{"floor":29,"key":"REST"},{"data":"Dualcast","floor":32,"key":"SMITH"},{"data":"1","floor":47,"key":"LIFT"},{"data":"2","floor":49,"key":"LIFT"}],"neow_cost":"NO_GOLD","seed_source_timestamp":422795857296200,"circlet_count":0,"master_deck":["Strike_B","Strike_B","Strike_B","Defend_B","Defend_B","Defend_B+1","Defend_B+1","Zap+1","Dualcast+1","Sweeping Beam","Rebound","Scrape","Rebound","Ball Lightning","Fusion+1","Chill+1","Go for the Eyes","Darkness+1","Leap+1","Injury","Reboot+1","Redo+1","Conserve Battery+1","Coolheaded+1","BootSequence+1","Turbo+1","Recycle+1","Double Energy+1","Gash","Steam+1","Gash","Echo Form","Sweeping Beam","Apotheosis+1","Conserve Battery+1","Redo+1","Chaos+1","Gash+1","White Noise+1","Clumsy","Panache","Go for the Eyes+1","Streamline+1"],"relics":["Cracked Core","Thread and Needle","Unceasing Top","Blue Candle","Toxic Egg 2","Golden Idol","Cursed Key","War Paint","Dodecahedron","Lantern","Bird Faced Urn","Toy Ornithopter","Fusion Hammer","Girya","Question Card","Red Mask"],"potions_floor_usage":[28,28,28,37,40],"damage_taken":[{"damage":0,"enemies":"2 Louse","floor":1,"turns":3},{"damage":0,"enemies":"Cultist","floor":2,"turns":4},{"damage":2,"enemies":"Small Slimes","floor":5,"turns":3},{"damage":31,"enemies":"Lagavulin","floor":6,"turns":6},{"damage":3,"enemies":"3 Louse","floor":7,"turns":2},{"damage":4,"enemies":"Looter","floor":12,"turns":2},{"damage":0,"enemies":"Blue Slaver","floor":13,"turns":3},{"damage":41,"enemies":"The Guardian","floor":16,"turns":10},{"damage":0,"enemies":"Spheric Guardian","floor":18,"turns":4},{"damage":5,"enemies":"2 Thieves","floor":20,"turns":4},{"damage":4,"enemies":"Sentry and Sphere","floor":21,"turns":4},{"damage":2,"enemies":"Book of Stabbing","floor":23,"turns":5},{"damage":13,"enemies":"Slavers","floor":25,"turns":6},{"damage":2,"enemies":"Centurion and Healer","floor":27,"turns":5},{"damage":6,"enemies":"Cultist and Chosen","floor":28,"turns":6},{"damage":1,"enemies":"Snake Plant","floor":31,"turns":2},{"damage":53,"enemies":"Champ","floor":33,"turns":12},{"damage":0,"enemies":"Orb Walker","floor":35,"turns":2},{"damage":3,"enemies":"3 Shapes","floor":38,"turns":3},{"damage":1,"enemies":"Maw","floor":39,"turns":5},{"damage":4,"enemies":"Nemesis","floor":40,"turns":3},{"damage":5,"enemies":"Transient","floor":41,"turns":5},{"damage":1,"enemies":"3 Darklings","floor":42,"turns":3},{"damage":1,"enemies":"Spire Growth","floor":46,"turns":3},{"damage":1,"enemies":"Maw","floor":48,"turns":3},{"damage":2,"enemies":"Donu and Deca","floor":50,"turns":5}],"seed_played":"-2698670939880853500","potions_obtained":[{"floor":5,"key":"Fire Potion"},{"floor":6,"key":"Block Potion"},{"floor":16,"key":"SteroidPotion"},{"floor":20,"key":"PowerPotion"},{"floor":31,"key":"Strength Potion"},{"floor":33,"key":"Explosive Potion"},{"floor":35,"key":"Weak Potion"},{"floor":40,"key":"PowerPotion"},{"floor":48,"key":"AttackPotion"}],"is_trial":false,"path_per_floor":["M","M","?","?","M","E","M","R","T","R","$","M","M","?","R","B",null,"M","?","M","M","?","E","?","E","T","M","M","R","$","M","R","B",null,"M","?","$","M","M","E","M","M","T","?","?","M","R","M","R","B",null],"character_chosen":"DEFECT","items_purchased":["Toxic Egg 2","Chill+1","Go for the Eyes","Double Energy+1","Gash","Toy Ornithopter","Steam+1","Apotheosis+1","Fruit Juice","Conserve Battery+1"],"campfire_rested":2,"item_purchase_floors":[11,11,11,30,30,30,30,37,37,37],"current_hp_per_floor":[75,75,75,75,73,42,39,39,39,39,39,35,35,35,57,16,75,75,75,70,66,66,64,64,51,51,49,49,71,71,70,70,17,75,75,75,80,79,78,76,71,72,72,72,72,77,77,80,80,80],"gold":27,"neow_bonus":"ONE_RARE_RELIC","is_prod":false,"is_daily":false,"chose_seed":false,"campfire_upgraded":3,"win_rate":0.0,"timestamp":1565787740,"path_taken":["M","M","?","?","?","E","M","R","T","R","$","M","M","?","R","BOSS","M","?","M","M","?","E","?","E","T","M","?","R","$","M","R","BOSS","M","?","$","M","M","E","M","?","T","?","?","M","R","M","R","BOSS"],"build_version":"2019-07-17","purchased_purges":3,"victory":true,"max_hp_per_floor":[75,75,75,75,75,75,75,75,75,75,75,75,75,75,75,75,75,75,75,75,75,75,75,75,75,75,75,75,75,75,75,75,75,75,75,75,80,80,80,80,80,80,80,80,80,80,80,80,80,80],"card_choices":[{"not_picked":["Barrage","Genetic Algorithm"],"picked":"Sweeping Beam","floor":1},{"not_picked":["Hello World","Coolheaded"],"picked":"Rebound","floor":2},{"not_picked":["Hologram","Glacier"],"picked":"Rebound","floor":5},{"not_picked":["Melter","Fission"],"picked":"Ball Lightning","floor":6},{"not_picked":["Gash","Storm"],"picked":"Fusion","floor":7},{"not_picked":["Scrape","Defragment"],"picked":"Darkness+1","floor":12},{"not_picked":["Steam+1","Doom and Gloom"],"picked":"Leap+1","floor":13},{"not_picked":["Rainbow+1","Thunder Strike"],"picked":"Reboot+1","floor":16},{"not_picked":["Defragment","Barrage"],"picked":"Redo+1","floor":18},{"not_picked":["Tempest+1","Streamline+1"],"picked":"Conserve Battery+1","floor":20},{"not_picked":["Beam Cell","Storm","Blizzard"],"picked":"SKIP","floor":21},{"not_picked":["Hello World+1","Melter"],"picked":"Coolheaded+1","floor":23},{"not_picked":["Reprogram+1","Skim+1"],"picked":"BootSequence+1","floor":25},{"not_picked":["Hologram+1","Scrape"],"picked":"Turbo+1","floor":27},{"not_picked":["Genetic Algorithm+1","Conserve Battery+1"],"picked":"Recycle+1","floor":28},{"not_picked":["Rebound+1","Static Discharge"],"picked":"Gash","floor":31},{"not_picked":["Amplify+1","Hyperbeam"],"picked":"Echo Form","floor":33},{"not_picked":["Compile Driver","Barrage"],"picked":"Sweeping Beam","floor":35},{"not_picked":["Rebound","Static Discharge"],"picked":"Redo+1","floor":38},{"not_picked":["White Noise+1","Consume+1"],"picked":"Chaos+1","floor":39},{"not_picked":["Force Field+1","Chill+1"],"picked":"Gash+1","floor":40},{"not_picked":["Cold Snap+1","Storm","Coolheaded+1"],"picked":"SKIP","floor":41},{"not_picked":["Compile Driver","Hyperbeam"],"picked":"White Noise+1","floor":42},{"not_picked":["Mayhem","Enlightenment+1","Madness+1"],"picked":"Panache","floor":44},{"not_picked":["Rebound+1","Turbo+1","Coolheaded+1"],"picked":"Go for the Eyes+1","floor":46},{"not_picked":["Hologram+1","Recycle+1","Skim+1"],"picked":"Streamline+1","floor":48}],"player_experience":65492,"relics_obtained":[{"floor":6,"key":"Unceasing Top"},{"floor":9,"key":"Blue Candle"},{"floor":23,"key":"Dodecahedron"},{"floor":25,"key":"Lantern"},{"floor":26,"key":"Bird Faced Urn"},{"floor":40,"key":"Girya"},{"floor":43,"key":"Question Card"}],"event_choices":[{"damage_healed":0,"gold_gain":0,"cards_transformed":["Strike_B"],"player_choice":"Change","damage_taken":0,"max_hp_gain":0,"max_hp_loss":0,"event_name":"Living Wall","floor":3,"gold_loss":0,"cards_obtained":["Scrape"]},{"damage_healed":0,"gold_gain":275,"player_choice":"Desecrate","damage_taken":0,"max_hp_gain":0,"max_hp_loss":0,"event_name":"Golden Shrine","floor":4,"gold_loss":0,"cards_obtained":["Regret"]},{"damage_healed":0,"gold_gain":0,"player_choice":"Take Wound","damage_taken":0,"relics_obtained":["Golden Idol"],"max_hp_gain":0,"max_hp_loss":0,"event_name":"Golden Idol","floor":14,"gold_loss":0,"cards_obtained":["Injury"]},{"damage_healed":0,"gold_gain":0,"player_choice":"Opened","damage_taken":0,"relics_obtained":["War Paint"],"max_hp_gain":0,"max_hp_loss":0,"event_name":"The Mausoleum","floor":19,"gold_loss":0,"cards_obtained":["Writhe"]},{"damage_healed":0,"gold_gain":99,"player_choice":"Stole From Cult","damage_taken":0,"max_hp_gain":0,"max_hp_loss":0,"event_name":"Nest","floor":22,"gold_loss":0},{"cards_removed":["Writhe"],"damage_healed":0,"gold_gain":0,"player_choice":"Purged","damage_taken":0,"max_hp_gain":0,"max_hp_loss":0,"event_name":"Purifier","floor":24,"gold_loss":0},{"damage_healed":0,"gold_gain":275,"player_choice":"Desecrate","damage_taken":0,"max_hp_gain":0,"max_hp_loss":0,"event_name":"Golden Shrine","floor":36,"gold_loss":0,"cards_obtained":["Regret"]},{"damage_healed":0,"gold_gain":0,"player_choice":"Memory 1","damage_taken":0,"max_hp_gain":0,"max_hp_loss":0,"event_name":"SensoryStone","floor":44,"gold_loss":0},{"damage_healed":0,"gold_gain":0,"player_choice":"Paid","damage_taken":0,"relics_obtained":["Red Mask"],"max_hp_gain":0,"max_hp_loss":0,"event_name":"Tomb of Lord Red Mask","floor":45,"gold_loss":206}],"is_beta":false,"boss_relics":[{"not_picked":["Runic Pyramid","Velvet Choker"],"picked":"Cursed Key"},{"not_picked":["Coffee Dripper","Eternal Feather"],"picked":"Fusion Hammer"}],"items_purged_floors":[11,30,37],"is_endless":false,"potions_floor_spawned":[5,6,16,20,23,31,33,35,40,48],"ascension_level":0}