{"gold_per_floor":[119,119,69,69,89,115,115,141,141,173,188,207,207,217,217,320,320,332,332,200,216,236,236,271,271,298,223,233,245,260,5,5,5],"floor_reached":33,"playtime":1535,"items_purged":[],"score":398,"play_id":"7020ff6b-2a10-4f42-bdc9-cecf1aed6ed9","local_time":"20190522205247","is_ascension_mode":true,"campfire_choices":[{"data":"Bash","floor":7.0,"key":"SMITH"},{"data":"Flame Barrier","floor":15.0,"key":"SMITH"},{"floor":23.0,"key":"REST"},{"floor":25.0,"key":"REST"},{"floor":32,"key":"REST"}],"neow_cost":"NONE","seed_source_timestamp":645807399444924,"circlet_count":0,"master_deck":["Strike_R","Strike_R","Strike_R","Strike_R","Strike_R","Defend_R","Defend_R","Defend_R","Bash+1","Metallicize+1","Shrug It Off","Flex","Inflame","Heavy Blade+1","Metallicize","Flame Barrier+1","Demon Form","Iron Wave+1","Inflame","Dramatic Entrance","Flame Barrier","Perfected Strike","Perfected Strike","Heavy Blade"],"special_seed":0,"relics":["Burning Blood","Bag of Preparation","Strawberry","Paper Frog","Question Card","Pear","Charon\u0027s Ashes","White Beast Statue","Darkstone Periapt","Happy Flower","Bronze Scales","Self Forming Clay"],"potions_floor_usage":[30,33],"damage_taken":[{"damage":1.0,"enemies":"Cultist","floor":1.0,"turns":4.0},{"damage":4.0,"enemies":"Jaw Worm","floor":5.0,"turns":5.0},{"damage":16.0,"enemies":"3 Sentries","floor":6.0,"turns":7.0},{"damage":12.0,"enemies":"Gremlin Nob","floor":8.0,"turns":3.0},{"damage":20.0,"enemies":"3 Sentries","floor":10.0,"turns":15.0},{"damage":0.0,"enemies":"2 Louse","floor":11.0,"turns":3.0},{"damage":20.0,"enemies":"Exordium Thugs","floor":12.0,"turns":5.0},{"damage":5.0,"enemies":"Blue Slaver","floor":14.0,"turns":5.0},{"damage":38.0,"enemies":"Slime Boss","floor":16.0,"turns":17.0},{"damage":25.0,"enemies":"Spheric Guardian","floor":18.0,"turns":5.0},{"damage":24.0,"enemies":"Chosen","floor":21.0,"turns":5.0},{"damage":10.0,"enemies":"Centurion and Healer","floor":22.0,"turns":7.0},{"damage":61.0,"enemies":"Slavers","floor":24.0,"turns":9.0},{"damage":2.0,"enemies":"Snecko","floor":28.0,"turns":5.0},{"damage":11.0,"enemies":"Snake Plant","floor":29.0,"turns":2.0},{"damage":18,"enemies":"Shelled Parasite and Fungi","floor":30,"turns":4},{"damage":82,"enemies":"Automaton","floor":33,"turns":6}],"seed_played":"-5585142244677454513","potions_obtained":[{"floor":1.0,"key":"SteroidPotion"},{"floor":5.0,"key":"PowerPotion"},{"floor":11.0,"key":"BloodPotion"},{"floor":14.0,"key":"FearPotion"},{"floor":16.0,"key":"Swift Potion"},{"floor":18.0,"key":"Weak Potion"},{"floor":21.0,"key":"Fire Potion"},{"floor":24.0,"key":"PowerPotion"},{"floor":28.0,"key":"SkillPotion"},{"floor":29.0,"key":"Weak Potion"},{"floor":30,"key":"Dexterity Potion"}],"is_trial":false,"path_per_floor":["M","?","?","?","M","E","R","E","T","E","M","M","?","M","R","B",null,"M","?","$","M","M","R","E","R","T","?","M","M","M","$","R","B"],"character_chosen":"IRONCLAD","items_purchased":["Inflame","Dramatic Entrance","Self Forming Clay"],"campfire_rested":3,"item_purchase_floors":[20,20,31],"current_hp_per_floor":[77,84,84,84,86,76,76,70,80,66,72,58,58,59,59,27,80,70,70,70,52,48,77,22,51,51,51,55,50,38,38,67,0],"gold":5,"neow_bonus":"RANDOM_COMMON_RELIC","is_prod":false,"is_daily":false,"chose_seed":false,"campfire_upgraded":2,"win_rate":0,"timestamp":1558572767,"path_taken":["M","?","?","?","M","E","R","E","T","E","?","M","?","M","R","BOSS","M","?","$","M","?","R","E","R","T","?","M","M","M","$","R","BOSS"],"build_version":"2019-01-23","purchased_purges":0,"victory":false,"max_hp_per_floor":[80,87,87,87,87,87,87,87,97,97,97,97,97,97,97,97,97,97,97,97,97,97,97,97,97,97,97,97,97,97,97,97,97],"card_choices":[{"not_picked":["Infernal Blade","Heavy Blade"],"picked":"Metallicize","floor":1.0},{"not_picked":["Rupture","Headbutt","Disarm"],"picked":"SKIP","floor":5.0},{"not_picked":["Rupture","Headbutt","Disarm"],"picked":"SKIP","floor":5.0},{"not_picked":["Rupture","Headbutt","Disarm"],"picked":"SKIP","floor":5.0},{"not_picked":["Warcry","Infernal Blade"],"picked":"Shrug It Off","floor":6.0},{"not_picked":["Blood for Blood","Rampage"],"picked":"Flex","floor":8.0},{"not_picked":["Battle Trance","Clash","Body Slam"],"picked":"Inflame","floor":10.0},{"not_picked":["Burning Pact","Combust","Twin Strike"],"picked":"Heavy Blade","floor":11.0},{"not_picked":["True Grit","Shrug It Off","Headbutt"],"picked":"Metallicize","floor":12.0},{"not_picked":["Iron Wave","Anger","Feel No Pain"],"picked":"Flame Barrier","floor":14.0},{"not_picked":["Fiend Fire","Berserk","Exhume"],"picked":"Demon Form","floor":16.0},{"not_picked":["Pommel Strike","Infernal Blade","Sword Boomerang+1"],"picked":"Iron Wave+1","floor":18.0},{"not_picked":["True Grit","Corruption","Body Slam","Cleave"],"picked":"SKIP","floor":21.0},{"not_picked":["Shrug It Off","Headbutt","Burning Pact"],"picked":"Flame Barrier","floor":22.0},{"not_picked":["Searing Blow+1","Cleave","Armaments"],"picked":"Perfected Strike","floor":24.0},{"not_picked":["Fire Breathing+1","Sever Soul","Armaments+1"],"picked":"Perfected Strike","floor":28.0},{"not_picked":["Cleave+1","Warcry+1","Clothesline"],"picked":"Heavy Blade","floor":29.0},{"not_picked":["Demon Form","Dropkick+1","Sword Boomerang","Flame Barrier"],"picked":"SKIP","floor":30}],"player_experience":267081,"relics_obtained":[{"floor":6.0,"key":"Paper Frog"},{"floor":8.0,"key":"Question Card"},{"floor":9.0,"key":"Pear"},{"floor":10.0,"key":"Charon\u0027s Ashes"},{"floor":24.0,"key":"Happy Flower"},{"floor":26.0,"key":"Bronze Scales"}],"event_choices":[{"damage_healed":0.0,"max_hp_gain":0.0,"max_hp_loss":0.0,"gold_gain":0.0,"event_name":"Big Fish","player_choice":"Box","floor":2.0,"gold_loss":0.0,"damage_taken":0.0,"relics_obtained":["Strawberry"],"cards_obtained":["Regret"]},{"cards_removed":["Regret"],"damage_healed":0.0,"max_hp_gain":0.0,"max_hp_loss":0.0,"gold_gain":0.0,"event_name":"The Cleric","player_choice":"Card Removal","floor":3.0,"gold_loss":50.0,"damage_taken":0.0},{"damage_healed":0.0,"max_hp_gain":0.0,"max_hp_loss":0.0,"gold_gain":0.0,"event_name":"Upgrade Shrine","player_choice":"Upgraded","floor":4.0,"gold_loss":0.0,"damage_taken":0.0,"cards_upgraded":["Metallicize"]},{"damage_healed":0.0,"max_hp_gain":0.0,"max_hp_loss":0.0,"gold_gain":0.0,"event_name":"Living Wall","player_choice":"Grow","floor":13.0,"gold_loss":0.0,"damage_taken":0.0,"cards_upgraded":["Heavy Blade"]},{"damage_healed":0.0,"max_hp_gain":0.0,"max_hp_loss":0.0,"gold_gain":0.0,"event_name":"WeMeetAgain","player_choice":"Gave Potion","floor":19.0,"gold_loss":0.0,"damage_taken":0.0,"relics_obtained":["Darkstone Periapt"]},{"cards_removed":["Defend_R"],"damage_healed":0.0,"max_hp_gain":0.0,"max_hp_loss":0.0,"gold_gain":0.0,"event_name":"Beggar","player_choice":"Gave Gold","floor":27.0,"gold_loss":75.0,"damage_taken":0.0}],"is_beta":false,"boss_relics":[{"not_picked":["Mark of Pain","Astrolabe"],"picked":"White Beast Statue"}],"items_purged_floors":[],"is_endless":false,"potions_floor_spawned":[1,5,11,14,16,18,21,22,24,28,29,30],"killed_by":"Automaton","ascension_level":6}