{"gold_per_floor":[114,125,71,88,101,101,131,131,131,82,82,82,82,82,82,179,179,197,66,66,66,79,79,91,16,41,41,76,76,93,93,93,93],"floor_reached":33,"playtime":1959,"items_purged":[],"score":261,"play_id":"0a4257ba-4355-4d98-b8ff-d613e38f2cf3","local_time":"20190802090129","is_ascension_mode":false,"campfire_choices":[{"data":"Blade Dance","floor":6.0,"key":"SMITH"},{"floor":8.0,"key":"REST"},{"floor":11.0,"key":"REST"},{"data":"Blade Dance","floor":15.0,"key":"SMITH"},{"data":"Night Terror","floor":23,"key":"SMITH"},{"floor":27,"key":"REST"},{"floor":29,"key":"REST"},{"floor":32,"key":"REST"}],"neow_cost":"NONE","seed_source_timestamp":0,"circlet_count":0,"master_deck":["Strike_G","Strike_G","Strike_G","Strike_G","Strike_G","Defend_G","Defend_G","Defend_G","Defend_G","Survivor","Neutralize","Blade Dance+1","Sucker Punch+1","Blade Dance+1","Flechettes","Sucker Punch+1","Caltrops","Infinite Blades","Flash of Steel","Blade Dance+1","Finisher","Choke","Well Laid Plans","Skewer","Slice+1"],"special_seed":0,"relics":["Ring of the Snake","Bag of Marbles","PreservedInsect","Vajra","Runic Pyramid","Dream Catcher","Question Card"],"potions_floor_usage":[],"damage_taken":[{"damage":5.0,"enemies":"Cultist","floor":1.0,"turns":5.0},{"damage":1.0,"enemies":"Jaw Worm","floor":2.0,"turns":4.0},{"damage":1.0,"enemies":"Small Slimes","floor":4.0,"turns":4.0},{"damage":6.0,"enemies":"Blue Slaver","floor":5.0,"turns":5.0},{"damage":20.0,"enemies":"Gremlin Nob","floor":7.0,"turns":4.0},{"damage":46.0,"enemies":"Hexaghost","floor":16.0,"turns":12.0},{"damage":13.0,"enemies":"Chosen","floor":18.0,"turns":4.0},{"damage":9,"enemies":"2 Thieves","floor":22,"turns":3},{"damage":15,"enemies":"Snake Plant","floor":24,"turns":5},{"damage":50,"enemies":"Slavers","floor":28,"turns":6},{"damage":18,"enemies":"Snecko","floor":30,"turns":5},{"damage":40,"enemies":"Champ","floor":33,"turns":5}],"seed_played":"352176612724531422","potions_obtained":[{"floor":1.0,"key":"Dexterity Potion"},{"floor":4.0,"key":"Poison Potion"},{"floor":5.0,"key":"EssenceOfSteel"},{"floor":16.0,"key":"Fruit Juice"},{"floor":18,"key":"EntropicBrew"},{"floor":22,"key":"Explosive Potion"}],"is_trial":false,"path_per_floor":["M","M","$","M","M","R","E","R","T","?","R","?","$","?","R","B",null,"M","$","?","$","M","R","M","?","T","R","E","R","M","?","R","B"],"character_chosen":"THE_SILENT","items_purchased":["Blade Dance","Infinite Blades","Flash of Steel"],"campfire_rested":5,"item_purchase_floors":[3,19,19],"current_hp_per_floor":[65,64,64,63,57,57,37,58,58,58,70,70,70,56,56,15,75,62,62,62,62,53,53,38,38,38,60,10,32,14,14,36,0],"gold":93,"neow_bonus":"RANDOM_COMMON_RELIC","is_prod":false,"is_daily":false,"chose_seed":false,"campfire_upgraded":3,"win_rate":0.0,"timestamp":1564754489,"path_taken":["M","M","?","M","?","R","E","R","T","?","R","?","$","?","R","BOSS","M","$","?","$","M","R","?","?","T","R","E","R","M","?","R","BOSS"],"build_version":"2019-07-17","purchased_purges":0,"victory":false,"max_hp_per_floor":[70,70,70,70,70,70,70,70,70,70,70,70,70,70,70,75,75,75,75,75,75,75,75,75,75,75,75,75,75,75,75,75,75],"card_choices":[{"not_picked":["Endless Agony","Finisher"],"picked":"Blade Dance","floor":1.0},{"not_picked":["Slice","Prepared"],"picked":"Sucker Punch","floor":2.0},{"not_picked":["Quick Slash","Acrobatics"],"picked":"Dagger Throw","floor":4.0},{"not_picked":["Terror","Slice"],"picked":"Flechettes","floor":5.0},{"not_picked":["Skewer","Reflex"],"picked":"Sucker Punch","floor":7.0},{"not_picked":["Doppelganger","Bullet Time"],"picked":"Night Terror","floor":16.0},{"not_picked":["Tactician","Crippling Poison"],"picked":"Caltrops","floor":18},{"not_picked":["Dagger Spray","Outmaneuver+1"],"picked":"Underhanded Strike","floor":22},{"not_picked":["Sucker Punch","Reflex"],"picked":"Blade Dance+1","floor":24},{"not_picked":["Flying Knee","Sucker Punch"],"picked":"Finisher","floor":28},{"not_picked":["PiercingWail","Heel Hook","Deadly Poison"],"picked":"Choke","floor":30},{"not_picked":["Sucker Punch","Outmaneuver+1","Quick Slash"],"picked":"Slice+1","floor":32}],"player_experience":12122,"relics_obtained":[{"floor":7.0,"key":"PreservedInsect"},{"floor":9.0,"key":"Vajra"},{"floor":26,"key":"Dream Catcher"},{"floor":28,"key":"Question Card"}],"event_choices":[{"damage_healed":0.0,"max_hp_gain":0.0,"max_hp_loss":0.0,"gold_gain":0.0,"event_name":"World of Goop","player_choice":"Left Gold","floor":10.0,"gold_loss":49.0,"damage_taken":0.0},{"damage_healed":0.0,"max_hp_gain":0.0,"max_hp_loss":0.0,"gold_gain":0.0,"event_name":"Liars Game","player_choice":"Ignored","floor":12.0,"gold_loss":0.0,"damage_taken":0.0},{"damage_healed":0.0,"max_hp_gain":0.0,"max_hp_loss":0.0,"gold_gain":0.0,"event_name":"Shining Light","player_choice":"Entered Light","floor":14.0,"gold_loss":0.0,"damage_taken":14.0,"cards_upgraded":["Sucker Punch","Sucker Punch"]},{"cards_removed":["Defend_G"],"damage_healed":0,"gold_gain":0,"player_choice":"Purged","damage_taken":0,"max_hp_gain":0,"max_hp_loss":0,"event_name":"Purifier","floor":20,"gold_loss":0},{"cards_removed":["Night Terror"],"damage_healed":0,"gold_gain":0,"player_choice":"Gave Gold","damage_taken":0,"max_hp_gain":0,"max_hp_loss":0,"event_name":"Beggar","floor":25,"gold_loss":75},{"damage_healed":0,"gold_gain":0,"cards_transformed":["Underhanded Strike","Dagger Throw"],"player_choice":"Became Test Subject","damage_taken":0,"max_hp_gain":0,"max_hp_loss":0,"event_name":"Drug Dealer","floor":31,"gold_loss":0,"cards_obtained":["Well Laid Plans","Skewer"]}],"is_beta":false,"boss_relics":[{"not_picked":["Ectoplasm","Philosopher\u0027s Stone"],"picked":"Runic Pyramid"}],"items_purged_floors":[],"is_endless":false,"potions_floor_spawned":[1,4,5,16,18,22,28,30],"killed_by":"Champ","ascension_level":0}