{"path_per_floor":["M","M","?","M","?","M","M","R","T","R","$","R","T","M","R","B",null,"M","?","$","M","M","R","?","R","T","?","R","M","M","M","R"],"character_chosen":"IRONCLAD","items_purchased":["Purity"],"gold_per_floor":[114,129,129,144,144,163,182,182,182,182,107,107,107,126,126,251,251,240,155,1,20,39,39,39,39,39,39,39,58,77,96,96,96],"floor_reached":33,"campfire_rested":3,"playtime":3401,"current_hp_per_floor":[78,78,62,62,68,68,68,68,74,74,74,74,80,80,80,43,122,110,117,117,79,27,65,65,103,109,93,93,85,60,57,97,0],"items_purged":["Strike_R","Normality"],"gold":96,"score":389,"play_id":"37a7da0e-f437-4d49-8738-01cb369124ac","local_time":"20180331000726","daily_mods":["Diverse","Cursed Run","Binary"],"is_prod":false,"is_daily":true,"is_ascension_mode":false,"campfire_upgraded":5,"timestamp":1522426046,"path_taken":["M","M","?","M","?","?","M","R","T","R","$","R","?","M","R","BOSS","M","?","$","M","M","R","?","R","T","?","R","M","M","?","R","BOSS"],"build_version":"2018-03-29v2","purchased_purges":2,"victory":false,"master_deck":["Strike_R+1","Strike_R","Strike_R","Strike_R+1","Defend_R","Defend_R","Defend_R+1","Defend_R","Bash+1","Acrobatics","Distraction+1","True Grit+1","Injury","Parasite","Doubt","Rage","Injury","Clumsy","Pain","Purity+1","Decay","Feel No Pain","Metallicize","Berserk"],"max_hp_per_floor":[80,80,80,80,86,86,86,86,92,92,92,92,98,98,98,104,122,122,129,129,129,129,129,129,129,135,135,135,135,135,135,135,135],"relics":["Cursed Key","Darkstone Periapt","Du-Vu Doll","Golden Idol","Art of War","Anchor","Calling Bell","The Courier","Question Card","Blue Candle","Strawberry","Shovel","Bag of Preparation","Enchiridion"],"card_choices":[{"not_picked":["Corruption"],"picked":"True Grit","floor":1},{"not_picked":["Havoc"],"picked":"Rage","floor":14},{"not_picked":["Iron Wave","Entrench"],"picked":"Feel No Pain","floor":29},{"not_picked":["Body Slam","Heavy Blade"],"picked":"Metallicize","floor":30},{"not_picked":["Warcry","Twin Strike"],"picked":"Berserk","floor":31}],"player_experience":445951,"potions_floor_usage":[16,16,33],"damage_taken":[{"damage":2,"enemies":"Small Slimes","floor":1,"turns":4},{"damage":0,"enemies":"2 Louse","floor":2,"turns":3},{"damage":0,"enemies":"Cultist","floor":4,"turns":3},{"damage":0,"enemies":"Gremlin Gang","floor":6,"turns":4},{"damage":0,"enemies":"Exordium Wildlife","floor":7,"turns":3},{"damage":0,"enemies":"Looter","floor":14,"turns":2},{"damage":43,"enemies":"The Guardian","floor":16,"turns":19},{"damage":12,"enemies":"2 Thieves","floor":18,"turns":4},{"damage":38,"enemies":"Chosen","floor":21,"turns":6},{"damage":52,"enemies":"Slaver and Parasite","floor":22,"turns":8},{"damage":8,"enemies":"Snake Plant","floor":29,"turns":2},{"damage":25,"enemies":"Cultist and Chosen","floor":30,"turns":7},{"damage":3,"enemies":"3 Cultists","floor":31,"turns":6},{"damage":112,"enemies":"Collector","floor":33,"turns":7}],"event_choices":[{"event_name":"Shining Light","player_choice":"Entered Light","floor":3,"damage_taken":0},{"event_name":"Golden Idol","player_choice":"Take Wound","floor":5,"damage_taken":0},{"event_name":"Addict","player_choice":"Obtained Relic","floor":19,"damage_taken":0},{"event_name":"The Mausoleum","player_choice":"Yes","floor":24,"damage_taken":0},{"event_name":"Cursed Tome","player_choice":"Obtained Book","floor":27,"damage_taken":0}],"boss_relics":[{"not_picked":["Sozu","Ectoplasm"],"picked":"Calling Bell"}],"potions_floor_spawned":[1,6,21,30],"seed_played":"3601670706456494234","killed_by":"Collector","ascension_level":0,"is_trial":false}