{"gold_per_floor":[109,124,25,25,25,25,51,97,148,163,198,99,99,110,110,181,181,196,196,211,227,227,227,257,272,272,272,284,284,65,80,80,154,154,167,167],"floor_reached":36,"playtime":2137,"items_purged":["Doubt","Strike_G"],"score":725,"play_id":"372f5e21-3453-4dc6-bb9c-bce85f16702b","local_time":"20190910103329","is_ascension_mode":true,"campfire_choices":[{"data":"Deadly Poison","floor":6.0,"key":"SMITH"},{"floor":13.0,"key":"REST"},{"data":"Catalyst","floor":15.0,"key":"SMITH"},{"floor":23,"key":"REST"},{"floor":27,"key":"REST"},{"floor":29,"key":"REST"},{"data":"Adrenaline","floor":32,"key":"SMITH"}],"neow_cost":"CURSE","seed_source_timestamp":397974075215400,"circlet_count":0,"master_deck":["AscendersBane","Strike_G","Strike_G","Strike_G","Strike_G","Defend_G","Defend_G","Defend_G","Defend_G","Defend_G","Survivor","Neutralize","Quick Slash","Deadly Poison+1","PiercingWail","Crippling Poison","Dagger Spray","Footwork","Well Laid Plans","Deflect","Catalyst+1","Adrenaline+1","Backflip","Deadly Poison","Crippling Poison","Catalyst","Escape Plan","Catalyst","Well Laid Plans","Dodge and Roll+1","Backflip"],"special_seed":0,"relics":["Ring of the Snake","Kunai","Mummified Hand","Regal Pillow","Orichalcum","Happy Flower","Philosopher\u0027s Stone","Vajra","Shuriken","Incense Burner","Cursed Key"],"potions_floor_usage":[20,20,24,31,33,33],"damage_taken":[{"damage":30.0,"enemies":"Jaw Worm","floor":1.0,"turns":8.0},{"damage":0.0,"enemies":"2 Louse","floor":2.0,"turns":3.0},{"damage":36.0,"enemies":"Lagavulin","floor":7.0,"turns":11.0},{"damage":2.0,"enemies":"Cultist","floor":10.0,"turns":4.0},{"damage":20.0,"enemies":"3 Sentries","floor":11.0,"turns":7.0},{"damage":4.0,"enemies":"Red Slaver","floor":14.0,"turns":3.0},{"damage":14.0,"enemies":"Slime Boss","floor":16.0,"turns":12.0},{"damage":9.0,"enemies":"Chosen","floor":18.0,"turns":4.0},{"damage":6,"enemies":"3 Byrds","floor":20,"turns":3},{"damage":52,"enemies":"Shelled Parasite and Fungi","floor":21,"turns":5},{"damage":23,"enemies":"Book of Stabbing","floor":24,"turns":5},{"damage":4,"enemies":"Sentry and Sphere","floor":25,"turns":4},{"damage":17,"enemies":"Centurion and Healer","floor":28,"turns":6},{"damage":1,"enemies":"Snake Plant","floor":31,"turns":2},{"damage":44,"enemies":"Collector","floor":33,"turns":6},{"damage":10,"enemies":"3 Shapes","floor":35,"turns":6},{"damage":85,"enemies":"2 Orb Walkers","floor":36,"turns":6}],"seed_played":"8297199261117603527","potions_obtained":[{"floor":1.0,"key":"Regen Potion"},{"floor":10.0,"key":"Regen Potion"},{"floor":11.0,"key":"Block Potion"},{"floor":16.0,"key":"PowerPotion"},{"floor":20,"key":"LiquidBronze"},{"floor":24,"key":"Energy Potion"},{"floor":28,"key":"Strength Potion"},{"floor":31,"key":"SkillPotion"}],"is_trial":false,"path_per_floor":["M","M","$","?","?","R","E","T","T","M","E","$","R","M","R","B",null,"M","T","M","M","?","R","E","M","T","R","M","R","$","M","R","B",null,"M","?"],"character_chosen":"THE_SILENT","items_purchased":["PiercingWail","Well Laid Plans","Deflect","Catalyst","Well Laid Plans"],"campfire_rested":4,"item_purchase_floors":[3,12,12,30,30],"current_hp_per_floor":[41,41,41,23,49,49,28,28,28,26,21,21,59,55,55,41,69,60,60,54,2,2,40,17,13,13,51,34,72,72,71,71,27,65,55,0],"gold":167,"neow_bonus":"TWENTY_PERCENT_HP_BONUS","is_prod":false,"is_daily":false,"chose_seed":false,"campfire_upgraded":3,"win_rate":0,"timestamp":1568136809,"path_taken":["M","M","$","?","?","R","E","?","T","?","E","?","R","M","R","BOSS","M","?","M","M","?","R","E","M","T","R","M","R","$","M","R","BOSS","M","?"],"build_version":"2019-07-17","purchased_purges":2,"victory":false,"max_hp_per_floor":[78,78,78,78,78,78,78,78,78,78,78,78,78,78,78,78,78,78,78,78,78,78,78,78,78,78,78,78,78,78,78,78,78,78,78,78],"card_choices":[{"not_picked":["Dodge and Roll","Deflect"],"picked":"Quick Slash","floor":1.0},{"not_picked":["Sucker Punch","Cloak And Dagger"],"picked":"Deadly Poison","floor":2.0},{"not_picked":["Heel Hook","Caltrops"],"picked":"Crippling Poison","floor":7.0},{"not_picked":["Flying Knee","Accuracy"],"picked":"Dagger Spray","floor":10.0},{"not_picked":["Cloak And Dagger","Bane"],"picked":"Footwork","floor":11.0},{"not_picked":["Masterful Stab","Dagger Spray"],"picked":"Catalyst","floor":14.0},{"not_picked":["Phantasmal Killer","Die Die Die"],"picked":"Adrenaline","floor":16.0},{"not_picked":["Dagger Spray","Quick Slash"],"picked":"Backflip","floor":18.0},{"not_picked":["Quick Slash","Crippling Poison"],"picked":"Deadly Poison","floor":20},{"not_picked":["Predator","Sucker Punch"],"picked":"Crippling Poison","floor":21},{"not_picked":["Deadly Poison","Prepared+1","Underhanded Strike"],"picked":"SKIP","floor":24},{"not_picked":["Setup","Bouncing Flask"],"picked":"Catalyst","floor":25},{"not_picked":["Accuracy+1","Backflip"],"picked":"Escape Plan","floor":28},{"not_picked":["Riddle With Holes","Reflex"],"picked":"Dodge and Roll+1","floor":31},{"not_picked":["Dash","Prepared"],"picked":"Backflip","floor":35}],"player_experience":875819,"relics_obtained":[{"floor":7.0,"key":"Mummified Hand"},{"floor":8.0,"key":"Regal Pillow"},{"floor":9.0,"key":"Orichalcum"},{"floor":11.0,"key":"Happy Flower"},{"floor":19.0,"key":"Vajra"},{"floor":24,"key":"Shuriken"},{"floor":26,"key":"Incense Burner"}],"event_choices":[{"damage_healed":0.0,"max_hp_gain":0.0,"max_hp_loss":0.0,"gold_gain":0.0,"event_name":"Scrap Ooze","player_choice":"Success","floor":4.0,"gold_loss":0.0,"damage_taken":18.0,"relics_obtained":["Kunai"]},{"damage_healed":26.0,"max_hp_gain":0.0,"max_hp_loss":0.0,"gold_gain":0.0,"event_name":"Big Fish","player_choice":"Banana","floor":5.0,"gold_loss":0.0,"damage_taken":0.0},{"damage_healed":0,"gold_gain":0,"player_choice":"Ignored","damage_taken":0,"max_hp_gain":0,"max_hp_loss":0,"event_name":"Ghosts","floor":22,"gold_loss":0},{"damage_healed":0,"gold_gain":0,"player_choice":"Fight","damage_taken":0,"max_hp_gain":0,"max_hp_loss":0,"event_name":"Mysterious Sphere","floor":36,"gold_loss":0}],"is_beta":false,"boss_relics":[{"not_picked":["White Beast Statue","Eternal Feather"],"picked":"Philosopher\u0027s Stone"},{"not_picked":["Lizard Tail","Tiny House"],"picked":"Cursed Key"}],"items_purged_floors":[3,30],"is_endless":false,"potions_floor_spawned":[1,10,11,16,20,24,28,31],"killed_by":"2 Orb Walkers","ascension_level":17}