{"gold_per_floor":[118,131,141,66,66,66,141,154,154,154,218,73,73,97,97,225,225,241,255,130,149,149,149],"floor_reached":23,"playtime":776,"items_purged":["Strike_R","Strike_R","Strike_R"],"score":181,"play_id":"f65c186b-c93a-4e1f-bfd3-f8262438f805","local_time":"20190911221020","is_ascension_mode":false,"campfire_choices":[{"data":"Rampage","floor":6,"key":"SMITH"},{"data":"Pommel Strike","floor":10,"key":"SMITH"},{"data":"Flex","floor":15,"key":"SMITH"}],"neow_cost":"NONE","seed_source_timestamp":527600777299099,"circlet_count":0,"master_deck":["Strike_R","Strike_R","Defend_R","Defend_R","Defend_R","Defend_R","Bash","Rampage+1","Pommel Strike+1","Flex+1","Bloodletting"],"relics":["Burning Blood","Bottled Flame","Gremlin Horn","Golden Idol","Philosopher\u0027s Stone"],"potions_floor_usage":[16,16,23,23],"damage_taken":[{"damage":6,"enemies":"Cultist","floor":1,"turns":3},{"damage":6,"enemies":"Jaw Worm","floor":2,"turns":3},{"damage":2,"enemies":"Small Slimes","floor":3,"turns":3},{"damage":27,"enemies":"Exordium Thugs","floor":8,"turns":4},{"damage":14,"enemies":"Gremlin Nob","floor":11,"turns":3},{"damage":12,"enemies":"Blue Slaver","floor":14,"turns":2},{"damage":41,"enemies":"The Guardian","floor":16,"turns":9},{"damage":2,"enemies":"Chosen","floor":18,"turns":3},{"damage":21,"enemies":"2 Thieves","floor":19,"turns":3},{"damage":25,"enemies":"Centurion and Healer","floor":21,"turns":3},{"damage":51,"enemies":"Slavers","floor":23,"turns":4}],"seed_played":"6299365497564297733","potions_obtained":[{"floor":1,"key":"BloodPotion"},{"floor":11,"key":"AttackPotion"},{"floor":14,"key":"Explosive Potion"},{"floor":19,"key":"Dexterity Potion"}],"is_trial":false,"path_per_floor":["M","M","M","$","?","R","?","M","T","R","?","$","?","M","R","B",null,"M","M","$","M","?","E"],"character_chosen":"IRONCLAD","items_purchased":["Flex"],"campfire_rested":0,"item_purchase_floors":[12],"current_hp_per_floor":[88,88,88,88,88,88,77,56,56,56,48,48,48,42,42,27,81,81,66,66,47,47,0],"gold":149,"neow_bonus":"TEN_PERCENT_HP_BONUS","is_prod":false,"is_daily":false,"chose_seed":false,"campfire_upgraded":3,"win_rate":0,"timestamp":1568265020,"path_taken":["M","M","M","?","?","R","?","?","T","R","?","$","?","M","R","BOSS","M","M","$","M","?","E"],"build_version":"2019-07-17","purchased_purges":3,"victory":false,"max_hp_per_floor":[88,88,88,88,88,88,88,88,88,88,88,88,81,81,81,81,81,81,81,81,81,81,81],"card_choices":[{"not_picked":["Twin Strike","Power Through"],"picked":"Rampage","floor":1},{"not_picked":["Cleave","Clash"],"picked":"Pommel Strike","floor":2},{"not_picked":["Warcry","Clash","Spot Weakness"],"picked":"SKIP","floor":3},{"not_picked":["Feel No Pain","Wild Strike","Sword Boomerang"],"picked":"SKIP","floor":8},{"not_picked":["Anger","Thunderclap","Impervious"],"picked":"SKIP","floor":14},{"not_picked":["Anger","Body Slam"],"picked":"Bloodletting","floor":18},{"not_picked":["Cleave+1","Armaments","Searing Blow+1"],"picked":"SKIP","floor":19},{"not_picked":["Clothesline+1","Wild Strike","Sword Boomerang"],"picked":"SKIP","floor":21}],"player_experience":927489,"relics_obtained":[{"floor":9,"key":"Bottled Flame"}],"event_choices":[{"damage_healed":0,"gold_gain":0,"player_choice":"Ignored","damage_taken":0,"max_hp_gain":0,"max_hp_loss":0,"event_name":"Liars Game","floor":5,"gold_loss":0},{"damage_healed":0,"gold_gain":75,"player_choice":"Gather Gold","damage_taken":11,"max_hp_gain":0,"max_hp_loss":0,"event_name":"World of Goop","floor":7,"gold_loss":0},{"damage_healed":0,"gold_gain":0,"player_choice":"Searched \u00273\u0027 times","damage_taken":0,"relics_obtained":["Gremlin Horn"],"max_hp_gain":0,"max_hp_loss":0,"event_name":"Dead Adventurer","floor":11,"gold_loss":0},{"damage_healed":0,"gold_gain":0,"player_choice":"Lose Max HP","damage_taken":0,"relics_obtained":["Golden Idol"],"max_hp_gain":0,"max_hp_loss":7,"event_name":"Golden Idol","floor":13,"gold_loss":0},{"damage_healed":0,"gold_gain":0,"player_choice":"Ignored","damage_taken":0,"max_hp_gain":0,"max_hp_loss":0,"event_name":"Ghosts","floor":22,"gold_loss":0}],"is_beta":false,"boss_relics":[{"not_picked":["Mark of Pain","Cursed Key"],"picked":"Philosopher\u0027s Stone"}],"items_purged_floors":[4,12,20],"is_endless":false,"potions_floor_spawned":[1,11,14,19],"killed_by":"Slavers","ascension_level":0}