{"gold_per_floor":[111,129,19,29,39,39,51,76,76,76,76,22,22,57,57,131,131,148,163,163],"floor_reached":20,"playtime":966,"items_purged":[],"score":368,"play_id":"b3f394db-0583-4827-8f81-404bf2a40a87","local_time":"20190910131430","is_ascension_mode":true,"campfire_choices":[{"data":"Rupture","floor":6.0,"key":"SMITH"},{"floor":10.0,"key":"REST"},{"data":"Perfected Strike","floor":13.0,"key":"SMITH"},{"data":"Perfected Strike","floor":15.0,"key":"SMITH"}],"neow_cost":"NONE","seed_source_timestamp":408822223331700,"circlet_count":0,"master_deck":["AscendersBane","Strike_R","Strike_R","Strike_R","Strike_R","Strike_R","Defend_R","Defend_R","Defend_R","Defend_R","Bash","Brutality","Anger","Twin Strike","Perfected Strike+1","Perfected Strike+1","Rupture+1","Fiend Fire","Metallicize","Feed","Evolve","Body Slam+1","Twin Strike","Pommel Strike"],"special_seed":0,"relics":["Burning Blood","Ancient Tea Set","Mercury Hourglass","Prayer Wheel","Cursed Key"],"potions_floor_usage":[18,20],"damage_taken":[{"damage":5.0,"enemies":"Cultist","floor":1.0,"turns":4.0},{"damage":15.0,"enemies":"Small Slimes","floor":2.0,"turns":5.0},{"damage":15.0,"enemies":"Jaw Worm","floor":4.0,"turns":3.0},{"damage":3.0,"enemies":"3 Louse","floor":5.0,"turns":3.0},{"damage":22.0,"enemies":"Gremlin Gang","floor":7.0,"turns":5.0},{"damage":33.0,"enemies":"3 Sentries","floor":8.0,"turns":7.0},{"damage":25.0,"enemies":"Lagavulin","floor":14.0,"turns":5.0},{"damage":24.0,"enemies":"The Guardian","floor":16.0,"turns":7.0},{"damage":13,"enemies":"Spheric Guardian","floor":18,"turns":3},{"damage":48,"enemies":"Shell Parasite","floor":19,"turns":5},{"damage":27,"enemies":"Snecko","floor":20,"turns":3}],"seed_played":"7018716299526599145","potions_obtained":[{"floor":2.0,"key":"FearPotion"},{"floor":5.0,"key":"FearPotion"},{"floor":14.0,"key":"SteroidPotion"},{"floor":19,"key":"Fire Potion"}],"is_trial":false,"path_per_floor":["M","M","$","M","M","R","M","E","T","R","?","$","R","E","R","B",null,"M","M","M"],"character_chosen":"IRONCLAD","items_purchased":["Twin Strike","Perfected Strike","PowerPotion"],"campfire_rested":1,"item_purchase_floors":[3,3,12],"current_hp_per_floor":[69,60,60,51,54,54,38,11,11,33,58,58,58,39,39,21,62,58,16,0],"gold":163,"neow_bonus":"ONE_RANDOM_RARE_CARD","is_prod":false,"is_daily":false,"chose_seed":false,"campfire_upgraded":3,"win_rate":0,"timestamp":1568146470,"path_taken":["M","M","?","M","M","R","M","E","T","R","?","$","R","E","R","BOSS","M","M","M"],"build_version":"2019-07-17","purchased_purges":0,"victory":false,"max_hp_per_floor":[75,75,75,75,75,75,75,75,75,75,75,75,75,75,75,75,75,78,78,78],"card_choices":[{"not_picked":["Body Slam","Warcry","Iron Wave"],"picked":"SKIP","floor":1.0},{"not_picked":["Clothesline","Ghostly Armor"],"picked":"Anger","floor":2.0},{"not_picked":["Evolve","Thunderclap"],"picked":"Perfected Strike","floor":4.0},{"not_picked":["Warcry","Wild Strike"],"picked":"Rupture","floor":5.0},{"not_picked":["Anger","Flex"],"picked":"Fiend Fire","floor":7.0},{"not_picked":["Hemokinesis","Bludgeon"],"picked":"Metallicize","floor":8.0},{"not_picked":["Pommel Strike","Searing Blow","Clash"],"picked":"SKIP","floor":14.0},{"not_picked":["Bludgeon","Dark Embrace"],"picked":"Feed","floor":16.0},{"not_picked":["Thunderclap","Body Slam"],"picked":"Evolve","floor":18},{"not_picked":["Pommel Strike","Searing Blow"],"picked":"Body Slam+1","floor":18},{"not_picked":["Entrench","Fire Breathing"],"picked":"Twin Strike","floor":19},{"not_picked":["Evolve+1","Bloodletting"],"picked":"Pommel Strike","floor":19}],"player_experience":878837,"relics_obtained":[{"floor":8.0,"key":"Ancient Tea Set"},{"floor":9.0,"key":"Mercury Hourglass"},{"floor":14.0,"key":"Prayer Wheel"}],"event_choices":[{"damage_healed":25.0,"max_hp_gain":0.0,"max_hp_loss":0.0,"gold_gain":0.0,"event_name":"Big Fish","player_choice":"Banana","floor":11.0,"gold_loss":0.0,"damage_taken":0.0}],"is_beta":false,"boss_relics":[{"not_picked":["Eternal Feather","Busted Crown"],"picked":"Cursed Key"}],"items_purged_floors":[],"is_endless":false,"potions_floor_spawned":[2,5,14,19],"killed_by":"Snecko","ascension_level":20}