{"gold_per_floor":[367,384,384,394,410,410,410,430,457,474,474,474,474,474,474,605,605,626,13,13,29,29,29,29,48,74,74,93,116,116],"floor_reached":30,"playtime":1823,"items_purged":["Defend_B"],"score":226,"play_id":"b40a5cb1-fd50-464c-ab53-1ac5560d2653","local_time":"20180624134137","is_ascension_mode":false,"campfire_choices":[{"floor":6,"key":"REST"},{"data":"Zap","floor":11,"key":"SMITH"},{"data":"Genetic Algorithm","floor":13,"key":"SMITH"},{"floor":15,"key":"REST"},{"floor":23,"key":"REST"},{"floor":27,"key":"REST"}],"neow_cost":"","seed_source_timestamp":0,"circlet_count":0,"master_deck":["Strike_B","Strike_B","Strike_B","Defend_B","Defend_B","Defend_B","Zap+1","Dualcast","Gash","Genetic Algorithm+1","Rebound","Genetic Algorithm","Streamline","Defragment+1","Hyperbeam","Rip and Tear+1","Beam Cell+1","Writhe","Fusion+1","BootSequence+1","Redo+1","Core Surge+1"],"special_seed":0,"relics":["Cracked Core","Dream Catcher","Golden Idol","Nuclear Battery","Toxic Egg 2","Molten Egg 2","Peace Pipe","Juzu Bracelet"],"potions_floor_usage":[5,10,16,16,16,16,24,29],"damage_taken":[{"damage":6.0,"enemies":"Cultist","floor":1.0,"turns":3.0},{"damage":0.0,"enemies":"Small Slimes","floor":2.0,"turns":3.0},{"damage":11.0,"enemies":"2 Louse","floor":3.0,"turns":2.0},{"damage":7,"enemies":"Blue Slaver","floor":4,"turns":4},{"damage":1,"enemies":"Looter","floor":5,"turns":2},{"damage":8,"enemies":"2 Fungi Beasts","floor":8,"turns":4},{"damage":1,"enemies":"3 Louse","floor":10,"turns":3},{"damage":44,"enemies":"Slime Boss","floor":16,"turns":9},{"damage":25,"enemies":"Spheric Guardian","floor":18,"turns":4},{"damage":20,"enemies":"3 Byrds","floor":21,"turns":4},{"damage":0,"enemies":"Centurion and Healer","floor":24,"turns":1},{"damage":19,"enemies":"3 Cultists","floor":25,"turns":5},{"damage":31,"enemies":"Cultist and Chosen","floor":28,"turns":5},{"damage":17,"enemies":"Snake Plant","floor":29,"turns":3}],"seed_played":"7828037421236154523","potions_obtained":[{"floor":2.0,"key":"EssenceOfSteel"},{"floor":4,"key":"SmokeBomb"},{"floor":7,"key":"SkillPotion"},{"floor":7,"key":"EntropicBrew"},{"floor":10,"key":"Fruit Juice"},{"floor":21,"key":"Dexterity Potion"}],"is_trial":false,"path_per_floor":["M","M","M","M","M","R","?","M","T","M","R","?","R","?","R","B",null,"M","$","?","M","?","R","M","M","T","R","M","M"],"character_chosen":"DEFECT","items_purchased":["Toxic Egg 2","Molten Egg 2","Rip and Tear"],"campfire_rested":4,"item_purchase_floors":[19,19,19],"current_hp_per_floor":[62,62,51,44,43,63,63,55,55,54,54,47,47,30,50,11,73,48,48,48,28,28,49,49,30,30,51,20,3,0],"gold":116,"neow_bonus":"","is_prod":false,"is_daily":false,"chose_seed":false,"campfire_upgraded":2,"win_rate":0,"timestamp":1529818897,"path_taken":["M","?","M","M","M","R","?","M","T","M","R","?","R","?","R","BOSS","M","$","?","?","?","R","M","M","T","R","M","M","?"],"build_version":"2018-06-21v2","purchased_purges":1,"victory":false,"max_hp_per_floor":[68,68,68,68,68,68,68,68,68,68,68,68,68,68,68,73,73,73,73,73,73,73,73,73,73,73,73,73,73,73],"card_choices":[{"not_picked":["Leap","Hologram"],"picked":"Gash","floor":1.0},{"not_picked":["Hello World","Sunder"],"picked":"Genetic Algorithm","floor":2.0},{"not_picked":["Glacier","White Noise","Reinforced Body"],"picked":"SKIP","floor":3.0},{"not_picked":["Redo","Darkness"],"picked":"Rebound","floor":4},{"not_picked":["Steam","Sweeping Beam"],"picked":"Genetic Algorithm","floor":5},{"not_picked":["Go for the Eyes","Conserve Battery"],"picked":"Streamline","floor":8},{"not_picked":["Sweeping Beam","Turbo"],"picked":"Defragment","floor":10},{"not_picked":["Meteor Strike","Seek"],"picked":"Hyperbeam","floor":16},{"not_picked":["Compile Driver","Genetic Algorithm","Blizzard"],"picked":"SKIP","floor":18},{"not_picked":["Lockon+1","Cold Snap+1"],"picked":"Beam Cell+1","floor":21},{"not_picked":["Leap+1","Double Energy+1"],"picked":"Fusion+1","floor":25},{"not_picked":["Fusion+1","Redo+1"],"picked":"BootSequence+1","floor":27},{"not_picked":["Capacitor","Barrage+1"],"picked":"Redo+1","floor":28},{"not_picked":["Recycle+1","Streamline+1"],"picked":"Core Surge+1","floor":29}],"player_experience":566637,"relics_obtained":[{"floor":9,"key":"Dream Catcher"},{"floor":26,"key":"Juzu Bracelet"}],"event_choices":[{"event_name":"The Lab","player_choice":"Got Potions","floor":7,"damage_taken":0},{"event_name":"Golden Wing","player_choice":"Card Removal","floor":12,"damage_taken":0},{"event_name":"Golden Idol","player_choice":"Take Damage","floor":14,"damage_taken":0},{"event_name":"Upgrade Shrine","player_choice":"Upgraded","floor":20,"damage_taken":0},{"event_name":"The Mausoleum","player_choice":"Yes","floor":22,"damage_taken":0}],"boss_relics":[{"not_picked":["Empty Cage","Busted Crown"],"picked":"Nuclear Battery"}],"items_purged_floors":[19],"is_endless":false,"potions_floor_spawned":[2,4,8,10,21,24],"ascension_level":0}