{"gold_per_floor":[113,188,188,206,206,206,249,261,273,329,341,387,423,453,465,600,612,648,685,697,327,327,327,352,371,371,102,102,102,102],"floor_reached":30,"playtime":1822,"items_purged":[],"score":295,"play_id":"69497ea8-e01f-4110-8886-537de041141f","local_time":"20190520001318","is_ascension_mode":true,"campfire_choices":[{"data":"1","floor":6.0,"key":"LIFT"},{"floor":8.0,"key":"REST"},{"floor":11.0,"key":"REST"},{"data":"2","floor":15.0,"key":"LIFT"},{"floor":23.0,"key":"REST"}],"neow_cost":"NONE","seed_source_timestamp":398433685135194,"circlet_count":0,"master_deck":["Defend_G","Defend_G","Defend_G","Defend_G","Defend_G","Strike_G","Strike_G","Survivor","Neutralize+1","Predator+1","Choke+1","Prepared+1","Calculated Gamble","Well Laid Plans","Underhanded Strike","Backflip","Flying Knee","Outmaneuver","After Image","Backstab","Infinite Blades","Apotheosis","RitualDagger+1","Underhanded Strike+1","Escape Plan","Finesse","Dodge and Roll","Writhe"],"special_seed":0,"relics":["Astrolabe","Girya","Golden Idol","MawBank","Pen Nib","Pantograph","Bag of Preparation","WristBlade","Potion Belt","Whetstone","Juzu Bracelet","Smiling Mask"],"potions_floor_usage":[],"damage_taken":[{"damage":0.0,"enemies":"Small Slimes","floor":1.0,"turns":2.0},{"damage":0.0,"enemies":"Jaw Worm","floor":4.0,"turns":3.0},{"damage":22.0,"enemies":"Lagavulin","floor":7.0,"turns":6.0},{"damage":5.0,"enemies":"3 Sentries","floor":10.0,"turns":2.0},{"damage":17.0,"enemies":"Lagavulin","floor":12.0,"turns":8.0},{"damage":0.0,"enemies":"Cultist","floor":13.0,"turns":2.0},{"damage":0.0,"enemies":"Looter","floor":14.0,"turns":2.0},{"damage":30.0,"enemies":"Hexaghost","floor":16.0,"turns":8.0},{"damage":11.0,"enemies":"Chosen","floor":18.0,"turns":5.0},{"damage":6.0,"enemies":"Spheric Guardian","floor":19.0,"turns":3.0},{"damage":40.0,"enemies":"Centurion and Healer","floor":24.0,"turns":4.0},{"damage":12,"enemies":"Snecko","floor":25,"turns":4},{"damage":24,"enemies":"Chosen and Byrds","floor":30,"turns":4}],"seed_played":"-5812518330637186582","potions_obtained":[{"floor":1.0,"key":"Regen Potion"},{"floor":4.0,"key":"SkillPotion"},{"floor":10.0,"key":"SteroidPotion"},{"floor":13.0,"key":"Regen Potion"},{"floor":18.0,"key":"LiquidBronze"}],"is_trial":false,"path_per_floor":["M","?","T","M","?","R","E","R","T","E","R","E","M","M","R","B",null,"M","M","?","$","?","R","M","M","T","$","?","?","M"],"character_chosen":"THE_SILENT","items_purchased":["Infinite Blades","Apotheosis","Potion Belt","Juzu Bracelet","Finesse","Dodge and Roll"],"campfire_rested":3,"item_purchase_floors":[21,21,21,27,27,27],"current_hp_per_floor":[70,59,59,59,42,42,20,41,41,41,62,45,45,45,45,46,70,59,53,53,53,47,68,28,16,16,16,16,16,0],"gold":102,"neow_bonus":"BOSS_RELIC","is_prod":false,"is_daily":false,"chose_seed":false,"campfire_upgraded":0,"win_rate":0,"timestamp":1558325598,"path_taken":["M","?","?","M","?","R","E","R","T","E","R","E","M","M","R","BOSS","M","M","?","$","?","R","M","M","T","$","?","?","M"],"build_version":"2019-01-23","purchased_purges":0,"victory":false,"max_hp_per_floor":[70,70,70,70,70,70,70,70,70,70,70,70,70,70,70,70,70,70,70,70,70,70,70,70,70,70,70,70,70,70],"card_choices":[{"not_picked":["Infinite Blades","Deflect"],"picked":"Calculated Gamble","floor":1.0},{"not_picked":["PiercingWail","Poisoned Stab"],"picked":"Well Laid Plans","floor":4.0},{"not_picked":["Deadly Poison","Bane"],"picked":"Underhanded Strike","floor":7.0},{"not_picked":["Setup","All Out Attack","Dodge and Roll"],"picked":"SKIP","floor":10.0},{"not_picked":["Unload","Cloak And Dagger"],"picked":"Backflip","floor":12.0},{"not_picked":["Poisoned Stab","PiercingWail"],"picked":"Flying Knee","floor":13.0},{"not_picked":["Leg Sweep","Sucker Punch"],"picked":"Outmaneuver","floor":14.0},{"not_picked":["Venomology","Envenom"],"picked":"After Image","floor":16.0},{"not_picked":["Backflip","Acrobatics"],"picked":"Backstab","floor":18.0},{"not_picked":["Bane+1","Flechettes","Sucker Punch"],"picked":"SKIP","floor":19.0},{"not_picked":["Flying Knee","Backstab"],"picked":"Underhanded Strike+1","floor":24.0},{"not_picked":["Prepared","Dodge and Roll"],"picked":"Escape Plan","floor":25}],"player_experience":255127,"relics_obtained":[{"floor":3.0,"key":"Girya"},{"floor":7.0,"key":"MawBank"},{"floor":9.0,"key":"Pen Nib"},{"floor":10.0,"key":"Pantograph"},{"floor":12.0,"key":"Bag of Preparation"},{"floor":26,"key":"Whetstone"}],"event_choices":[{"damage_healed":0.0,"max_hp_gain":0.0,"max_hp_loss":0.0,"gold_gain":75.0,"event_name":"World of Goop","player_choice":"Gather Gold","floor":2.0,"gold_loss":0.0,"damage_taken":11.0},{"damage_healed":0.0,"max_hp_gain":0.0,"max_hp_loss":0.0,"gold_gain":0.0,"event_name":"Golden Idol","player_choice":"Take Damage","floor":5.0,"gold_loss":0.0,"damage_taken":17.0,"relics_obtained":["Golden Idol"]},{"damage_healed":0.0,"max_hp_gain":0.0,"max_hp_loss":0.0,"gold_gain":0.0,"event_name":"Ghosts","player_choice":"Ignored","floor":20.0,"gold_loss":0.0,"damage_taken":0.0},{"damage_healed":0.0,"max_hp_gain":0.0,"max_hp_loss":0.0,"gold_gain":0.0,"event_name":"Nest","player_choice":"Joined the Cult","floor":22.0,"gold_loss":0.0,"damage_taken":6.0,"cards_obtained":["RitualDagger"]},{"damage_healed":0,"gold_gain":0,"player_choice":"Ignored","damage_taken":0,"max_hp_gain":0,"max_hp_loss":0,"event_name":"Vampires","floor":28,"gold_loss":0},{"damage_healed":0,"gold_gain":0,"player_choice":"Opened","damage_taken":0,"relics_obtained":["Smiling Mask"],"max_hp_gain":0,"max_hp_loss":0,"event_name":"The Mausoleum","floor":29,"gold_loss":0,"cards_obtained":["Writhe"]}],"is_beta":false,"boss_relics":[{"not_picked":["Coffee Dripper","Busted Crown"],"picked":"WristBlade"}],"items_purged_floors":[],"is_endless":false,"potions_floor_spawned":[1,4,10,13,18],"killed_by":"Chosen and Byrds","ascension_level":4}