{"gold_per_floor":[116,116,129,144,156,156,183,202,270,303,303,317,329,390,390,490,490,505,199,298,165,184,197,223,223,223,223,240,255,266,266,266,362,362,377,392,42,42,60,91,106,106,132,152,177,177,126,0,0,0,0,0,0,26,26],"floor_reached":56,"playtime":2867,"items_purged":[],"score":1236,"play_id":"da532b59-5150-49e8-9ee9-f78bf741d96b","local_time":"20190728162312","is_ascension_mode":false,"campfire_choices":[{"data":"Shockwave","floor":6.0,"key":"SMITH"},{"data":"Feed","floor":11.0,"key":"SMITH"},{"data":"Perfected Strike","floor":15.0,"key":"SMITH"},{"data":"Demon Form","floor":25.0,"key":"SMITH"},{"floor":27.0,"key":"REST"},{"floor":32.0,"key":"RECALL"},{"floor":46.0,"key":"REST"},{"data":"Impervious","floor":49.0,"key":"SMITH"},{"data":"Uppercut","floor":52.0,"key":"SMITH"}],"neow_cost":"NONE","seed_source_timestamp":3861047204436976,"circlet_count":0,"master_deck":["Strike_R+1","Strike_R","Strike_R","Strike_R+1","Strike_R","Defend_R","Defend_R","Defend_R","Defend_R","Bash","Shrug It Off","Shockwave+1","Perfected Strike+1","Feed+1","Spot Weakness","Uppercut+1","Demon Form+1","Armaments","Pommel Strike+1","Pummel+1","Armaments+1","Pommel Strike+1","Impervious+1","Shrug It Off+1","Parasite","Pummel+1","Heavy Blade+1","Barricade"],"special_seed":0,"relics":["Burning Blood","Nunchaku","Mercury Hourglass","Ginger","Oddly Smooth Stone","Snecko Eye","Pear","Dodecahedron","Molten Egg 2","Sozu","Whetstone","MealTicket","Kunai","Strawberry","Pen Nib","Red Mask","Ornamental Fan"],"potions_floor_usage":[55,55,55],"damage_taken":[{"damage":9.0,"enemies":"2 Louse","floor":1.0,"turns":4.0},{"damage":3.0,"enemies":"Cultist","floor":3.0,"turns":5.0},{"damage":3.0,"enemies":"Jaw Worm","floor":4.0,"turns":5.0},{"damage":4.0,"enemies":"Looter","floor":5.0,"turns":5.0},{"damage":10.0,"enemies":"Gremlin Nob","floor":7.0,"turns":3.0},{"damage":2.0,"enemies":"3 Louse","floor":8.0,"turns":4.0},{"damage":36.0,"enemies":"Lagavulin","floor":10.0,"turns":5.0},{"damage":13.0,"enemies":"Gremlin Gang","floor":12.0,"turns":4.0},{"damage":7.0,"enemies":"Looter","floor":13.0,"turns":2.0},{"damage":21.0,"enemies":"3 Sentries","floor":14.0,"turns":5.0},{"damage":51.0,"enemies":"The Guardian","floor":16.0,"turns":9.0},{"damage":17.0,"enemies":"Shell Parasite","floor":18.0,"turns":4.0},{"damage":56.0,"enemies":"3 Byrds","floor":22.0,"turns":5.0},{"damage":17.0,"enemies":"Centurion and Healer","floor":23.0,"turns":4.0},{"damage":18.0,"enemies":"Gremlin Leader","floor":24.0,"turns":4.0},{"damage":2.0,"enemies":"Snecko","floor":28.0,"turns":5.0},{"damage":19.0,"enemies":"Cultist and Chosen","floor":29.0,"turns":5.0},{"damage":5.0,"enemies":"Shelled Parasite and Fungi","floor":30.0,"turns":3.0},{"damage":79.0,"enemies":"Automaton","floor":33.0,"turns":10.0},{"damage":4.0,"enemies":"3 Shapes","floor":35.0,"turns":3.0},{"damage":5.0,"enemies":"Orb Walker","floor":36.0,"turns":2.0},{"damage":0.0,"enemies":"Writhing Mass","floor":39.0,"turns":4.0},{"damage":88.0,"enemies":"Reptomancer","floor":40.0,"turns":9.0},{"damage":7.0,"enemies":"3 Darklings","floor":41.0,"turns":4.0},{"damage":0.0,"enemies":"Transient","floor":44.0,"turns":5.0},{"damage":14.0,"enemies":"Donu and Deca","floor":50.0,"turns":7.0},{"damage":40,"enemies":"Shield and Spear","floor":54,"turns":6},{"damage":63,"enemies":"The Heart","floor":55,"turns":7}],"seed_played":"2248514662392365707","potions_obtained":[{"floor":2.0,"key":"SteroidPotion"},{"floor":2.0,"key":"Weak Potion"},{"floor":2.0,"key":"Fire Potion"},{"floor":3.0,"key":"BloodPotion"},{"floor":8.0,"key":"Regen Potion"},{"floor":10.0,"key":"Dexterity Potion"},{"floor":12.0,"key":"Regen Potion"},{"floor":22.0,"key":"Block Potion"},{"floor":24.0,"key":"Ancient Potion"},{"floor":28.0,"key":"LiquidBronze"},{"floor":33.0,"key":"Swift Potion"}],"is_trial":false,"path_per_floor":["M","?","M","M","M","R","E","M","T","E","R","M","M","?","R","B",null,"M","$","?","?","M","M","E","R","T","R","M","M","M","?","R","B",null,"M","M","$","?","M","E","M","?","T","M","T","R","$","?","R","B",null,"R","$","E","B",null],"character_chosen":"IRONCLAD","items_purchased":["Armaments","Pear","Whetstone","MealTicket","Heavy Blade+1"],"campfire_rested":2,"item_purchase_floors":[19,19,37,37,47],"current_hp_per_floor":[85,85,88,88,88,88,84,88,88,58,58,55,58,81,81,40,104,97,107,107,107,90,83,71,71,71,108,116,107,112,82,82,9,143,147,151,151,151,151,69,72,136,143,143,143,143,143,143,143,139,147,147,147,113,56],"gold":26,"neow_bonus":"TEN_PERCENT_HP_BONUS","is_prod":false,"is_daily":false,"chose_seed":false,"campfire_upgraded":6,"win_rate":0,"timestamp":1564345392,"path_taken":["M","?","M","M","?","R","E","M","T","E","R","M","M","?","R","BOSS","M","$","?","?","M","?","E","R","T","R","M","M","M","?","R","BOSS","M","M","$","?","?","E","M","?","T","M","?","R","?","?","R","BOSS","R","$","E","BOSS"],"build_version":"2019-07-17","purchased_purges":0,"victory":true,"max_hp_per_floor":[88,88,88,88,88,88,88,88,88,88,88,92,96,100,100,104,104,108,118,118,118,122,126,126,126,126,126,130,134,138,143,143,143,143,147,151,151,151,151,151,155,136,143,143,143,143,143,143,143,147,147,147,147,147,147],"card_choices":[{"not_picked":["True Grit","Flex","Fire Breathing"],"picked":"SKIP","floor":1.0},{"not_picked":["Cleave","Clothesline","Pommel Strike"],"picked":"SKIP","floor":3.0},{"not_picked":["Warcry","Pummel"],"picked":"Shrug It Off","floor":4.0},{"not_picked":["Combust","Fire Breathing"],"picked":"Shockwave","floor":5.0},{"not_picked":["Thunderclap","Pommel Strike"],"picked":"Perfected Strike","floor":7.0},{"not_picked":["Combust","Heavy Blade","Ghostly Armor"],"picked":"SKIP","floor":8.0},{"not_picked":["Power Through","Battle Trance"],"picked":"Feed","floor":10.0},{"not_picked":["Flex","Combust"],"picked":"Spot Weakness","floor":12.0},{"not_picked":["Warcry","Sever Soul","Combust"],"picked":"SKIP","floor":13.0},{"not_picked":["Sever Soul","Blood for Blood"],"picked":"Uppercut","floor":14.0},{"not_picked":["Fiend Fire","Berserk"],"picked":"Demon Form","floor":16.0},{"not_picked":["Uppercut","Spot Weakness","Havoc"],"picked":"SKIP","floor":18.0},{"not_picked":["Anger","Uppercut"],"picked":"Pommel Strike+1","floor":22.0},{"not_picked":["Flex","Cleave"],"picked":"Pummel+1","floor":23.0},{"not_picked":["Feel No Pain","Seeing Red"],"picked":"Armaments+1","floor":24.0},{"not_picked":["Headbutt+1","Inflame"],"picked":"Pommel Strike+1","floor":28.0},{"not_picked":["Blood for Blood+1","Thunderclap+1","Body Slam+1"],"picked":"SKIP","floor":29.0},{"not_picked":["Evolve+1","Ghostly Armor","Barricade"],"picked":"SKIP","floor":30.0},{"not_picked":["Barricade","Demon Form"],"picked":"Impervious","floor":33.0},{"not_picked":["Ghostly Armor","Body Slam+1","Intimidate"],"picked":"SKIP","floor":35.0},{"not_picked":["Seeing Red+1","Anger+1"],"picked":"Shrug It Off+1","floor":36.0},{"not_picked":["Infernal Blade+1","Wild Strike+1","Sword Boomerang+1"],"picked":"SKIP","floor":39.0},{"not_picked":["Infernal Blade+1","Wild Strike+1","Sword Boomerang+1"],"picked":"SKIP","floor":39.0},{"not_picked":["Infernal Blade+1","Wild Strike+1","Sword Boomerang+1"],"picked":"SKIP","floor":39.0},{"not_picked":["Clash+1","Thunderclap+1","True Grit"],"picked":"SKIP","floor":40.0},{"not_picked":["Dark Embrace","Clash+1"],"picked":"Pummel+1","floor":41.0},{"not_picked":["Intimidate","Sword Boomerang+1","Spot Weakness"],"picked":"SKIP","floor":44.0},{"not_picked":["Body Slam+1","Headbutt+1"],"picked":"Barricade","floor":54}],"player_experience":494072,"relics_obtained":[{"floor":7.0,"key":"Nunchaku"},{"floor":9.0,"key":"Mercury Hourglass"},{"floor":10.0,"key":"Ginger"},{"floor":24.0,"key":"Molten Egg 2"},{"floor":40.0,"key":"Kunai"},{"floor":43.0,"key":"Strawberry"},{"floor":45.0,"key":"Pen Nib"},{"floor":54,"key":"Ornamental Fan"}],"event_choices":[{"damage_healed":0.0,"max_hp_gain":0.0,"max_hp_loss":0.0,"gold_gain":0.0,"event_name":"Lab","player_choice":"Got Potions","floor":2.0,"gold_loss":0.0,"damage_taken":0.0},{"damage_healed":0.0,"max_hp_gain":0.0,"max_hp_loss":0.0,"gold_gain":0.0,"event_name":"Dead Adventurer","player_choice":"Searched \u00273\u0027 times","floor":14.0,"gold_loss":0.0,"damage_taken":0.0,"relics_obtained":["Oddly Smooth Stone"]},{"damage_healed":0.0,"max_hp_gain":0.0,"max_hp_loss":0.0,"gold_gain":99.0,"event_name":"Nest","player_choice":"Stole From Cult","floor":20.0,"gold_loss":0.0,"damage_taken":0.0},{"damage_healed":0.0,"max_hp_gain":0.0,"max_hp_loss":0.0,"gold_gain":0.0,"event_name":"WeMeetAgain","player_choice":"Paid Gold","floor":21.0,"gold_loss":133.0,"damage_taken":0.0,"relics_obtained":["Dodecahedron"]},{"damage_healed":0.0,"max_hp_gain":5.0,"max_hp_loss":0.0,"gold_gain":0.0,"event_name":"Forgotten Altar","player_choice":"Shed Blood","floor":31.0,"gold_loss":0.0,"damage_taken":35.0},{"damage_healed":0.0,"max_hp_gain":0.0,"max_hp_loss":0.0,"gold_gain":0.0,"event_name":"NoteForYourself","player_choice":"Ignored","floor":38.0,"gold_loss":0.0,"damage_taken":0.0},{"damage_healed":136.0,"max_hp_gain":0.0,"max_hp_loss":19.0,"gold_gain":0.0,"event_name":"The Moai Head","player_choice":"Heal","floor":42.0,"gold_loss":0.0,"damage_taken":0.0},{"damage_healed":0.0,"max_hp_gain":0.0,"max_hp_loss":0.0,"gold_gain":0.0,"event_name":"Tomb of Lord Red Mask","player_choice":"Paid","floor":48.0,"gold_loss":126.0,"damage_taken":0.0,"relics_obtained":["Red Mask"]}],"is_beta":false,"boss_relics":[{"not_picked":["Tiny House","Fusion Hammer"],"picked":"Snecko Eye"},{"not_picked":["Eternal Feather","Coffee Dripper"],"picked":"Sozu"}],"items_purged_floors":[],"is_endless":false,"potions_floor_spawned":[3,8,10,12,13,22,24,28,33,35,36,41,54],"ascension_level":0}