{"gold_per_floor":[17,17,30,44,54,54,127,153,228,247,260,273,273,285,285,386,386,398,416,430,24,24,50,50,50,50,64,64,77,44,60,60,157,157,172,172,191,191,141,141,154,154,177,188,204,204,215,226,226,226],"floor_reached":51,"playtime":2300,"items_purged":["Decay"],"score":727,"play_id":"0805c3c9-f84f-4355-989a-887b0d7da3f0","local_time":"20180815220237","is_ascension_mode":false,"campfire_choices":[{"data":"Carnage","floor":6,"key":"SMITH"},{"floor":13,"key":"REST"},{"data":"Perfected Strike","floor":15,"key":"SMITH"},{"floor":24,"key":"REST"},{"data":"Apotheosis","floor":28,"key":"SMITH"},{"floor":32,"key":"REST"},{"floor":40,"key":"REST"},{"data":"Limit Break","floor":42,"key":"SMITH"},{"floor":46,"key":"REST"},{"floor":49,"key":"REST"}],"neow_cost":"NO_GOLD","seed_source_timestamp":76967367117196,"circlet_count":0,"master_deck":["Strike_R","Strike_R","Strike_R","Strike_R","Strike_R","Defend_R","Defend_R","Defend_R","Defend_R","Bash","Brutality","Cleave","Carnage+1","Perfected Strike+1","Iron Wave","Pommel Strike","Pummel","Seeing Red","Thunderclap","Battle Trance+1","Cleave+1","Apotheosis+1","Flex","Anger","Pommel Strike","Uppercut","Spot Weakness","Perfected Strike+1","Limit Break+1","Ghostly Armor","Clothesline+1","Dark Shackles","Magnetism","Disarm+1","Anger","Flex+1","Anger+1","Anger+1"],"relics":["Burning Blood","Darkstone Periapt","Ancient Tea Set","Smiling Mask","Velvet Choker","Lantern","Bottled Tornado","Bag of Marbles","Potion Belt","Black Star","Pen Nib"],"potions_floor_usage":[8,16,20,27,33,41,50,50,50],"damage_taken":[{"damage":12,"enemies":"Jaw Worm","floor":1,"turns":4},{"damage":3,"enemies":"Cultist","floor":3,"turns":3},{"damage":10,"enemies":"Small Slimes","floor":4,"turns":3},{"damage":21,"enemies":"Blue Slaver","floor":5,"turns":5},{"damage":26,"enemies":"Lagavulin","floor":8,"turns":5},{"damage":6,"enemies":"3 Louse","floor":10,"turns":2},{"damage":5,"enemies":"Looter","floor":11,"turns":3},{"damage":21,"enemies":"Exordium Thugs","floor":12,"turns":3},{"damage":0,"enemies":"Blue Slaver","floor":14,"turns":1},{"damage":25,"enemies":"Slime Boss","floor":16,"turns":10},{"damage":12,"enemies":"Spheric Guardian","floor":18,"turns":3},{"damage":22,"enemies":"Shell Parasite","floor":19,"turns":5},{"damage":9,"enemies":"Cultist and Chosen","floor":20,"turns":4},{"damage":4,"enemies":"Gremlin Leader","floor":23,"turns":7},{"damage":15,"enemies":"Snecko","floor":27,"turns":3},{"damage":22,"enemies":"Snake Plant","floor":29,"turns":2},{"damage":7,"enemies":"Cultist and Chosen","floor":31,"turns":3},{"damage":41,"enemies":"Automaton","floor":33,"turns":6},{"damage":27,"enemies":"3 Darklings","floor":35,"turns":3},{"damage":19,"enemies":"3 Shapes","floor":37,"turns":4},{"damage":4,"enemies":"Transient","floor":41,"turns":5},{"damage":40,"enemies":"3 Darklings","floor":44,"turns":6},{"damage":30,"enemies":"Spire Growth","floor":45,"turns":4},{"damage":15,"enemies":"Transient","floor":47,"turns":5},{"damage":18,"enemies":"Sphere and 2 Shapes","floor":48,"turns":3},{"damage":57,"enemies":"Time Eater","floor":50,"turns":7}],"seed_played":"-5437821313066797007","potions_obtained":[{"floor":3,"key":"SpeedPotion"},{"floor":5,"key":"LiquidBronze"},{"floor":8,"key":"Energy Potion"},{"floor":11,"key":"SkillPotion"},{"floor":12,"key":"Block Potion"},{"floor":16,"key":"FearPotion"},{"floor":19,"key":"BloodPotion"},{"floor":23,"key":"AttackPotion"},{"floor":27,"key":"Energy Potion"},{"floor":37,"key":"Strength Potion"},{"floor":44,"key":"Explosive Potion"},{"floor":45,"key":"SteroidPotion"}],"is_trial":false,"path_per_floor":["M","?","M","M","M","R","T","E","T","M","M","M","R","M","R","B",null,"M","M","M","$","?","E","R","?","T","M","R","M","$","M","R","B",null,"M","?","M","?","$","R","M","R","T","M","M","R","M","M","R","B"],"character_chosen":"IRONCLAD","items_purchased":["Apotheosis","Flex","Lantern","Anger","Spot Weakness"],"campfire_rested":6,"item_purchase_floors":[21,21,21,21,30],"current_hp_per_floor":[74,79,82,78,63,63,63,43,43,43,44,29,54,60,60,41,85,79,63,60,60,60,62,85,85,85,76,76,60,60,59,84,49,85,64,70,57,52,52,79,81,81,81,47,23,50,41,29,56,14],"gold":226,"neow_bonus":"THREE_RARE_CARDS","is_prod":false,"is_daily":false,"chose_seed":false,"campfire_upgraded":4,"win_rate":0,"timestamp":1534384957,"path_taken":["M","?","?","M","M","R","?","E","T","M","M","M","R","M","R","BOSS","M","M","?","$","?","E","R","?","T","M","R","M","$","M","R","BOSS","M","?","M","?","$","R","?","R","T","?","M","R","M","M","R","BOSS"],"build_version":"2018-08-09","purchased_purges":1,"victory":true,"max_hp_per_floor":[80,85,85,85,85,85,85,85,85,85,85,85,85,85,85,85,85,85,85,85,85,85,85,85,85,85,85,85,85,85,85,85,85,85,85,91,91,91,91,91,91,91,91,91,91,91,91,91,91,91],"card_choices":[{"not_picked":["Offering","Impervious"],"picked":"Brutality","floor":0},{"not_picked":["Warcry","Shrug It Off"],"picked":"Cleave","floor":1},{"not_picked":["Ghostly Armor","Anger"],"picked":"Carnage","floor":3},{"not_picked":["Warcry","Body Slam"],"picked":"Perfected Strike","floor":4},{"not_picked":["Cleave","Reckless Charge"],"picked":"Iron Wave","floor":5},{"not_picked":["Wild Strike","Iron Wave"],"picked":"Pommel Strike","floor":8},{"not_picked":["Havoc","Berserk","Dual Wield"],"picked":"SKIP","floor":10},{"not_picked":["Rage","Infernal Blade"],"picked":"Pummel","floor":11},{"not_picked":["Spot Weakness","Warcry"],"picked":"Seeing Red","floor":12},{"not_picked":["True Grit","Heavy Blade","Power Through"],"picked":"SKIP","floor":14},{"not_picked":["Clothesline","Armaments"],"picked":"Thunderclap","floor":18},{"not_picked":["Cleave","Uppercut"],"picked":"Battle Trance+1","floor":19},{"not_picked":["Metallicize","Inflame"],"picked":"Cleave+1","floor":20},{"not_picked":["Carnage","Evolve"],"picked":"Pommel Strike","floor":23},{"not_picked":["Infernal Blade+1","True Grit+1"],"picked":"Uppercut","floor":27},{"not_picked":["Exhume","Thunderclap","Iron Wave"],"picked":"SKIP","floor":29},{"not_picked":["Warcry","Armaments"],"picked":"Perfected Strike+1","floor":31},{"not_picked":["Brutality","Barricade"],"picked":"Limit Break","floor":33},{"not_picked":["Shockwave+1","Clash"],"picked":"Ghostly Armor","floor":35},{"not_picked":["Bloodletting+1","Disarm"],"picked":"Clothesline+1","floor":37},{"not_picked":["Good Instincts","Enlightenment"],"picked":"Dark Shackles","floor":38},{"not_picked":["Good Instincts","Finesse"],"picked":"Magnetism","floor":38},{"not_picked":["Body Slam+1","Combust"],"picked":"Disarm+1","floor":41},{"not_picked":["Battle Trance","Disarm"],"picked":"Anger","floor":44},{"not_picked":["Sword Boomerang","Body Slam"],"picked":"Flex+1","floor":45},{"not_picked":["Body Slam+1","Flex"],"picked":"Anger+1","floor":47},{"not_picked":["Sword Boomerang","Body Slam"],"picked":"Anger+1","floor":48}],"player_experience":132874,"relics_obtained":[{"floor":7,"key":"Darkstone Periapt"},{"floor":8,"key":"Ancient Tea Set"},{"floor":9,"key":"Smiling Mask"},{"floor":23,"key":"Bottled Tornado"},{"floor":26,"key":"Potion Belt"},{"floor":43,"key":"Pen Nib"}],"event_choices":[{"event_name":"Big Fish","player_choice":"Donut","floor":2,"damage_taken":0},{"event_name":"Addict","player_choice":"Ignored","floor":22,"damage_taken":0},{"event_name":"The Mausoleum","player_choice":"Yes","floor":25,"damage_taken":0},{"event_name":"Wheel of Change","player_choice":"Curse","floor":36,"damage_taken":0},{"event_name":"SensoryStone","player_choice":"Memory 2","floor":38,"damage_taken":0}],"is_beta":false,"boss_relics":[{"not_picked":["Coffee Dripper","Mark of Pain"],"picked":"Velvet Choker"},{"not_picked":["Busted Crown","Lizard Tail"],"picked":"Black Star"}],"items_purged_floors":[39],"is_endless":false,"potions_floor_spawned":[3,5,8,11,12,16,18,19,23,27,37,44,45],"ascension_level":0}