{"gold_per_floor":[113,113,113,132,132,165,183,183,183,256,44,9,9,47,47,145,145,130,149,149,170,25,56,56,0,73,73,73,113,134,153,153,252,252,275,299,299,1298,1298,1298,1352,253,304,348,373,187,210,224,224,224],"floor_reached":51,"playtime":3148,"items_purged":["Normality","Normality"],"score":1477,"play_id":"b23f7578-e6c0-4666-9e4c-d3acd8ba268e","local_time":"20190910095500","is_ascension_mode":true,"campfire_choices":[{"data":"Disarm","floor":8.0,"key":"SMITH"},{"floor":13.0,"key":"REST"},{"data":"True Grit","floor":15.0,"key":"SMITH"},{"floor":28.0,"key":"REST"},{"floor":32.0,"key":"REST"},{"floor":40.0,"key":"REST"},{"floor":49,"key":"RECALL"}],"neow_cost":"NONE","seed_source_timestamp":394564129629900,"circlet_count":0,"master_deck":["AscendersBane","Defend_R+1","Defend_R+1","Bash","Disarm+1","Twin Strike","Impervious","Shockwave+1","Dropkick","Corruption","True Grit+1","Anger","Demon Form","Juggernaut","Cleave","Sword Boomerang+1","Shrug It Off","Power Through","Impervious","Bite","Bite","Bite","Bite","Combust","Offering","Evolve+1","Reaper+1","Mayhem+1","Apotheosis","Feel No Pain","Battle Trance"],"special_seed":0,"relics":["Burning Blood","NeowsBlessing","Golden Idol","Nunchaku","Ice Cream","Tiny Chest","PreservedInsect","Fusion Hammer","Darkstone Periapt","Singing Bowl","Blood Vial","Turnip","Astrolabe","Red Skull","Lee\u0027s Waffle","Gremlin Horn","Orichalcum","Lantern","Kunai"],"potions_floor_usage":[45,50,50,50,50],"damage_taken":[{"damage":0.0,"enemies":"2 Louse","floor":1.0,"turns":1.0},{"damage":0.0,"enemies":"Jaw Worm","floor":4.0,"turns":1.0},{"damage":0.0,"enemies":"3 Sentries","floor":6.0,"turns":1.0},{"damage":0.0,"enemies":"Small Slimes","floor":7.0,"turns":4.0},{"damage":40.0,"enemies":"Gremlin Nob","floor":10.0,"turns":5.0},{"damage":28.0,"enemies":"Lagavulin","floor":14.0,"turns":8.0},{"damage":7.0,"enemies":"Hexaghost","floor":16.0,"turns":9.0},{"damage":8.0,"enemies":"2 Thieves","floor":18.0,"turns":4.0},{"damage":27.0,"enemies":"3 Byrds","floor":19.0,"turns":5.0},{"damage":18.0,"enemies":"Snake Plant","floor":21.0,"turns":5.0},{"damage":9.0,"enemies":"Slavers","floor":23.0,"turns":5.0},{"damage":7.0,"enemies":"Gremlin Leader","floor":29.0,"turns":6.0},{"damage":24.0,"enemies":"Shelled Parasite and Fungi","floor":30.0,"turns":4.0},{"damage":25.0,"enemies":"3 Cultists","floor":31.0,"turns":5.0},{"damage":65.0,"enemies":"Collector","floor":33.0,"turns":12.0},{"damage":46.0,"enemies":"3 Darklings","floor":35.0,"turns":5.0},{"damage":29.0,"enemies":"Orb Walker","floor":36.0,"turns":6.0},{"damage":18.0,"enemies":"Nemesis","floor":44.0,"turns":5.0},{"damage":42,"enemies":"Transient","floor":45,"turns":6},{"damage":31,"enemies":"Jaw Worm Horde","floor":47,"turns":5},{"damage":3,"enemies":"Sphere and 2 Shapes","floor":48,"turns":6},{"damage":84,"enemies":"Awakened One","floor":50,"turns":12}],"seed_played":"-9160268816837123077","potions_obtained":[{"floor":1.0,"key":"EssenceOfSteel"},{"floor":7.0,"key":"Weak Potion"},{"floor":14.0,"key":"Fruit Juice"},{"floor":16.0,"key":"Strength Potion"},{"floor":29.0,"key":"Weak Potion"},{"floor":30.0,"key":"FearPotion"},{"floor":33.0,"key":"Block Potion"},{"floor":44.0,"key":"Strength Potion"},{"floor":45,"key":"EntropicBrew"}],"is_trial":false,"path_per_floor":["M","?","?","M","?","E","M","R","T","E","$","?","R","E","R","B",null,"M","M","?","M","$","E","?","?","T","T","R","E","M","M","R","B",null,"M","M","?","?","?","R","T","$","T","E","M","$","M","M","R","B",null],"character_chosen":"IRONCLAD","items_purchased":["Corruption","Dexterity Potion","True Grit","Anger","Power Through","Block Potion","Lee\u0027s Waffle","Apotheosis","Feel No Pain","Gremlin Horn","PowerPotion","Orichalcum","AttackPotion","Battle Trance"],"campfire_rested":4,"item_purchase_floors":[11,11,11,11,22,22,42,42,42,42,42,42,42,46],"current_hp_per_floor":[74,74,48,54,31,37,43,43,43,9,9,27,49,27,32,31,68,66,45,45,33,33,30,30,30,30,30,46,56,46,41,59,21,50,22,18,18,30,30,52,52,83,83,85,81,81,70,91,91,57],"gold":224,"neow_bonus":"THREE_ENEMY_KILL","is_prod":false,"is_daily":false,"chose_seed":false,"campfire_upgraded":2,"win_rate":0,"timestamp":1568134500,"path_taken":["M","?","?","M","?","E","M","R","T","E","$","?","R","E","R","BOSS","M","M","?","?","$","E","?","?","T","?","R","E","M","M","R","BOSS","M","M","?","?","?","R","?","$","T","E","M","?","M","?","R","BOSS"],"build_version":"2019-07-17","purchased_purges":2,"victory":true,"max_hp_per_floor":[75,75,75,75,75,75,75,75,75,75,75,75,75,75,80,80,80,80,80,80,80,80,80,56,56,56,56,56,56,58,60,60,60,60,62,64,64,76,76,76,76,83,83,85,87,87,89,91,91,91],"card_choices":[{"not_picked":["Havoc","Thunderclap"],"picked":"Disarm","floor":1.0},{"not_picked":["True Grit","Metallicize"],"picked":"Twin Strike","floor":4.0},{"not_picked":["Intimidate","Cleave"],"picked":"Impervious","floor":6.0},{"not_picked":["Dropkick","Shrug It Off"],"picked":"Shockwave","floor":7.0},{"not_picked":["Twin Strike","Havoc"],"picked":"Dropkick","floor":10.0},{"not_picked":["Clash","Evolve"],"picked":"Demon Form","floor":14.0},{"not_picked":["Double Tap","Barricade"],"picked":"Juggernaut","floor":16.0},{"not_picked":["Iron Wave+1","Havoc"],"picked":"Cleave","floor":18.0},{"not_picked":["Blood for Blood","Metallicize"],"picked":"Sword Boomerang+1","floor":19.0},{"not_picked":["Burning Pact","Flex"],"picked":"Shrug It Off","floor":21.0},{"not_picked":["Shrug It Off","Battle Trance"],"picked":"Impervious","floor":23.0},{"not_picked":["Hemokinesis+1","Cleave"],"picked":"Combust","floor":29.0},{"not_picked":["Perfected Strike","Wild Strike","Cleave"],"picked":"Singing Bowl","floor":30.0},{"not_picked":["Thunderclap","Sword Boomerang","Headbutt"],"picked":"Singing Bowl","floor":31.0},{"not_picked":["Exhume","Bludgeon"],"picked":"Offering","floor":33.0},{"not_picked":["Flex","Warcry","Wild Strike"],"picked":"Singing Bowl","floor":35.0},{"not_picked":["Twin Strike","Armaments","Warcry"],"picked":"Singing Bowl","floor":36.0},{"not_picked":["Shrug It Off","Infernal Blade+1","Intimidate"],"picked":"Singing Bowl","floor":44.0},{"not_picked":["Cleave","Warcry","Twin Strike"],"picked":"Singing Bowl","floor":45},{"not_picked":["Brutality","Intimidate","Shrug It Off"],"picked":"Singing Bowl","floor":47},{"not_picked":["True Grit","Searing Blow","Entrench"],"picked":"Singing Bowl","floor":48}],"player_experience":872671,"relics_obtained":[{"floor":6.0,"key":"Nunchaku"},{"floor":9.0,"key":"Ice Cream"},{"floor":10.0,"key":"Tiny Chest"},{"floor":14.0,"key":"PreservedInsect"},{"floor":23.0,"key":"Darkstone Periapt"},{"floor":26.0,"key":"Singing Bowl"},{"floor":27.0,"key":"Blood Vial"},{"floor":29.0,"key":"Turnip"},{"floor":41.0,"key":"Red Skull"},{"floor":43.0,"key":"Lantern"},{"floor":44.0,"key":"Kunai"}],"event_choices":[{"damage_healed":0.0,"max_hp_gain":0.0,"max_hp_loss":0.0,"gold_gain":0.0,"event_name":"Golden Wing","player_choice":"Ignored","floor":2.0,"gold_loss":0.0,"damage_taken":0.0},{"damage_healed":0.0,"max_hp_gain":0.0,"max_hp_loss":0.0,"gold_gain":0.0,"event_name":"Golden Idol","player_choice":"Take Damage","floor":3.0,"gold_loss":0.0,"damage_taken":26.0,"relics_obtained":["Golden Idol"]},{"damage_healed":0.0,"max_hp_gain":0.0,"max_hp_loss":0.0,"gold_gain":0.0,"event_name":"Shining Light","player_choice":"Entered Light","floor":5.0,"gold_loss":0.0,"damage_taken":23.0,"cards_upgraded":["Defend_R","Defend_R"]},{"damage_healed":18.0,"max_hp_gain":0.0,"max_hp_loss":0.0,"gold_gain":0.0,"event_name":"The Cleric","player_choice":"Healed","floor":12.0,"gold_loss":35.0,"damage_taken":0.0},{"damage_healed":0.0,"max_hp_gain":0.0,"max_hp_loss":0.0,"gold_gain":0.0,"event_name":"Upgrade Shrine","player_choice":"Upgraded","floor":20.0,"gold_loss":0.0,"damage_taken":0.0,"cards_upgraded":["Shockwave"]},{"damage_healed":0.0,"max_hp_gain":0.0,"max_hp_loss":24.0,"gold_gain":0.0,"event_name":"Vampires","player_choice":"Became a vampire","floor":24.0,"gold_loss":0.0,"damage_taken":0.0,"cards_obtained":["Bite","Bite","Bite","Bite","Bite"]},{"damage_healed":0.0,"max_hp_gain":0.0,"max_hp_loss":0.0,"gold_gain":0.0,"event_name":"Masked Bandits","player_choice":"Paid Fearfully","floor":25.0,"gold_loss":56.0,"damage_taken":0.0},{"damage_healed":0.0,"max_hp_gain":0.0,"max_hp_loss":0.0,"gold_gain":0.0,"event_name":"Mysterious Sphere","player_choice":"Ignored","floor":37.0,"gold_loss":0.0,"damage_taken":0.0},{"damage_healed":0.0,"max_hp_gain":0.0,"max_hp_loss":0.0,"gold_gain":999.0,"event_name":"MindBloom","player_choice":"Gold","floor":38.0,"gold_loss":0.0,"damage_taken":0.0,"cards_obtained":["Normality","Normality"]},{"damage_healed":0.0,"max_hp_gain":0.0,"max_hp_loss":0.0,"gold_gain":0.0,"event_name":"Tomb of Lord Red Mask","player_choice":"Ignored","floor":39.0,"gold_loss":0.0,"damage_taken":0.0}],"is_beta":false,"boss_relics":[{"not_picked":["Orrery","Black Blood"],"picked":"Fusion Hammer"},{"not_picked":["Philosopher\u0027s Stone","Cursed Key"],"picked":"Astrolabe"}],"items_purged_floors":[42,46],"is_endless":false,"potions_floor_spawned":[1,7,14,16,23,29,30,33,44,45],"ascension_level":19}