{"gold_per_floor":[210,210,99,99,120,120,120,134,181,202,202,233,121,121,121,121],"floor_reached":16,"playtime":982,"items_purged":[],"score":186,"play_id":"fb444e1d-ebb2-446e-8788-821a1757df6d","local_time":"20190819215010","is_ascension_mode":true,"campfire_choices":[{"floor":6,"key":"REST"},{"data":"True Grit","floor":11,"key":"SMITH"},{"floor":15,"key":"REST"}],"neow_cost":"NONE","seed_source_timestamp":33323674907694,"circlet_count":0,"master_deck":["AscendersBane","Strike_R","Strike_R","Strike_R","Strike_R","Defend_R+1","Defend_R","Defend_R+1","Defend_R","Bash","Havoc","Flame Barrier","Clothesline","Spot Weakness","Combust","True Grit+1","Pommel Strike","Feel No Pain","Sentinel"],"relics":["Burning Blood","Golden Idol","Art of War","MawBank","CultistMask"],"potions_floor_usage":[10,12,16],"damage_taken":[{"damage":16,"enemies":"Jaw Worm","floor":1,"turns":5},{"damage":3,"enemies":"Small Slimes","floor":5,"turns":4},{"damage":4,"enemies":"2 Louse","floor":8,"turns":3},{"damage":4,"enemies":"Lots of Slimes","floor":10,"turns":3},{"damage":35,"enemies":"Gremlin Nob","floor":12,"turns":6},{"damage":31,"enemies":"The Guardian","floor":16,"turns":6}],"seed_played":"-3907821947685326348","potions_obtained":[{"floor":5,"key":"Explosive Potion"},{"floor":8,"key":"SpeedPotion"},{"floor":12,"key":"Weak Potion"}],"is_trial":false,"path_per_floor":["M","?","$","?","M","R","?","M","T","M","R","E","$","?","R","B"],"character_chosen":"IRONCLAD","items_purchased":["Flame Barrier","Clothesline","Feel No Pain","Sentinel"],"campfire_rested":2,"item_purchase_floors":[3,3,13,13],"current_hp_per_floor":[58,32,32,9,12,34,34,36,36,38,38,9,9,9,31,0],"gold":121,"neow_bonus":"HUNDRED_GOLD","is_prod":false,"is_daily":false,"chose_seed":false,"campfire_upgraded":1,"win_rate":0,"timestamp":1566244210,"path_taken":["M","?","$","?","M","R","?","M","T","?","R","E","$","?","R","BOSS"],"build_version":"2019-07-17","purchased_purges":0,"victory":false,"max_hp_per_floor":[75,75,75,75,75,75,75,75,75,75,75,75,75,75,75,75],"card_choices":[{"not_picked":["Sword Boomerang","Metallicize"],"picked":"Havoc","floor":1},{"not_picked":["Intimidate","Iron Wave"],"picked":"Spot Weakness","floor":5},{"not_picked":["Perfected Strike","Havoc"],"picked":"True Grit","floor":8},{"not_picked":["True Grit","Body Slam","Wild Strike"],"picked":"SKIP","floor":10},{"not_picked":["Berserk","Power Through"],"picked":"Pommel Strike","floor":12}],"player_experience":749206,"relics_obtained":[{"floor":9,"key":"Art of War"},{"floor":12,"key":"MawBank"}],"event_choices":[{"damage_healed":0,"gold_gain":0,"player_choice":"Take Damage","damage_taken":26,"relics_obtained":["Golden Idol"],"max_hp_gain":0,"max_hp_loss":0,"event_name":"Golden Idol","floor":2,"gold_loss":0},{"damage_healed":0,"gold_gain":0,"player_choice":"Entered Light","damage_taken":23,"max_hp_gain":0,"max_hp_loss":0,"event_name":"Shining Light","floor":4,"gold_loss":0,"cards_upgraded":["Defend_R","Defend_R"]},{"damage_healed":0,"gold_gain":0,"cards_transformed":["Strike_R"],"player_choice":"Transformed","damage_taken":0,"max_hp_gain":0,"max_hp_loss":0,"event_name":"Transmorgrifier","floor":7,"gold_loss":0,"cards_obtained":["Combust"]},{"damage_healed":0,"gold_gain":0,"player_choice":"Trade","damage_taken":0,"relics_obtained":["CultistMask"],"max_hp_gain":0,"max_hp_loss":0,"event_name":"FaceTrader","floor":14,"gold_loss":0}],"is_beta":false,"boss_relics":[],"items_purged_floors":[],"is_endless":false,"potions_floor_spawned":[5,8,12],"killed_by":"The Guardian","ascension_level":18}