{"gold_per_floor":[113,133,58,58,8,35,35,35,35,51,17,17,44,62,62,164,164,174,186,86,86,86,116,136,150,150,150,150,161,161,161],"floor_reached":31,"playtime":1781,"items_purged":["Strike_R","Strike_R"],"score":263,"play_id":"078bb230-b357-4d06-9e91-f8587e30d898","local_time":"20190912231426","is_ascension_mode":false,"campfire_choices":[{"data":"Rupture","floor":7,"key":"SMITH"},{"data":"Pommel Strike","floor":15,"key":"SMITH"}],"neow_cost":"NONE","seed_source_timestamp":616841428229400,"circlet_count":0,"master_deck":["Strike_R+1","Strike_R","Strike_R+1","Defend_R","Bash+1","Rupture+1","Pommel Strike+1","Rage+1","Rampage"],"relics":["Burning Blood","Art of War","Toxic Egg 2","Whetstone","Red Skull","Empty Cage","Kunai","Ginger","PreservedInsect"],"potions_floor_usage":[6,16,19,23,28],"damage_taken":[{"damage":5,"enemies":"2 Louse","floor":1,"turns":3},{"damage":9,"enemies":"Small Slimes","floor":2,"turns":5},{"damage":20,"enemies":"Gremlin Nob","floor":6,"turns":4},{"damage":1,"enemies":"Jaw Worm","floor":10,"turns":3},{"damage":21,"enemies":"3 Sentries","floor":13,"turns":8},{"damage":0,"enemies":"Looter","floor":14,"turns":2},{"damage":50,"enemies":"The Guardian","floor":16,"turns":12},{"damage":12,"enemies":"2 Thieves","floor":18,"turns":4},{"damage":5,"enemies":"Shell Parasite","floor":19,"turns":4},{"damage":39,"enemies":"Gremlin Leader","floor":23,"turns":7},{"damage":10,"enemies":"Shelled Parasite and Fungi","floor":24,"turns":5},{"damage":12,"enemies":"Snecko","floor":25,"turns":4},{"damage":23,"enemies":"Colosseum Slavers","floor":28,"turns":3},{"damage":0,"enemies":"Cultist and Chosen","floor":29,"turns":4},{"damage":29,"enemies":"Slavers","floor":31,"turns":3}],"seed_played":"5806875117959431530","potions_obtained":[{"floor":1,"key":"SteroidPotion"},{"floor":10,"key":"Block Potion"},{"floor":14,"key":"Strength Potion"},{"floor":16,"key":"Strength Potion"},{"floor":25,"key":"Dexterity Potion"}],"is_trial":false,"path_per_floor":["M","M","$","?","?","E","R","?","T","M","$","T","E","M","R","B",null,"M","M","$","?","?","E","M","M","T","?","?","M","T","E"],"character_chosen":"IRONCLAD","items_purchased":["Rage+1"],"campfire_rested":0,"item_purchase_floors":[11],"current_hp_per_floor":[80,77,77,77,77,63,63,68,68,73,73,73,58,64,64,20,85,79,80,80,80,80,47,43,37,37,37,20,26,26,0],"gold":161,"neow_bonus":"UPGRADE_CARD","is_prod":false,"is_daily":false,"chose_seed":false,"campfire_upgraded":2,"win_rate":0,"timestamp":1568355266,"path_taken":["M","M","$","?","?","E","R","?","T","M","?","?","E","M","R","BOSS","M","M","$","?","?","E","M","M","T","?","?","M","?","E"],"build_version":"2019-07-17","purchased_purges":2,"victory":false,"max_hp_per_floor":[80,80,80,80,80,80,80,85,85,85,85,85,85,85,85,85,85,85,85,85,85,85,85,85,85,85,85,85,85,85,85],"card_choices":[{"not_picked":["Thunderclap","Havoc"],"picked":"Rupture","floor":1},{"not_picked":["Clothesline","Body Slam","Shrug It Off"],"picked":"SKIP","floor":2},{"not_picked":["Clothesline","Fire Breathing","Rupture"],"picked":"SKIP","floor":6},{"not_picked":["Fire Breathing","True Grit+1"],"picked":"Pommel Strike","floor":10},{"not_picked":["Flex+1","Burning Pact+1","Thunderclap"],"picked":"SKIP","floor":13},{"not_picked":["Heavy Blade","Clothesline","Seeing Red+1"],"picked":"SKIP","floor":14},{"not_picked":["Power Through+1","Sentinel+1","Heavy Blade+1"],"picked":"SKIP","floor":18},{"not_picked":["Shockwave+1","Wild Strike+1","Perfected Strike"],"picked":"SKIP","floor":19},{"not_picked":["Searing Blow+1","Limit Break+1","Armaments+1"],"picked":"SKIP","floor":23},{"not_picked":["Sever Soul","Feel No Pain","Thunderclap"],"picked":"SKIP","floor":24},{"not_picked":["Blood for Blood","Warcry+1","Body Slam"],"picked":"SKIP","floor":25},{"not_picked":["Iron Wave","Dropkick","Flame Barrier+1"],"picked":"SKIP","floor":29}],"player_experience":947653,"relics_obtained":[{"floor":6,"key":"Art of War"},{"floor":9,"key":"Toxic Egg 2"},{"floor":12,"key":"Whetstone"},{"floor":13,"key":"Red Skull"},{"floor":23,"key":"Kunai"},{"floor":26,"key":"Ginger"},{"floor":30,"key":"PreservedInsect"}],"event_choices":[{"damage_healed":0,"gold_gain":0,"player_choice":"Ignored","damage_taken":0,"max_hp_gain":0,"max_hp_loss":0,"event_name":"Liars Game","floor":4,"gold_loss":0},{"cards_removed":["Defend_R"],"damage_healed":0,"gold_gain":0,"player_choice":"Card Removal","damage_taken":0,"max_hp_gain":0,"max_hp_loss":0,"event_name":"The Cleric","floor":5,"gold_loss":50},{"damage_healed":0,"gold_gain":0,"player_choice":"Donut","damage_taken":0,"max_hp_gain":5,"max_hp_loss":0,"event_name":"Big Fish","floor":8,"gold_loss":0},{"damage_healed":0,"gold_gain":0,"player_choice":"Ignored","damage_taken":0,"max_hp_gain":0,"max_hp_loss":0,"event_name":"Cursed Tome","floor":22,"gold_loss":0},{"damage_healed":0,"gold_gain":0,"player_choice":"Read","damage_taken":0,"max_hp_gain":0,"max_hp_loss":0,"event_name":"The Library","floor":27,"gold_loss":0,"cards_obtained":["Rampage"]},{"damage_healed":0,"gold_gain":0,"player_choice":"Fight","damage_taken":0,"max_hp_gain":0,"max_hp_loss":0,"event_name":"Colosseum","floor":28,"gold_loss":0},{"damage_healed":0,"gold_gain":0,"player_choice":"Fled From Nobs","damage_taken":0,"max_hp_gain":0,"max_hp_loss":0,"event_name":"Colosseum","floor":28,"gold_loss":0}],"is_beta":false,"boss_relics":[{"not_picked":["Snecko Eye","Fusion Hammer"],"picked":"Empty Cage"}],"items_purged_floors":[3,20],"is_endless":false,"potions_floor_spawned":[1,10,14,16,25,28],"killed_by":"Slavers","ascension_level":0}