{"gold_per_floor":[112,18,31,48,35,35,48,48,48,66,16,16,43,43,43,138,138,149,169,169,180,243,243,304,229,229,229,279,297,313,325,325,424,424,434,278,293,343,343,343,361,361,361,428,478,224,0,14,14,14],"floor_reached":51,"playtime":5102,"items_purged":["Defend_B"],"score":903,"play_id":"329edd6e-dd9d-4c11-bdc6-baf5b0a35fd6","local_time":"20190816002436","is_ascension_mode":false,"campfire_choices":[{"data":"Zap","floor":6,"key":"SMITH"},{"data":"Redo","floor":12,"key":"SMITH"},{"data":"Hologram","floor":15,"key":"SMITH"},{"data":"Go for the Eyes","floor":23,"key":"SMITH"},{"data":"Defend_B","floor":27,"key":"SMITH"},{"data":"Defend_B","floor":32,"key":"SMITH"},{"data":"Defend_B","floor":40,"key":"SMITH"},{"data":"Sweeping Beam","floor":42,"key":"SMITH"},{"floor":49,"key":"REST"}],"neow_cost":"NONE","seed_source_timestamp":0,"circlet_count":0,"master_deck":["Defend_B+1","Defend_B+1","Defend_B+1","Zap+1","Dualcast+1","Hologram+1","Redo+1","Cold Snap","Go for the Eyes+1","Ball Lightning","Ball Lightning","Sweeping Beam+1","Cold Snap+1","Beam Cell+1","Leap+1","Sweeping Beam","Barrage","Ball Lightning"],"special_seed":0,"relics":["Astrolabe","Ice Cream","Mercury Hourglass","Dead Branch","Sozu","SsserpentHead","Nunchaku","Inserter","Bag of Preparation","Toolbox","Red Mask"],"potions_floor_usage":[33,50],"damage_taken":[{"damage":3.0,"enemies":"Jaw Worm","floor":1.0,"turns":4.0},{"damage":0.0,"enemies":"Cultist","floor":3.0,"turns":5.0},{"damage":2.0,"enemies":"2 Louse","floor":4.0,"turns":4.0},{"damage":14.0,"enemies":"Exordium Thugs","floor":5.0,"turns":4.0},{"damage":4,"enemies":"Lots of Slimes","floor":7,"turns":4},{"damage":0,"enemies":"Red Slaver","floor":10,"turns":3},{"damage":4,"enemies":"Lagavulin","floor":13,"turns":7},{"damage":0,"enemies":"The Guardian","floor":16,"turns":9},{"damage":1,"enemies":"Chosen","floor":18,"turns":4},{"damage":0,"enemies":"3 Byrds","floor":19,"turns":3},{"damage":5,"enemies":"Snake Plant","floor":21,"turns":5},{"damage":0,"enemies":"Chosen and Byrds","floor":22,"turns":5},{"damage":2,"enemies":"Centurion and Healer","floor":24,"turns":6},{"damage":0,"enemies":"Sentry and Sphere","floor":29,"turns":3},{"damage":0,"enemies":"Snake Plant","floor":30,"turns":4},{"damage":0,"enemies":"Centurion and Healer","floor":31,"turns":5},{"damage":55,"enemies":"Collector","floor":33,"turns":10},{"damage":5,"enemies":"3 Shapes","floor":35,"turns":3},{"damage":0,"enemies":"Orb Walker","floor":37,"turns":3},{"damage":15,"enemies":"3 Darklings","floor":41,"turns":7},{"damage":2,"enemies":"Jaw Worm Horde","floor":44,"turns":4},{"damage":1,"enemies":"Spire Growth","floor":48,"turns":4},{"damage":23,"enemies":"Awakened One","floor":50,"turns":14}],"seed_played":"3982160612984589541","potions_obtained":[{"floor":3.0,"key":"Regen Potion"},{"floor":4.0,"key":"Poison Potion"},{"floor":7,"key":"Swift Potion"},{"floor":13,"key":"SpeedPotion"},{"floor":16,"key":"Block Potion"}],"is_trial":false,"path_per_floor":["M","$","M","M","M","R","M","?","T","M","?","R","E","?","R","B",null,"M","M","?","M","M","R","M","$","T","R","$","M","M","M","R","B",null,"M","$","M","?","$","R","M","R","T","M","?","$","?","M","R","B",null],"character_chosen":"DEFECT","items_purchased":["Hologram","Redo","Bag of Preparation","Toolbox","Barrage"],"campfire_rested":1,"item_purchase_floors":[2,2,36,46,46],"current_hp_per_floor":[72,72,72,70,56,56,52,52,52,52,52,52,48,48,48,48,75,74,74,74,69,69,69,67,67,67,67,67,67,67,67,67,24,75,70,70,70,70,70,70,55,55,55,53,53,53,53,52,74,51],"gold":14,"neow_bonus":"BOSS_RELIC","is_prod":false,"is_daily":false,"chose_seed":false,"campfire_upgraded":8,"win_rate":0,"timestamp":1565907876,"path_taken":["M","$","M","M","M","R","M","?","T","M","?","R","E","?","R","BOSS","M","?","?","M","?","R","?","$","T","R","?","M","M","M","R","BOSS","M","$","M","?","$","R","M","R","T","?","?","$","?","M","R","BOSS"],"build_version":"2019-07-17","purchased_purges":1,"victory":true,"max_hp_per_floor":[75,75,75,75,75,75,75,75,75,75,75,75,75,75,75,75,75,75,75,75,75,75,75,75,75,75,75,75,75,75,75,75,75,75,75,75,75,75,75,75,75,75,75,75,75,75,75,75,75,75],"card_choices":[{"not_picked":["Rebound","Recycle"],"picked":"Cold Snap","floor":1.0},{"not_picked":["Barrage","Hologram"],"picked":"Cold Snap","floor":3.0},{"not_picked":["White Noise","Hologram","Recycle"],"picked":"SKIP","floor":4.0},{"not_picked":["White Noise","Turbo"],"picked":"Go for the Eyes","floor":5},{"not_picked":["Stack","Reboot"],"picked":"Ball Lightning","floor":7},{"not_picked":["Force Field","Beam Cell"],"picked":"Ball Lightning","floor":10},{"not_picked":["Reprogram","Hyperbeam","Skim"],"picked":"SKIP","floor":13},{"not_picked":["Redo","Auto Shields"],"picked":"Sweeping Beam","floor":18},{"not_picked":["Barrage","Fusion+1","Double Energy"],"picked":"SKIP","floor":19},{"not_picked":["Rebound","Gash"],"picked":"Cold Snap+1","floor":21},{"not_picked":["Auto Shields","Streamline","Turbo"],"picked":"SKIP","floor":22},{"not_picked":["Skim","Streamline","Go for the Eyes"],"picked":"SKIP","floor":24},{"not_picked":["Blizzard","Chill","Undo+1"],"picked":"SKIP","floor":29},{"not_picked":["Electrodynamics","Conserve Battery"],"picked":"Beam Cell+1","floor":30},{"not_picked":["Hologram","FTL"],"picked":"Leap+1","floor":31},{"not_picked":["Force Field","Gash+1","Lockon+1"],"picked":"SKIP","floor":35},{"not_picked":["Turbo+1","Static Discharge","Capacitor"],"picked":"SKIP","floor":37},{"not_picked":["Turbo","Storm"],"picked":"Sweeping Beam","floor":41},{"not_picked":["Defragment","Echo Form","Streamline"],"picked":"SKIP","floor":44},{"not_picked":["Gash","Go for the Eyes"],"picked":"Ball Lightning","floor":48}],"player_experience":660558,"relics_obtained":[{"floor":9,"key":"Ice Cream"},{"floor":13,"key":"Mercury Hourglass"},{"floor":26,"key":"Nunchaku"}],"event_choices":[{"damage_healed":0,"gold_gain":0,"player_choice":"Grow","damage_taken":0,"max_hp_gain":0,"max_hp_loss":0,"event_name":"Living Wall","floor":8,"gold_loss":0,"cards_upgraded":["Dualcast"]},{"cards_removed":["Strike_B"],"damage_healed":0,"gold_gain":0,"player_choice":"Card Removal","damage_taken":0,"max_hp_gain":0,"max_hp_loss":0,"event_name":"The Cleric","floor":11,"gold_loss":50},{"damage_healed":0,"gold_gain":0,"player_choice":"Gave Potion","damage_taken":0,"relics_obtained":["Dead Branch"],"max_hp_gain":0,"max_hp_loss":0,"event_name":"WeMeetAgain","floor":14,"gold_loss":0},{"damage_healed":0,"gold_gain":0,"player_choice":"Trade","damage_taken":0,"relics_obtained":["SsserpentHead"],"max_hp_gain":0,"max_hp_loss":0,"event_name":"FaceTrader","floor":20,"gold_loss":0},{"damage_healed":0,"gold_gain":0,"player_choice":"Ignored","damage_taken":0,"max_hp_gain":0,"max_hp_loss":0,"event_name":"SecretPortal","floor":38,"gold_loss":0},{"cards_removed":["Cold Snap"],"damage_healed":0,"gold_gain":0,"player_choice":"Removed Attack","damage_taken":0,"max_hp_gain":0,"max_hp_loss":0,"event_name":"Falling","floor":45,"gold_loss":0},{"damage_healed":0,"gold_gain":0,"player_choice":"Paid","damage_taken":0,"relics_obtained":["Red Mask"],"max_hp_gain":0,"max_hp_loss":0,"event_name":"Tomb of Lord Red Mask","floor":47,"gold_loss":274}],"is_beta":false,"boss_relics":[{"not_picked":["Calling Bell","Black Star"],"picked":"Sozu"},{"not_picked":["Busted Crown","White Beast Statue"],"picked":"Inserter"}],"items_purged_floors":[25],"is_endless":false,"potions_floor_spawned":[3,4,7,13,16,18,19,22,31,35,41,44],"ascension_level":0}