{"gold_per_floor":[20,36,36,56,110,145,160,160,160,160,160,160,160,171,171,276,276,292,217,118,118,30,30,30],"floor_reached":24,"playtime":752,"items_purged":["Parasite","Parasite"],"score":288,"play_id":"626bbf13-924f-4fe6-b6bc-d5f74604b054","local_time":"20190531020016","is_ascension_mode":true,"campfire_choices":[{"data":"Perfected Strike","floor":8.0,"key":"SMITH"},{"data":"Shockwave","floor":10.0,"key":"SMITH"},{"data":"Bash","floor":12.0,"key":"SMITH"},{"floor":15.0,"key":"REST"},{"data":"Flex","floor":23,"key":"SMITH"}],"neow_cost":"NO_GOLD","seed_source_timestamp":14576180015799,"circlet_count":0,"master_deck":["AscendersBane","Strike_R","Strike_R","Strike_R","Strike_R","Defend_R","Defend_R","Defend_R","Defend_R","Bash+1","Shockwave+1","Perfected Strike+1","Metallicize","Limit Break","Rage+1","Flex+1","Inflame"],"special_seed":0,"relics":["Burning Blood","Thread and Needle","Nunchaku","Tiny Chest","Happy Flower","Smiling Mask","Ancient Tea Set","Calling Bell","Bag of Preparation","Self Forming Clay","Shovel"],"potions_floor_usage":[18,18],"damage_taken":[{"damage":0.0,"enemies":"Jaw Worm","floor":1.0,"turns":6.0},{"damage":2.0,"enemies":"Cultist","floor":2.0,"turns":4.0},{"damage":0.0,"enemies":"2 Louse","floor":4.0,"turns":3.0},{"damage":33.0,"enemies":"Lagavulin","floor":6.0,"turns":9.0},{"damage":5.0,"enemies":"Exordium Wildlife","floor":7.0,"turns":4.0},{"damage":9.0,"enemies":"Blue Slaver","floor":14.0,"turns":3.0},{"damage":74.0,"enemies":"Hexaghost","floor":16.0,"turns":14.0},{"damage":25,"enemies":"2 Thieves","floor":18,"turns":4},{"damage":51,"enemies":"Gremlin Leader","floor":24,"turns":6}],"seed_played":"-6865993927445865319","potions_obtained":[{"floor":2.0,"key":"SkillPotion"},{"floor":4.0,"key":"EntropicBrew"},{"floor":6.0,"key":"Poison Potion"},{"floor":16.0,"key":"Poison Potion"}],"is_trial":false,"path_per_floor":["M","M","?","M","T","E","M","R","T","R","?","R","T","M","R","B",null,"M","?","$","?","$","R","E"],"character_chosen":"IRONCLAD","items_purchased":["Flex","Inflame"],"campfire_rested":1,"item_purchase_floors":[20,22],"current_hp_per_floor":[78,80,80,80,80,53,54,54,54,54,47,47,47,44,68,8,62,43,43,43,43,43,43,0],"gold":30,"neow_bonus":"ONE_RARE_RELIC","is_prod":false,"is_daily":false,"chose_seed":false,"campfire_upgraded":4,"win_rate":0,"timestamp":1559282416,"path_taken":["M","M","?","?","?","E","M","R","T","R","?","R","?","M","R","BOSS","M","?","$","?","?","R","E"],"build_version":"2019-01-23","purchased_purges":2,"victory":false,"max_hp_per_floor":[80,80,80,80,80,80,80,80,80,80,80,80,80,80,80,80,80,80,80,77,77,74,74,74],"card_choices":[{"not_picked":["Twin Strike","Dual Wield"],"picked":"Shockwave","floor":1.0},{"not_picked":["Thunderclap","Warcry","Havoc"],"picked":"SKIP","floor":2.0},{"not_picked":["Searing Blow","Twin Strike","Heavy Blade"],"picked":"SKIP","floor":4.0},{"not_picked":["Warcry","Impervious"],"picked":"Perfected Strike","floor":6.0},{"not_picked":["Bloodletting","Combust","Armaments"],"picked":"SKIP","floor":7.0},{"not_picked":["Battle Trance","Clothesline"],"picked":"Metallicize","floor":14.0},{"not_picked":["Immolate","Fiend Fire"],"picked":"Limit Break","floor":16.0},{"not_picked":["Infernal Blade","Battle Trance"],"picked":"Rage+1","floor":18}],"player_experience":314401,"relics_obtained":[{"floor":5.0,"key":"Tiny Chest"},{"floor":6.0,"key":"Happy Flower"},{"floor":9.0,"key":"Smiling Mask"},{"floor":13.0,"key":"Ancient Tea Set"},{"floor":17.0,"key":"Bag of Preparation"},{"floor":17.0,"key":"Self Forming Clay"},{"floor":17.0,"key":"Shovel"}],"event_choices":[{"damage_healed":0.0,"max_hp_gain":0.0,"max_hp_loss":0.0,"gold_gain":0.0,"event_name":"WeMeetAgain","player_choice":"Gave Potion","floor":3.0,"gold_loss":0.0,"damage_taken":0.0,"relics_obtained":["Nunchaku"]},{"cards_removed":["Strike_R"],"damage_healed":0.0,"max_hp_gain":0.0,"max_hp_loss":0.0,"gold_gain":0.0,"event_name":"Golden Wing","player_choice":"Card Removal","floor":11.0,"gold_loss":0.0,"damage_taken":7.0},{"cards_removed":["Pain"],"damage_healed":0,"gold_gain":0,"player_choice":"Gave Gold","damage_taken":0,"max_hp_gain":0,"max_hp_loss":0,"event_name":"Beggar","floor":19,"gold_loss":75},{"damage_healed":0,"gold_gain":0,"player_choice":"Ignored","damage_taken":0,"max_hp_gain":0,"max_hp_loss":0,"event_name":"Vampires","floor":21,"gold_loss":0}],"is_beta":false,"boss_relics":[{"not_picked":["Runic Cube","Snecko Eye"],"picked":"Calling Bell"}],"items_purged_floors":[20,22],"is_endless":false,"potions_floor_spawned":[2,4,6,16],"killed_by":"Gremlin Leader","ascension_level":10}