{"gold_per_floor":[114,114,114,129,304,304,334,349,349,349,364,394,394,409,409,509,539,554,5,5,20,35,35,50,80,80,80,19,19,19,49,49,149,149,164,179,59,59,74,74,404,404,404,419,419,419,449,464,464,464],"floor_reached":51,"playtime":7871,"items_purged":["Defend_R"],"score":1058,"play_id":"c2478cd2-af78-4c61-974f-35eed738e4af","local_time":"20180707162447","daily_mods":["Brewmaster","Time Dilation","Vintage"],"is_ascension_mode":false,"campfire_choices":[{"data":"Venomology","floor":6,"key":"SMITH"},{"data":"Perfected Strike","floor":10,"key":"SMITH"},{"data":"Disarm","floor":13,"key":"SMITH"},{"data":"Venomology","floor":15,"key":"SMITH"},{"data":"Demon Form","floor":23,"key":"SMITH"},{"data":"Rampage","floor":30,"key":"SMITH"},{"data":"Bludgeon","floor":32,"key":"SMITH"},{"data":"Carnage","floor":40,"key":"SMITH"},{"data":"Corruption","floor":42,"key":"SMITH"},{"data":"Venomology","floor":46,"key":"SMITH"},{"data":"Venomology","floor":49,"key":"SMITH"}],"neow_cost":"","seed_source_timestamp":0,"circlet_count":0,"master_deck":["Strike_R","Strike_R","Strike_R","Strike_R","Strike_R","Bash+1","Venomology+1","Venomology+1","Venomology+1","Venomology+1","Venomology+1","Doubt","Perfected Strike+1","Disarm+1","Demon Form+1","Rampage+1","True Grit+1","Carnage+1","Perfected Strike+1","Armaments+1","Bludgeon+1","Exhume+1","Sword Boomerang+1","Spot Weakness+1","Clash+1","Madness+1","Madness+1","Corruption+1","Seeing Red+1","Flex+1"],"special_seed":17719,"relics":["Burning Blood","White Beast Statue","Ornamental Fan","Anchor","Du-Vu Doll","Lantern","Art of War","Magic Flower","Letter Opener","Vajra","Toxic Egg 2","Blue Candle","Tiny House","Strawberry","Toy Ornithopter","Bottled Lightning","The Courier","Singing Bowl","Kunai","Juzu Bracelet","Shuriken","Red Mask","Blood Vial","Astrolabe","Molten Egg 2","Pen Nib","Potion Belt","Oddly Smooth Stone","Old Coin","Sundial","Mercury Hourglass","Gambling Chip","Omamori","Happy Flower"],"potions_floor_usage":[1,1,4,4,4,7,7,7,7,7,7,7,7,11,11,11,11,11,11,12,12,12,12,14,14,14,16,16,16,16,16,16,18,18,21,21,21,21,21,22,22,22,24,24,24,24,24,24,25,25,25,25,31,31,31,31,33,33,33,33,33,33,35,35,35,35,36,36,39,39,39,41,41,41,41,41,41,44,44,44,44,44,45,45,45,45,45,45,47,47,48,48,48,48,50,50,50,50,50,50,50],"damage_taken":[{"damage":5,"enemies":"Jaw Worm","floor":1,"turns":4},{"damage":0,"enemies":"Small Slimes","floor":4,"turns":2},{"damage":14,"enemies":"3 Sentries","floor":7,"turns":11},{"damage":0,"enemies":"2 Louse","floor":8,"turns":2},{"damage":0,"enemies":"Blue Slaver","floor":11,"turns":2},{"damage":13,"enemies":"Gremlin Nob","floor":12,"turns":4},{"damage":0,"enemies":"2 Fungi Beasts","floor":14,"turns":2},{"damage":27,"enemies":"Slime Boss","floor":16,"turns":8},{"damage":10,"enemies":"2 Thieves","floor":18,"turns":3},{"damage":0,"enemies":"Spheric Guardian","floor":21,"turns":3},{"damage":10,"enemies":"Snake Plant","floor":22,"turns":5},{"damage":11,"enemies":"Chosen and Byrds","floor":24,"turns":6},{"damage":17,"enemies":"Book of Stabbing","floor":25,"turns":4},{"damage":26,"floor":31,"turns":4},{"damage":85,"enemies":"Champ","floor":33,"turns":13},{"damage":9,"enemies":"3 Shapes","floor":35,"turns":6},{"damage":0,"enemies":"Orb Walker","floor":36,"turns":3},{"damage":9,"enemies":"4 Shapes","floor":39,"turns":4},{"damage":34,"enemies":"Nemesis","floor":41,"turns":5},{"damage":9,"enemies":"Maw","floor":44,"turns":6},{"damage":0,"floor":45,"turns":5},{"damage":18,"enemies":"2 Orb Walkers","floor":47,"turns":4},{"damage":10,"enemies":"Sphere and 2 Shapes","floor":48,"turns":3},{"damage":77,"enemies":"Donu and Deca","floor":50,"turns":6}],"seed_played":"-5610983590349585426","potions_obtained":[{"floor":1,"key":"Energy Potion"},{"floor":4,"key":"LiquidBronze"},{"floor":7,"key":"SteroidPotion"},{"floor":8,"key":"Strength Potion"},{"floor":11,"key":"Block Potion"},{"floor":12,"key":"SteroidPotion"},{"floor":14,"key":"Energy Potion"},{"floor":16,"key":"Dexterity Potion"},{"floor":17,"key":"SneckoOil"},{"floor":18,"key":"Explosive Potion"},{"floor":21,"key":"Regen Potion"},{"floor":22,"key":"AttackPotion"},{"floor":24,"key":"AttackPotion"},{"floor":25,"key":"LiquidBronze"},{"floor":31,"key":"SpeedPotion"},{"floor":33,"key":"PowerPotion"},{"floor":35,"key":"Regen Potion"},{"floor":36,"key":"BloodPotion"},{"floor":41,"key":"Block Potion"},{"floor":44,"key":"Dexterity Potion"},{"floor":45,"key":"Weak Potion"},{"floor":47,"key":"Strength Potion"},{"floor":48,"key":"PowerPotion"}],"is_trial":false,"path_per_floor":["M","?","?","M","?","R","E","M","T","R","M","E","R","M","R","B",null,"M","$","?","M","M","R","M","E","T","?","$","?","R","?","R","B",null,"M","M","$","?","M","R","E","R","T","M","?","R","E","M","R","B"],"character_chosen":"IRONCLAD","items_purchased":["Toy Ornithopter","Bottled Lightning","True Grit+1","Perfected Strike","Armaments+1","Potion Belt"],"campfire_rested":0,"item_purchase_floors":[19,19,19,28,28,37],"current_hp_per_floor":[80,80,68,80,80,80,78,80,80,80,80,80,80,80,80,62,85,91,91,91,92,91,91,92,92,92,92,92,92,92,85,85,44,92,92,92,92,80,92,92,91,91,91,92,92,92,88,91,91,71],"gold":464,"neow_bonus":"","is_prod":false,"is_daily":true,"chose_seed":false,"campfire_upgraded":11,"win_rate":0,"timestamp":1530951887,"path_taken":["M","?","?","M","?","R","E","M","T","R","M","E","R","?","R","BOSS","M","$","?","M","M","R","M","E","T","?","$","?","R","?","R","BOSS","M","M","$","?","M","R","E","R","T","M","?","R","E","M","R","BOSS"],"build_version":"2018-07-05","purchased_purges":1,"victory":true,"max_hp_per_floor":[80,80,80,80,80,80,80,80,80,80,80,80,80,80,80,80,85,92,92,92,92,92,92,92,92,92,92,92,92,92,92,92,92,92,92,92,92,92,92,92,92,92,92,92,92,92,92,92,92,92],"card_choices":[{"not_picked":["Havoc","Rupture"],"picked":"Perfected Strike","floor":7},{"not_picked":["Whirlwind","Clothesline"],"picked":"Disarm","floor":12},{"not_picked":["Fiend Fire","Dark Embrace"],"picked":"Demon Form","floor":16},{"not_picked":["Sword Boomerang","Searing Blow"],"picked":"Rampage","floor":17},{"not_picked":["Warcry+1","Iron Wave+1"],"picked":"Carnage","floor":25},{"not_picked":["Cleave","Bloodletting+1"],"picked":"Bludgeon","floor":31},{"not_picked":["Feed","Barricade"],"picked":"Exhume+1","floor":33},{"not_picked":["Infernal Blade+1","Inflame+1"],"picked":"Corruption","floor":41},{"not_picked":["Anger+1","Armaments+1"],"picked":"Seeing Red+1","floor":45},{"not_picked":["Blood for Blood+1","Seeing Red+1"],"picked":"Flex+1","floor":47}],"player_experience":601558,"relics_obtained":[{"floor":1,"key":"Ornamental Fan"},{"floor":4,"key":"Du-Vu Doll"},{"floor":7,"key":"Lantern"},{"floor":8,"key":"Art of War"},{"floor":9,"key":"Magic Flower"},{"floor":11,"key":"Letter Opener"},{"floor":12,"key":"Vajra"},{"floor":14,"key":"Toxic Egg 2"},{"floor":16,"key":"Blue Candle"},{"floor":18,"key":"Strawberry"},{"floor":21,"key":"The Courier"},{"floor":22,"key":"Singing Bowl"},{"floor":24,"key":"Kunai"},{"floor":25,"key":"Juzu Bracelet"},{"floor":26,"key":"Shuriken"},{"floor":31,"key":"Red Mask"},{"floor":33,"key":"Blood Vial"},{"floor":35,"key":"Molten Egg 2"},{"floor":36,"key":"Pen Nib"},{"floor":39,"key":"Oddly Smooth Stone"},{"floor":41,"key":"Old Coin"},{"floor":43,"key":"Sundial"},{"floor":44,"key":"Mercury Hourglass"},{"floor":45,"key":"Gambling Chip"},{"floor":47,"key":"Omamori"},{"floor":48,"key":"Happy Flower"}],"event_choices":[{"event_name":"Living Wall","player_choice":"Grow","floor":2,"damage_taken":0},{"event_name":"Scrap Ooze","player_choice":"success","floor":3,"damage_taken":12},{"event_name":"Liars Game","player_choice":"agreed","floor":5,"damage_taken":0},{"event_name":"Fountain of Cleansing","player_choice":"Ignored","floor":20,"damage_taken":0},{"event_name":"Addict","player_choice":"Ignored","floor":27,"damage_taken":0},{"event_name":"Upgrade Shrine","player_choice":"Upgraded","floor":29,"damage_taken":0},{"event_name":"Masked Bandits","player_choice":"Fought over 19 gold","floor":31,"damage_taken":0},{"event_name":"Winding Halls","player_choice":"Embrace Madness","floor":38,"damage_taken":0},{"event_name":"MindBloom","player_choice":"Fight","floor":45,"damage_taken":0}],"boss_relics":[{"not_picked":["Eternal Feather","Mark of Pain"],"picked":"Tiny House"},{"not_picked":["Cursed Key","Velvet Choker"],"picked":"Astrolabe"}],"items_purged_floors":[19],"is_endless":false,"potions_floor_spawned":[1,4,7,8,11,12,14,16,18,21,22,24,25,31,33,35,36,39,41,44,45,47,48],"ascension_level":0}