{"gold_per_floor":[119,119,138,149,69,69,99,118,118,118],"floor_reached":10,"playtime":395,"items_purged":[],"score":68,"play_id":"e00c1098-e18b-4c22-b128-e13068de1bed","local_time":"20180816213210","is_ascension_mode":false,"campfire_choices":[{"data":"Footwork","floor":6.0,"key":"SMITH"}],"neow_cost":"NONE","seed_source_timestamp":163355733117393,"circlet_count":0,"master_deck":["Defend_G","Defend_G","Defend_G","Defend_G","Defend_G","Strike_G","Strike_G","Strike_G","Strike_G","Strike_G","Survivor","Neutralize","Quick Slash","Underhanded Strike","Bane","Footwork+1","Flechettes","Heel Hook"],"special_seed":0,"relics":["Ring of the Snake","Darkstone Periapt","Toxic Egg 2"],"potions_floor_usage":[],"damage_taken":[{"damage":0.0,"enemies":"Small Slimes","floor":1.0,"turns":4.0},{"damage":0.0,"enemies":"2 Louse","floor":3.0,"turns":2.0},{"damage":0.0,"enemies":"Jaw Worm","floor":4.0,"turns":5.0},{"damage":63.0,"enemies":"Gremlin Nob","floor":7.0,"turns":7.0},{"damage":12,"enemies":"Looter","floor":8,"turns":3},{"damage":6,"enemies":"2 Fungi Beasts","floor":10,"turns":1}],"seed_played":"2296178699385628386","potions_obtained":[{"floor":7.0,"key":"Fire Potion"},{"floor":8,"key":"GhostInAJar"}],"is_trial":false,"path_per_floor":["M","?","M","M","$","R","E","M","T"],"character_chosen":"THE_SILENT","items_purchased":["Footwork"],"campfire_rested":0,"item_purchase_floors":[5],"current_hp_per_floor":[77,77,77,77,77,77,14,2,2,0],"gold":118,"neow_bonus":"TEN_PERCENT_HP_BONUS","is_prod":false,"is_daily":false,"chose_seed":false,"campfire_upgraded":1,"win_rate":0.0,"timestamp":1534469530,"path_taken":["M","?","M","M","$","R","E","M","T","M"],"build_version":"2018-08-09","purchased_purges":0,"victory":false,"max_hp_per_floor":[77,77,77,77,77,77,77,77,77,77],"card_choices":[{"not_picked":["Dagger Throw","Slice"],"picked":"Quick Slash","floor":1.0},{"not_picked":["PiercingWail","Accuracy"],"picked":"Underhanded Strike","floor":3.0},{"not_picked":["Prepared","Underhanded Strike"],"picked":"Bane","floor":4.0},{"not_picked":["Masterful Stab","Backflip"],"picked":"Flechettes","floor":7.0},{"not_picked":["Sucker Punch","Cloak And Dagger"],"picked":"Heel Hook","floor":8}],"player_experience":138716,"relics_obtained":[{"floor":7.0,"key":"Darkstone Periapt"},{"floor":9,"key":"Toxic Egg 2"}],"event_choices":[{"event_name":"Liars Game","player_choice":"disagreed","floor":2.0,"damage_taken":0.0}],"is_beta":false,"boss_relics":[],"items_purged_floors":[],"is_endless":false,"potions_floor_spawned":[7,8],"killed_by":"2 Fungi Beasts","ascension_level":0}