{"gold_per_floor":[116,116,116,116,116,116,128,128,128,128,147,164,92,104,104,203,203,217,217,217,143,161,189,189,202,202,202,212,230,230,241,241,345,345,355,62,78,78,3,38,52,52,130,130,182,194,210,210,210,210],"floor_reached":50,"playtime":2329,"items_purged":["Parasite"],"score":482,"play_id":"02956d47-6a35-4564-b560-c26e26808779","local_time":"20190622013227","is_ascension_mode":false,"campfire_choices":[{"data":"Bash","floor":6.0,"key":"SMITH"},{"floor":8.0,"key":"REST"},{"data":"Perfected Strike","floor":10.0,"key":"SMITH"},{"data":"Flame Barrier","floor":15.0,"key":"SMITH"},{"floor":24.0,"key":"REST"},{"data":"Reaper","floor":27.0,"key":"SMITH"},{"data":"Bludgeon","floor":30.0,"key":"SMITH"},{"data":"Flame Barrier","floor":32.0,"key":"SMITH"},{"data":"Limit Break","floor":42,"key":"SMITH"},{"data":"Pummel","floor":44,"key":"SMITH"},{"data":"Shame","floor":49,"key":"PURGE"}],"neow_cost":"NONE","seed_source_timestamp":697849281111540,"circlet_count":0,"master_deck":["Strike_R","Strike_R","Strike_R+1","Strike_R","Strike_R","Defend_R","Defend_R","Defend_R","Bash+1","Perfected Strike+1","Metallicize","Flame Barrier+1","Battle Trance","Flame Barrier+1","Reaper+1","Heavy Blade+1","Pummel+1","Perfected Strike+1","Bludgeon+1","Inflame+1","Cleave+1","Limit Break+1","Perfected Strike"],"special_seed":0,"relics":["Burning Blood","Dream Catcher","Ornamental Fan","Letter Opener","Matryoshka","Cursed Key","MutagenicStrength","Whetstone","Strawberry","Magic Flower","Eternal Feather","Bronze Scales","Vajra","Juzu Bracelet","Ancient Tea Set","Question Card","Peace Pipe"],"potions_floor_usage":[45,45,50],"damage_taken":[{"damage":2.0,"enemies":"2 Louse","floor":1.0,"turns":3.0},{"damage":1.0,"enemies":"Jaw Worm","floor":7.0,"turns":4.0},{"damage":0.0,"enemies":"Cultist","floor":11.0,"turns":2.0},{"damage":12.0,"enemies":"Exordium Thugs","floor":12.0,"turns":5.0},{"damage":10.0,"enemies":"Red Slaver","floor":14.0,"turns":4.0},{"damage":49.0,"enemies":"The Guardian","floor":16.0,"turns":11.0},{"damage":11.0,"enemies":"Spheric Guardian","floor":18.0,"turns":5.0},{"damage":0.0,"enemies":"Chosen","floor":22.0,"turns":4.0},{"damage":65.0,"enemies":"Gremlin Leader","floor":23.0,"turns":10.0},{"damage":16.0,"enemies":"Centurion and Healer","floor":25.0,"turns":5.0},{"damage":30.0,"enemies":"Shelled Parasite and Fungi","floor":28.0,"turns":5.0},{"damage":9.0,"enemies":"3 Cultists","floor":29.0,"turns":5.0},{"damage":17.0,"enemies":"Centurion and Healer","floor":31.0,"turns":6.0},{"damage":74.0,"enemies":"Champ","floor":33.0,"turns":10.0},{"damage":49.0,"enemies":"3 Darklings","floor":35.0,"turns":10.0},{"damage":6.0,"enemies":"3 Shapes","floor":37.0,"turns":2.0},{"damage":32.0,"enemies":"Nemesis","floor":40.0,"turns":7.0},{"damage":36,"enemies":"Writhing Mass","floor":41,"turns":5},{"damage":21,"enemies":"2 Orb Walkers","floor":45,"turns":4},{"damage":38,"enemies":"3 Darklings","floor":46,"turns":4},{"damage":40,"enemies":"Transient","floor":47,"turns":5},{"damage":84,"enemies":"Time Eater","floor":50,"turns":5}],"seed_played":"-3992276904713365223","potions_obtained":[{"floor":11.0,"key":"Swift Potion"},{"floor":12.0,"key":"GamblersBrew"},{"floor":14.0,"key":"LiquidBronze"},{"floor":16.0,"key":"Swift Potion"},{"floor":22.0,"key":"BloodPotion"},{"floor":23.0,"key":"Ancient Potion"},{"floor":40.0,"key":"BloodPotion"}],"is_trial":false,"path_per_floor":["M","?","?","$","T","R","M","R","T","R","M","M","$","M","R","B",null,"M","?","?","$","M","E","R","M","T","R","M","M","R","M","R","B",null,"M","$","M","?","$","E","M","R","T","R","?","M","M","?","R","B"],"character_chosen":"IRONCLAD","items_purchased":["Battle Trance","Pummel","Bronze Scales","Vajra"],"campfire_rested":2,"item_purchase_floors":[13,21,36,36],"current_hp_per_floor":[80,80,68,68,68,68,73,80,80,80,80,74,74,70,70,27,80,75,75,75,75,80,29,53,47,54,54,33,69,69,73,73,16,87,56,56,59,97,94,71,47,59,59,71,73,67,65,65,77,0],"gold":210,"neow_bonus":"RANDOM_COMMON_RELIC","is_prod":false,"is_daily":false,"chose_seed":false,"campfire_upgraded":8,"win_rate":0,"timestamp":1561181547,"path_taken":["M","?","?","?","?","R","?","R","T","R","M","M","$","M","R","BOSS","M","?","?","$","?","E","R","M","T","R","M","M","R","M","R","BOSS","M","$","M","?","$","E","M","R","T","R","?","M","M","?","R","BOSS"],"build_version":"2019-01-23","purchased_purges":1,"victory":false,"max_hp_per_floor":[80,80,80,80,80,80,80,80,80,80,80,80,80,80,80,80,80,80,80,80,80,80,80,80,80,87,87,87,87,87,87,87,87,87,87,87,87,97,94,94,94,94,94,94,94,94,94,94,94,94],"card_choices":[{"not_picked":["Wild Strike","Warcry","Havoc"],"picked":"SKIP","floor":1.0},{"not_picked":["Iron Wave","Anger","Thunderclap"],"picked":"SKIP","floor":7.0},{"not_picked":["Wild Strike","Havoc"],"picked":"Perfected Strike","floor":8.0},{"not_picked":["Shrug It Off","Havoc"],"picked":"Metallicize","floor":11.0},{"not_picked":["Iron Wave","Dark Embrace"],"picked":"Flame Barrier","floor":12.0},{"not_picked":["Searing Blow","Flex"],"picked":"Flame Barrier","floor":14.0},{"not_picked":["Offering","Exhume"],"picked":"Reaper","floor":16.0},{"not_picked":["True Grit","Anger","Clothesline"],"picked":"SKIP","floor":18.0},{"not_picked":["Evolve+1","Pommel Strike"],"picked":"Perfected Strike+1","floor":22.0},{"not_picked":["Shrug It Off","Bloodletting"],"picked":"Bludgeon","floor":23.0},{"not_picked":["Clash+1","Heavy Blade+1","True Grit+1"],"picked":"SKIP","floor":25.0},{"not_picked":["Wild Strike","Heavy Blade+1","Juggernaut"],"picked":"SKIP","floor":28.0},{"not_picked":["Shockwave","Body Slam"],"picked":"Inflame+1","floor":29.0},{"not_picked":["Disarm","Sword Boomerang+1"],"picked":"Cleave+1","floor":31.0},{"not_picked":["Bludgeon","Reaper"],"picked":"Feed","floor":33.0},{"not_picked":["Rage+1","Havoc+1","Cleave+1"],"picked":"SKIP","floor":35.0},{"not_picked":["Wild Strike","Warcry","Clash+1"],"picked":"SKIP","floor":37.0},{"not_picked":["Body Slam","Blood for Blood+1"],"picked":"Limit Break","floor":40.0},{"not_picked":["Body Slam","Iron Wave","Infernal Blade+1"],"picked":"SKIP","floor":41},{"not_picked":["Clash","Cleave","True Grit+1","Sentinel+1"],"picked":"SKIP","floor":46},{"not_picked":["Twin Strike+1","Inflame","Warcry"],"picked":"Perfected Strike","floor":47}],"player_experience":398222,"relics_obtained":[{"floor":5.0,"key":"Letter Opener"},{"floor":9.0,"key":"Matryoshka"},{"floor":23.0,"key":"Whetstone"},{"floor":26.0,"key":"Strawberry"},{"floor":26.0,"key":"Magic Flower"},{"floor":40.0,"key":"Juzu Bracelet"},{"floor":43,"key":"Ancient Tea Set"},{"floor":43,"key":"Question Card"},{"floor":45,"key":"Peace Pipe"}],"event_choices":[{"damage_healed":0.0,"max_hp_gain":0.0,"max_hp_loss":0.0,"gold_gain":0.0,"event_name":"Liars Game","player_choice":"Ignored","floor":2.0,"gold_loss":0.0,"damage_taken":0.0},{"damage_healed":0.0,"max_hp_gain":0.0,"max_hp_loss":0.0,"gold_gain":0.0,"event_name":"Scrap Ooze","player_choice":"Success","floor":3.0,"gold_loss":0.0,"damage_taken":12.0,"relics_obtained":["Ornamental Fan"]},{"damage_healed":0.0,"max_hp_gain":0.0,"max_hp_loss":0.0,"gold_gain":0.0,"event_name":"Drug Dealer","player_choice":"Inject Mutagens","floor":19.0,"gold_loss":0.0,"damage_taken":0.0,"relics_obtained":["MutagenicStrength"]},{"damage_healed":0.0,"max_hp_gain":0.0,"max_hp_loss":0.0,"gold_gain":0.0,"cards_transformed":["Defend_R"],"event_name":"Transmorgrifier","player_choice":"Transformed","floor":20.0,"gold_loss":0.0,"damage_taken":0.0,"cards_obtained":["Heavy Blade"]},{"cards_removed":["Feed"],"damage_healed":28.0,"max_hp_gain":10.0,"max_hp_loss":0.0,"gold_gain":0.0,"event_name":"Bonfire Elementals","player_choice":"Offered Rare","floor":38.0,"gold_loss":0.0,"damage_taken":0.0},{"damage_healed":0,"gold_gain":0,"player_choice":"Fight","damage_taken":0,"max_hp_gain":0,"max_hp_loss":0,"event_name":"Mysterious Sphere","floor":45,"gold_loss":0},{"damage_healed":0,"gold_gain":0,"cards_transformed":["Regret"],"player_choice":"Transformed","damage_taken":0,"max_hp_gain":0,"max_hp_loss":0,"event_name":"Transmorgrifier","floor":48,"gold_loss":0,"cards_obtained":["Shame"]}],"is_beta":false,"boss_relics":[{"not_picked":["Pandora\u0027s Box","Astrolabe"],"picked":"Cursed Key"},{"not_picked":["Runic Cube","Calling Bell"],"picked":"Eternal Feather"}],"items_purged_floors":[39],"is_endless":false,"potions_floor_spawned":[11,12,14,16,22,23,31,40,41],"killed_by":"Time Eater","ascension_level":0}