{"gold_per_floor":[117,117,127,146,58,87,87,99,99,127,127,127,127,142,142,217,217,236,251,268,12,27,58,77,77,77,77,77,77,93,110,110,110],"floor_reached":33,"playtime":2545,"items_purged":[],"score":558,"play_id":"d84a5dd3-906f-4ac0-aab0-9f93be4e4d2c","local_time":"20190908210503","is_ascension_mode":true,"campfire_choices":[{"data":"Carnage","floor":11,"key":"SMITH"},{"data":"Trip","floor":13,"key":"SMITH"},{"data":"Reaper","floor":15,"key":"SMITH"},{"floor":25,"key":"REST"},{"floor":32,"key":"REST"}],"neow_cost":"NONE","seed_source_timestamp":94745892363154,"circlet_count":0,"master_deck":["AscendersBane","Strike_R+1","Defend_R+1","Defend_R+1","Defend_R+1","Bash","Trip+1","Cleave","Shrug It Off+1","Carnage+1","Headbutt","Reaper+1","Impervious","Fiend Fire+1","Infernal Blade+1","Bludgeon+1","Shockwave","Power Through","Armaments","Battle Trance","Corruption","Metallicize+1"],"relics":["Burning Blood","Bottled Flame","Ornamental Fan","Bag of Marbles","Astrolabe","PreservedInsect","Juzu Bracelet","Molten Egg 2","Turnip"],"potions_floor_usage":[6,14,19,20,33],"damage_taken":[{"damage":7,"enemies":"Small Slimes","floor":1,"turns":3},{"damage":3,"enemies":"2 Louse","floor":3,"turns":3},{"damage":2,"enemies":"Cultist","floor":4,"turns":4},{"damage":8,"enemies":"Gremlin Nob","floor":6,"turns":3},{"damage":0,"enemies":"3 Louse","floor":8,"turns":3},{"damage":29,"enemies":"3 Sentries","floor":10,"turns":7},{"damage":0,"enemies":"Gremlin Gang","floor":14,"turns":3},{"damage":58,"enemies":"Hexaghost","floor":16,"turns":8},{"damage":12,"enemies":"2 Thieves","floor":18,"turns":3},{"damage":0,"enemies":"Spheric Guardian","floor":19,"turns":3},{"damage":47,"enemies":"Shelled Parasite and Fungi","floor":20,"turns":6},{"damage":32,"enemies":"Chosen and Byrds","floor":22,"turns":6},{"damage":16,"enemies":"Slavers","floor":23,"turns":6},{"damage":4,"enemies":"Centurion and Healer","floor":24,"turns":5},{"damage":0,"enemies":"Snake Plant","floor":30,"turns":2},{"damage":18,"enemies":"Cultist and Chosen","floor":31,"turns":6},{"damage":72,"enemies":"Champ","floor":33,"turns":10}],"seed_played":"7165802943420870334","potions_obtained":[{"floor":3,"key":"GamblersBrew"},{"floor":10,"key":"Fire Potion"},{"floor":14,"key":"Strength Potion"},{"floor":18,"key":"Regen Potion"},{"floor":31,"key":"Weak Potion"}],"is_trial":false,"path_per_floor":["M","?","M","M","$","E","?","M","T","E","R","?","R","M","R","B",null,"M","M","M","$","M","E","M","R","T","?","?","T","M","M","R","B"],"character_chosen":"IRONCLAD","items_purchased":["Carnage","Battle Trance","PreservedInsect"],"campfire_rested":2,"item_purchase_floors":[5,21,21],"current_hp_per_floor":[67,60,63,67,67,65,65,71,71,48,48,48,48,54,54,9,59,60,66,47,47,21,11,20,42,42,21,21,21,27,22,46,0],"gold":110,"neow_bonus":"RANDOM_COLORLESS","is_prod":false,"is_daily":false,"chose_seed":false,"campfire_upgraded":3,"win_rate":0,"timestamp":1567969503,"path_taken":["M","?","M","M","$","E","?","?","T","E","R","?","R","M","R","BOSS","M","M","M","$","M","E","M","R","T","?","?","?","M","M","R","BOSS"],"build_version":"2019-07-17","purchased_purges":0,"victory":false,"max_hp_per_floor":[75,75,75,75,75,75,75,75,75,75,75,75,75,75,75,75,75,75,75,75,75,75,75,75,75,75,80,80,80,80,80,80,80],"card_choices":[{"not_picked":["Dual Wield","Flex"],"picked":"Cleave","floor":1},{"not_picked":["Burning Pact","Searing Blow"],"picked":"Shrug It Off","floor":3},{"not_picked":["Cleave","Wild Strike","Blood for Blood"],"picked":"SKIP","floor":4},{"not_picked":["Feel No Pain","Twin Strike"],"picked":"Headbutt","floor":6},{"not_picked":["Metallicize","Sentinel","Twin Strike"],"picked":"SKIP","floor":8},{"not_picked":["Iron Wave","Combust","Flex"],"picked":"SKIP","floor":10},{"not_picked":["Flex","True Grit"],"picked":"Reaper","floor":14},{"not_picked":["Berserk","Reaper"],"picked":"Impervious","floor":16},{"not_picked":["Inflame","True Grit"],"picked":"Shockwave","floor":18},{"not_picked":["Sword Boomerang","Burning Pact"],"picked":"Power Through","floor":19},{"not_picked":["Sword Boomerang","Rage"],"picked":"Armaments","floor":20},{"not_picked":["Ghostly Armor+1","Twin Strike"],"picked":"Corruption","floor":22},{"not_picked":["Heavy Blade","Pommel Strike"],"picked":"Metallicize+1","floor":23},{"not_picked":["Iron Wave","Dual Wield+1","Heavy Blade+1"],"picked":"SKIP","floor":24},{"not_picked":["Evolve","Heavy Blade+1","Rampage+1"],"picked":"SKIP","floor":30},{"not_picked":["Headbutt+1","Inflame","Cleave+1"],"picked":"SKIP","floor":31}],"player_experience":791984,"relics_obtained":[{"floor":6,"key":"Bottled Flame"},{"floor":9,"key":"Ornamental Fan"},{"floor":10,"key":"Bag of Marbles"},{"floor":23,"key":"Juzu Bracelet"},{"floor":26,"key":"Molten Egg 2"},{"floor":29,"key":"Turnip"}],"event_choices":[{"cards_removed":["Strike_R"],"damage_healed":0,"gold_gain":0,"player_choice":"Card Removal","damage_taken":7,"max_hp_gain":0,"max_hp_loss":0,"event_name":"Golden Wing","floor":2,"gold_loss":0},{"cards_removed":["Strike_R"],"damage_healed":0,"gold_gain":0,"player_choice":"Purged","damage_taken":0,"max_hp_gain":0,"max_hp_loss":0,"event_name":"Purifier","floor":7,"gold_loss":0},{"damage_healed":0,"gold_gain":0,"player_choice":"Forge","damage_taken":0,"max_hp_gain":0,"max_hp_loss":0,"event_name":"Accursed Blacksmith","floor":12,"gold_loss":0,"cards_upgraded":["Shrug It Off"]},{"damage_healed":0,"gold_gain":0,"player_choice":"Shed Blood","damage_taken":26,"max_hp_gain":5,"max_hp_loss":0,"event_name":"Forgotten Altar","floor":27,"gold_loss":0},{"damage_healed":0,"gold_gain":0,"player_choice":"Simplicity","damage_taken":0,"max_hp_gain":0,"max_hp_loss":0,"event_name":"Back to Basics","floor":28,"gold_loss":0,"cards_upgraded":["Strike_R","Defend_R","Defend_R","Defend_R"]}],"is_beta":false,"boss_relics":[{"not_picked":["Tiny House","Coffee Dripper"],"picked":"Astrolabe"}],"items_purged_floors":[],"is_endless":false,"potions_floor_spawned":[3,10,14,18,31],"killed_by":"Champ","ascension_level":20}