{"gold_per_floor":[114,39,39,49,66,94,94,104,104,104,104,104,116,134,134,233,233,243,253,264,277,3,3,19,19,45,45,62,62,82,102,102,205,205,216,81,81,3,3,3,21,21,21,21],"floor_reached":44,"playtime":1717,"items_purged":["Shame"],"score":412,"play_id":"79900063-f008-4cc3-b69d-5b20b3218d12","local_time":"20190809022308","is_ascension_mode":false,"campfire_choices":[{"floor":7.0,"key":"REST"},{"data":"Searing Blow","floor":10.0,"key":"SMITH"},{"data":"Armaments","floor":15.0,"key":"SMITH"},{"floor":23.0,"key":"REST"},{"data":"Searing Blow+2","floor":25.0,"key":"SMITH"},{"data":"Searing Blow+3","floor":27.0,"key":"SMITH"},{"floor":32.0,"key":"REST"},{"floor":40,"key":"REST"},{"floor":42,"key":"REST"}],"neow_cost":"CURSE","seed_source_timestamp":14527603603872,"circlet_count":0,"master_deck":["Strike_R","Strike_R","Strike_R","Strike_R","Strike_R","Defend_R","Defend_R","Defend_R","Bash","Perfected Strike","Searing Blow+4","Shockwave","Armaments+1","Impervious","Metallicize","Flex+1","Seeing Red+1","Impervious","Bludgeon","Pain","Normality","Pain","Limit Break+1","Flame Barrier"],"special_seed":0,"relics":["Burning Blood","Bird Faced Urn","Thread and Needle","Ice Cream","Magic Flower","Empty Cage","Brimstone","Calling Bell","Art of War","Letter Opener","Gambling Chip","Ornamental Fan","Smiling Mask"],"potions_floor_usage":[35,35],"damage_taken":[{"damage":15.0,"enemies":"Cultist","floor":1.0,"turns":5.0},{"damage":0.0,"enemies":"Small Slimes","floor":4.0,"turns":3.0},{"damage":0.0,"enemies":"2 Louse","floor":5.0,"turns":2.0},{"damage":68.0,"enemies":"3 Sentries","floor":6.0,"turns":9.0},{"damage":9.0,"enemies":"Gremlin Gang","floor":8.0,"turns":7.0},{"damage":8.0,"enemies":"Exordium Wildlife","floor":13.0,"turns":4.0},{"damage":6.0,"enemies":"3 Louse","floor":14.0,"turns":4.0},{"damage":34.0,"enemies":"Slime Boss","floor":16.0,"turns":11.0},{"damage":24.0,"enemies":"Spheric Guardian","floor":18.0,"turns":7.0},{"damage":5.0,"enemies":"Shell Parasite","floor":19.0,"turns":6.0},{"damage":46.0,"enemies":"Sentry and Sphere","floor":20.0,"turns":6.0},{"damage":8.0,"enemies":"Snake Plant","floor":21.0,"turns":4.0},{"damage":22.0,"enemies":"Centurion and Healer","floor":24.0,"turns":6.0},{"damage":31.0,"enemies":"Shelled Parasite and Fungi","floor":28.0,"turns":4.0},{"damage":1.0,"enemies":"Snecko","floor":30.0,"turns":4.0},{"damage":0.0,"enemies":"Chosen and Byrds","floor":31.0,"turns":4.0},{"damage":65.0,"enemies":"Collector","floor":33.0,"turns":10.0},{"damage":79,"enemies":"3 Darklings","floor":35,"turns":5},{"damage":4,"enemies":"Orb Walker","floor":41,"turns":4},{"damage":64,"enemies":"3 Darklings","floor":44,"turns":5}],"seed_played":"-3289435600833589930","potions_obtained":[{"floor":8.0,"key":"Block Potion"},{"floor":13.0,"key":"Poison Potion"},{"floor":14.0,"key":"EssenceOfSteel"},{"floor":16.0,"key":"PowerPotion"},{"floor":18.0,"key":"Fire Potion"},{"floor":21.0,"key":"AttackPotion"},{"floor":24.0,"key":"Weak Potion"},{"floor":33.0,"key":"SteroidPotion"}],"is_trial":false,"path_per_floor":["M","$","$","M","M","E","R","M","T","R","?","?","M","M","R","B",null,"M","M","M","M","$","R","M","R","T","R","M","?","M","M","R","B",null,"M","$","?","$","T","R","M","R","T","M"],"character_chosen":"IRONCLAD","items_purchased":["Brimstone","Metallicize","Limit Break","Flame Barrier"],"campfire_rested":5,"item_purchase_floors":[22,22,36,38],"current_hp_per_floor":[71,71,71,77,80,18,42,39,39,39,39,39,40,43,43,18,80,65,69,32,33,33,57,47,47,47,47,25,25,36,48,72,19,80,10,10,10,10,10,34,39,63,63,0],"gold":21,"neow_bonus":"ONE_RARE_RELIC","is_prod":false,"is_daily":false,"chose_seed":false,"campfire_upgraded":4,"win_rate":0,"timestamp":1565331788,"path_taken":["M","?","$","M","M","E","R","?","T","R","?","?","M","M","R","BOSS","M","?","M","M","$","R","M","R","T","R","M","?","?","M","R","BOSS","M","$","?","$","?","R","M","R","T","?"],"build_version":"2019-07-17","purchased_purges":1,"victory":false,"max_hp_per_floor":[80,80,80,80,80,80,80,80,80,80,80,80,80,80,80,80,80,80,80,80,80,80,80,80,80,80,80,80,80,80,80,80,80,80,80,80,80,80,80,80,80,80,80,80],"card_choices":[{"not_picked":["True Grit","Clash"],"picked":"Perfected Strike","floor":1.0},{"not_picked":["Spot Weakness","True Grit"],"picked":"Searing Blow","floor":4.0},{"not_picked":["Spot Weakness","Anger"],"picked":"Shockwave","floor":5.0},{"not_picked":["True Grit","Rampage","Shockwave"],"picked":"SKIP","floor":6.0},{"not_picked":["Thunderclap","Cleave","Wild Strike"],"picked":"SKIP","floor":8.0},{"not_picked":["Sentinel","Perfected Strike"],"picked":"Armaments","floor":13.0},{"not_picked":["Headbutt","Fiend Fire","Clash"],"picked":"SKIP","floor":14.0},{"not_picked":["Immolate","Offering"],"picked":"Impervious","floor":16.0},{"not_picked":["Iron Wave","Clothesline","Headbutt"],"picked":"SKIP","floor":18.0},{"not_picked":["Rampage+1","Perfected Strike","Iron Wave"],"picked":"SKIP","floor":19.0},{"not_picked":["Clothesline","Warcry","Perfected Strike"],"picked":"SKIP","floor":20.0},{"not_picked":["Power Through","Burning Pact","Hemokinesis+1"],"picked":"SKIP","floor":21.0},{"not_picked":["Dark Embrace","Pommel Strike"],"picked":"Flex+1","floor":24.0},{"not_picked":["Dropkick","Power Through"],"picked":"Seeing Red+1","floor":28.0},{"not_picked":["Clothesline","Wild Strike","Havoc"],"picked":"SKIP","floor":30.0},{"not_picked":["Havoc","Sword Boomerang","Twin Strike"],"picked":"SKIP","floor":31.0},{"not_picked":["Berserk","Immolate"],"picked":"Bludgeon","floor":33.0},{"not_picked":["Pommel Strike","Reckless Charge+1","Anger+1"],"picked":"SKIP","floor":35},{"not_picked":["Entrench","Searing Blow+1","Cleave+1"],"picked":"SKIP","floor":41}],"player_experience":525452,"relics_obtained":[{"floor":6.0,"key":"Thread and Needle"},{"floor":9.0,"key":"Ice Cream"},{"floor":34.0,"key":"Art of War"},{"floor":34.0,"key":"Letter Opener"},{"floor":34.0,"key":"Gambling Chip"},{"floor":39,"key":"Ornamental Fan"},{"floor":43,"key":"Smiling Mask"}],"event_choices":[{"damage_healed":0.0,"max_hp_gain":0.0,"max_hp_loss":0.0,"gold_gain":0.0,"event_name":"Big Fish","player_choice":"Box","floor":11.0,"gold_loss":0.0,"damage_taken":0.0,"relics_obtained":["Magic Flower"],"cards_obtained":["Regret"]},{"damage_healed":0.0,"max_hp_gain":0.0,"max_hp_loss":0.0,"gold_gain":0.0,"event_name":"Upgrade Shrine","player_choice":"Upgraded","floor":12.0,"gold_loss":0.0,"damage_taken":0.0,"cards_upgraded":["Searing Blow"]},{"damage_healed":0.0,"max_hp_gain":0.0,"max_hp_loss":0.0,"gold_gain":0.0,"event_name":"Duplicator","player_choice":"Copied","floor":29.0,"gold_loss":0.0,"damage_taken":0.0,"cards_obtained":["Impervious"]},{"damage_healed":0,"gold_gain":0,"player_choice":"Forge","damage_taken":0,"max_hp_gain":0,"max_hp_loss":0,"event_name":"Accursed Blacksmith","floor":37,"gold_loss":0,"cards_upgraded":["Limit Break"]}],"is_beta":false,"boss_relics":[{"not_picked":["Runic Cube","Pandora\u0027s Box"],"picked":"Empty Cage"},{"not_picked":["Busted Crown","Orrery"],"picked":"Calling Bell"}],"items_purged_floors":[2],"is_endless":false,"potions_floor_spawned":[8,13,14,16,18,21,24,33],"killed_by":"3 Darklings","ascension_level":0}